4500 5782
117 168 197 319 sor
365 207 392 229 ·’
687 226 1129 315 netsronasun
1177 228 1563 309 crs..tr.·-1os.s.
1945 314 1950 323 ,
2073 231 2140 305 ou

119 400 216 493 enim
243 400 350 473 arbor
369 397 573 497 fitstcrssts,
597 398 629 469 si
652 402 838 477 rooledicat
864 401 899 475 ei
919 399 1033 487 Deus,
1058 403 1106 473 ita
1156 396 1321 487 adhibet,
1336 403 1426 497 quia
1443 417 1595 475 oon-est
1608 418 1745 477 certum
1762 403 2143 494 remissionempeme·

119 517 246 575 natura
267 514 432 593 corrupta
447 513 500 571 cst
514 515 549 572 et
570 501 771 589 debilitata,
794 516 1022 597 posteaquam
1040 502 1107 573 filii
1155 515 1275 575 torum
1293 505 1380 576 alibi
1397 528 1484 592 esse,
1504 507 1570 577 ubi
1585 530 1651 577 uec
1663 507 1814 577 verbum
1834 529 1904 577 nec
1922 505 2067 595 sigum
2084 516 2143 581 tat.

107 605 193 705 'irae
208 604 291 676 lacti
305 624 438 677 sumus.
477 600 582 675 Nunc
597 604 703 675 redeo
718 606 763 675 ad
778 604 991 679 institutum.
1013 602 1107 699 'lle-
1155 588 1259 675 iisne
1269 601 1451 679 Ecclesiae
1464 608 1570 679 tidem
1587 608 1686 697 nulla
1703 630 1808 678 causa
1825 630 1975 700 prorsus
1992 618 2063 689 est,
2085 627 2143 683 cut

118 708 272 780 mittitur
296 719 476 798 peccatum
504 704 676 795 originale
704 707 920 792 infantibus,
958 706 1105 805 nonita
1144 705 1359 797 ¹improbent
1387 705 1668 803 Catabaptistae,
1707 732 1823 802 neque
1851 709 1953 777 enim
1983 718 2143 799 poterunt

108 823 161 901 ,ut
175 810 321 879 morbus
334 820 430 881 totus
444 806 560 877 statim
577 820 738 892 sanetur,
760 810 820 878 s'ed
835 808 1031 905 ignoscitur
1046 808 1106 892 eis,
1155 816 1315 901 unquam
1334 812 1520 881 ostendere
1537 812 1782 882 rendnionem
1802 824 2035 903 peccatorum
2052 821 2142 881 esan

118 936 165 983 ne
185 911 238 981 rei
258 905 456 985 habeantur
478 908 579 987 istius
595 902 771 1002 fpeccati,·.
788 933 871 992 seu,
906 922 947 981 ut
968 922 1105 983 veteres
1154 905 1349 981 Ecclesiam
1364 934 1450 1003 esse.
1502 911 1579 1002 Qui
1591 913 1771 1005 postulant
1784 927 1824 983 ut
1844 913 1967 983 denuo
1991 909 2142 1000 baptiso·

117 1013 332 1108 loquuntur,
355 1013 469 1081 donec
488 1008 526 1080 in
548 1004 613 1081 hac'
637 1024 741 1085 carne
764 1011 935 1098 vivimus,
960 1002 1106 1083 manent
1155 1034 1254 1097 mur,
1290 1007 1383 1083 bs‘nc
1409 1037 1520 1083 unam
1546 1028 1743 1108 sequuntur
1764 1037 1930 1096 cauum,
1963 1011 2051 1105 quia
2073 1032 2141 1085 nm

117 1116 235 1187 morbi
260 1112 450 1206 reliquiae,
483 1112 546 1181 sed
568 1127 685 1184 reatus
702 1114 856 1188 tollitur.
906 1112 1099 1204 Recipies.
1155 1112 1258 1183 liceat
1285 1115 1439 1185 infantes
1467 1117 1656 1207 baptisare.
1713 1111 1844 1208 =Atqui
1874 1138 1943 1184 nec
1980 1105 2141 1205 probibet

108 1232 178 1293 tur
194 1216 290 1300 enim
304 1211 501 1304 ingratiam
515 1214 624 1305 ,pueri
643 1228 679 1285 et
698 1216 962 1287 sanctificantur
981 1241 1001 1286 a
1015 1212 1103 1284 Deo.
1154 1214 1326 1307 scriptura
1339 1240 1399 1285 eos
1413 1217 1602 1307 baptizari,
1627 1230 1662 1288 et
1676 1212 1840 1288 Cbristus
1855 1227 2008 1286 testatus
2021 1226 2074 1283 est
2086 1235 2140 1281 eos

117 1318 220 1391 Sicut
246 1317 342 1386 enim
366 1316 412 1397 dc
434 1314 702 1387 circumcisione
726 1318 894 1409 scriptum
920 1332 986 1389 est:
1020 1312 1116 1386 Ero·
1154 1318 1200 1385 ad
1220 1340 1370 1407 regnum
1385 1316 1454 1387 Dei
1470 1319 1658 1410 pertinere.
1705 1316 1933 1390 ¹'lubet-enim
1953 1317 2002 1385 ad
2023 1338 2060 1385 se
2080 1315 2140 1385 ad-

115 1418 222 1491 Dcus
237 1442 376 1502 eorum,
403 1417 500 1509 quod
517 1430 584 1485 est:
616 1419 784 1509 recipiam
800 1444 859 1489 eos
881 1420 921 1488 in
945 1420 1103 1508 gratiam,
1152 1417 1256 1503 ferri,
1280 1419 1514 1490 dictantium
1539 1444 1612 1490 esse
1634 1443 1784 1509 regnum
1808 1420 2011 1502 coelorum,
2035 1415 2141 1504 signi-

115 1522 309 1601 custodiam
325 1542 403 1603 eos,
418 1531 453 1588 et
467 1519 692 1597 sanctificabo
708 1543 785 1605 cos,
804 1523 1009 1611 gubernabo
1025 1544 1101 1608 eos3
1152 1520 1233 1589 licat
1253 1521 1303 1589 eis
1324 1523 1484 1591 custodes
1508 1523 1651 1612 angelos
1678 1546 1751 1591 esse
1771 1523 1873 1591 datos
1894 1544 1915 1589 a
1936 1533 2057 1611 patre,
2092 1516 2140 1609 sic

114 1626 222 1707 itaet
240 1622 300 1705 isti
321 1621 422 1712 pueri
442 1614 793 1707 commendati-Deo,
817 1614 1038 1713 recipiuntur
1063 1624 1101 1695 in
1152 1622 1247 1689 enim
1271 1623 1406 1714 iuquit:
1431 1618 1571 1715 Apgsli
1591 1646 1712 1693 eorum
1734 1621 1775 1691 in
1793 1617 1903 1691 coelis
1921 1642 2064 1716 semper
2087 1617 2138 1685 oi-

106 1726 279 1815 gratiam,
324 1722 586 1807 sanctificantur
613 1736 647 1793 ct
679 1724 927 1795 custodiuntur
959 1750 981 1797 a
1009 1723 1099 1799 Deo.
1152 1716 1235 1790 dent
1247 1721 1388 1821 facum
1406 1722 1530 1822 petris
1546 1723 1619 1795 mei
1635 1724 1676 1794 in
1692 1722 1819 1805 coelis,
1844 1737 1930 1793 suut
1954 1719 2051 1793 haud
2074 1720 2140 1791 du·

113 1824 439 1921 Quanquamenim
456 1824 592 1897 ratione
611 1827 771 1899 nondum
793 1838 957 1911 utantur,
982 1840 1099 1919 tamen
1150 1824 1210 1893 bie
1227 1824 1292 1893 filii
1306 1824 1393 1910 Dei,
1414 1828 1477 1920 qui
1497 1828 1746 1898 custodiuntur
1768 1828 1814 1898 ab
1833 1825 1983 1915 angelis.
2041 1820 2140 1910 Quae

111 1931 221 2021 agitat
239 1951 300 1998 eos
317 1920 415 1997 Deus
435 1949 501 2017 pro
521 1924 627 1997 modo
648 1928 819 2018 ipsorum.
869 1928 959 1998 Nam
983 1952 1099 2021 neque
1150 1927 1305 1996 comita
1326 1928 1419 2012 sint,
1449 1952 1514 1999 cur
1533 1930 1726 2000 excludunt
1748 1953 1808 1999 eos
1830 1928 1891 1997 isti
1917 1928 1963 1997 ab
1984 1922 2141 1995 Ecclesia

111 2034 151 2101 in
173 2029 316 2101 senibus
334 2028 424 2097 ratio
447 2026 737 2108 elficitiustitiam
754 2025 1010 2115 Christianam,
1036 2032 1098 2101 sed
1150 2040 1223 2097 cta
1250 2031 1496 2116 sacramentis,
1530 2056 1611 2100 cnm
1637 2055 1711 2101 non
1738 2043 1874 2100 constet
1895 2027 2140 2097 remissionem

109 2132 207 2204 Deus
222 2130 349 2201 incutit
364 2153 489 2199 versun
501 2129 682 2215 timorem,
700 2145 735 2200 et
749 2132 903 2201 ostendit
916 2145 1097 2223 peccatum
1149 2144 1370 2221 pcccatorum
1392 2155 1482 2214 esse,
1518 2133 1583 2202 ubi
1603 2157 1669 2202 nce
1689 2134 1838 2202 verbum
1860 2140 1917 2201 cst'
1941 2152 2008 2199 nec
2028 2150 2140 2197 sacra-

108 2230 166 2304 bis
182 2256 270 2327 quos
283 2234 327 2313 ad
343 2231 597 2321 poenitentiam
612 2233 806 2318 revocavit,
831 2258 960 2326 eosque
975 2256 1098 2305 rurstrs
1140 2234 1320 2304 -r'nentum,
1369 2230 1462 2302 Cum
1477 2234 1588 2323 igitur
1601 2234 1701 2303 nulla
1718 2234 1765 2303 sit
1780 2256 1901 2316 causa,
1926 2223 1993 2301 tur
2007 2230 2140 2319 impro-

108 2361 173 2427 per
204 2334 310 2406 fidem
340 2333 451 2421 erigit·
472 2356 512 2403 ac
546 2332 744 2413 iustificat.-
789 2332 923 2411 Effecit
943 2335 1097 2427 Spiritus
1148 2334 1252 2403 betur
1270 2335 1465 2424 baptismos
1492 2336 1700 2420 infantium,
1725 2330 1818 2403 nihil
1839 2356 1984 2403 necesse
2006 2344 2060 2403 est
2080 2331 2139 2399 de-

109 2449 268 2520 sanctus,
293 2447 334 2504 ut
350 2434 496 2533 sentiret
514 2431 663 2537 loannes
682 2438 843 2521 noudum
867 2452 971 2513 natus
993 2462 1096 2529 praes
1148 2459 1220 2505 nuo
1240 2436 1432 2527 baptizari,
1458 2438 1518 2505 sed
1535 2437 1596 2530 qui
1614 2437 1795 2527 postulant
1818 2448 1859 2505 ut
1881 2438 2004 2505 denuo
2025 2432 2139 2522 bapti-

108 2540 256 2625 santiam
275 2531 420 2606 Christi.
472 2532 524 2604 lta
551 2537 759 2609 sanctificari
782 2538 956 2629 aSpiritu
976 2552 1095 2611 sancto
1145 2560 1284 2622 semor,
1310 2531 1348 2605 hi
1366 2538 1521 2627 cogitant
1537 2539 1752 2627 baptismum
1771 2538 1859 2607 certi
1877 2535 2033 2607 alicuius
2052 2547 2139 2603 tem-

108 2655 144 2711 et
163 2640 225 2709 alii
249 2638 400 2708 infantes
418 2636 518 2706 electi
533 2638 609 2707 sine
624 2639 772 2710 rationis
790 2641 1094 2732 auxiliopossunt.
1146 2641 1243 2729 poris
1274 2663 1363 2730 opus
1396 2662 1485 2723 esse,
1523 2640 1704 2723 videlicet,
1740 2663 1821 2709 cum
1849 2636 2011 2729 coeperis
2039 2656 2137 2725 agere

106 2740 289 2813 Hactenus
312 2740 356 2807 de
376 2737 565 2807 infantium
592 2740 766 2829 baptismo
785 2742 959 2814 diximus.
1023 2742 1093 2811 Pro
1145 2742 1400 2831 poenitentiam
1423 2754 1457 2809 et
1474 2745 1634 2824 credere,
1660 2755 1734 2810 tum
1757 2743 1903 2809 demum
1916 2740 2058 2809 iubent
2077 2737 2138 2805 ba-

106 2843 238 2938 quihus
251 2840 369 2933 inquit
381 2835 618 2929 Augustinus,
643 2836 724 2910 ideo
747 2835 986 2912 vehementius
1009 2866 1094 2912 con·
1145 2842 1273 2932 ptismo
1284 2844 1347 2923 uti,
1363 2856 1403 2911 ut
1417 2843 1556 2930 signum
1573 2866 1653 2912 cum
1668 2842 1786 2911 animo
1802 2841 2015 2911 consentiat,
2042 2837 2137 2927 Quid

107 2939 247 3017 tendere
275 2937 419 3029 debere,
457 2937 547 3038 prtia
569 2965 638 3038 pro
659 2956 697 3013 st
723 2941 816 3038 ipsis
841 2968 915 3015 non
937 2953 1092 3042 possunt
1143 2945 1281 3013 sacient·
1303 2944 1385 3014 isti?
1438 2943 1606 3013 Totiesne
1636 2944 1885 3034 baptizabunt,
1919 2940 2063 3035 quoties
2083 2963 2138 3009 re·

102 3042 232 3129 „elicere¹
290 3043 376 3127 Fuit
395 3056 514 3113 autem
539 3057 680 3115 nostrae
704 3046 983 3117 ratiocinationis
1007 3044 1092 3118 haec
1144 3046 1234 3136 lapsi
1254 3060 1364 3133 agunt
1380 3045 1657 3136 poenitentiam?
1708 3045 1778 3115 Sed
1804 3045 1847 3113 isi
1871 3068 1949 3113 non
1972 3042 2059 3111 satis
2076 3066 2137 3109 stc·

106 3173 252 3220 summa.
304 3142 395 3219 Cum
415 3145 574 3231 remissio
599 3140 823 3237 peccatorum
847 3150 1004 3233 nonsit,
1029 3151 1092 3221 ubi
1144 3171 1214 3240 que
1241 3147 1333 3236 signi
1358 3148 1533 3229 officium,
1570 3169 1686 3240 neque
1708 3146 1949 3236 poenitentiae
1973 3158 2134 3214 staturam

105 3277 170 3323 nec
192 3250 344 3333 verbum
369 3260 422 3316 est
447 3272 513 3317 nec
535 3261 821 3325 sacramentuma
835 3244 1019 3344 sequitur,
1051 3264 1092 3321 ut
1144 3249 1340 3337 intelligere
1364 3244 1453 3317 mihi
1472 3249 1655 3331 videntur,
1681 3248 1750 3336 ipsi
1769 3248 1871 3337 signa
1890 3241 2061 3316 adhiberi
2082 3268 2136 3313 ar·

106 3356 150 3423 ad
178 3352 260 3420 illos
292 3350 443 3418 infantes
469 3350 628 3421 remissio
655 3360 876 3441 peccatorum
906 3353 1091 3444 pertineat,
1143 3351 1343 3435 bitrantur,
1408 3364 1449 3419 ut
1489 3351 1562 3421 sint
1612 3348 1811 3420 testimonia
1858 3349 1947 3417 fidei
1997 3359 2134 3417 nostrae

106 3454 237 3548 quibus
253 3464 304 3520 cst
319 3444 520 3520 adhibitum
536 3465 809 3536 sacramentum,
834 3454 930 3546 quod
947 3468 1093 3525 testatur
1143 3453 1239 3543 apud
1264 3448 1438 3521 homines.
1497 3447 1547 3521 At
1569 3475 1635 3520 nos
1655 3474 1760 3540 supra
1789 3451 2002 3533 docuimus,
2039 3449 2133 3537 sigm

104 3554 283 3649 pertinere
300 3553 344 3620 ad
359 3551 602 3621 remissionem
619 3567 853 3642 peccatorum.
902 3552 951 3626 Et
967 3557 996 3623 si
1013 3556 1092 3648 quis
1139 3576 1218 3622 non
1234 3565 1371 3622 mutiam
1388 3577 1461 3621 esse
1481 3552 1681 3622 testimonia
1700 3553 1782 3621 fidei
1804 3564 1949 3621 nostrae
1970 3552 2133 3620 adversus

54 3708 59 3713 -
107 3656 296 3729 contendat
312 3666 569 3749 sacramentum
586 3676 660 3721 non
676 3678 749 3723 esse
768 3655 1090 3727 administrandum
1142 3652 1325 3738 homines,
1349 3657 1408 3724 sod
1425 3655 1554 3725 tradita
1570 3679 1661 3736 esse,
1682 3669 1721 3725 ut
1737 3653 1808 3723 sint
1821 3653 2029 3723 testimonia
2045 3652 2133 3721 disi-

106 3755 179 3842 his,
204 3757 266 3850 qui
282 3755 429 3825 verbum
444 3779 519 3823 non
533 3755 753 3843 intelligunt,
772 3769 834 3827 aut
848 3759 963 3829 solum
977 3782 1092 3841 sacra-
1144 3781 1210 3827 nae
1238 3756 1432 3826 voluntatis
1467 3779 1546 3844 erga
1578 3780 1663 3837 nos,
1704 3755 1793 3824 sicut
1822 3756 1944 3844 ipsum
1978 3755 2131 3824 verbum.

106 3872 266 3931 mentum
282 3880 358 3927 non
379 3856 574 3945 significare
594 3857 836 3935 remissionem
858 3873 1092 3948 peccatorum,
1144 3858 1244 3930 Sicut
1258 3857 1366 3947 igitur
1383 3858 1546 3928 doctrina
1562 3857 1695 3926 alicubi
1715 3855 1895 3946 praecedit
1916 3855 2130 3925 iustilieatio

107 3958 192 4032 huic
218 3958 417 4049 exemplum
445 3958 723 4028 circumcisionis
751 3973 973 4050 opponatur,
1003 3980 1092 4054 quac
1144 3983 1244 4043 nem,
1287 3960 1334 4029 ita
1358 3960 1495 4028 etiamsi
1522 3958 1717 4049 baptismus
1748 3958 1976 4047 praecederet
2006 3955 2128 4027 alicubi

107 4061 317 4154 significavit
338 4061 383 4129 ad
405 4059 557 4130 infantes
576 4059 724 4147 gratiam
740 4062 935 4151 pertinere,
954 4063 1094 4134 tametsi
1143 4061 1410 4152 poenitentiam,
1431 4074 1549 4130 tamen
1566 4083 1640 4128 non
1657 4071 1744 4129 esset
1756 4072 1945 4149 propterea
1962 4060 2129 4127 damnem

9 4168 21 4179 “
105 4167 255 4237 verbum
279 4163 441 4231 nondum
464 4162 719 4250 intelligerent,
756 4176 861 4255 atque
884 4157 951 4233 boc
975 4188 1093 4233 exem·
1143 4164 1222 4232 dus.
1277 4161 1392 4231 Multa
1409 4162 1552 4231 discunt
1570 4162 1700 4255 aliqui,
1721 4173 1912 4253 antequam
1927 4159 2130 4251 perveniant

106 4269 206 4359 plum
222 4277 369 4334 testatur
385 4264 496 4334 solius
515 4264 724 4347 sacramenti
742 4288 846 4334 usum
867 4265 1008 4336 alicubi·
1021 4289 1093 4337 esse
1143 4266 1189 4333 ad
1213 4263 1513 4347 iustificationem,
1545 4287 1633 4332 num
1654 4263 1802 4331 verbum
1828 4274 2019 4351 propterea
2040 4260 2128 4353 quod

80 4382 83 4387 '
107 4370 202 4461 apud
227 4389 305 4451 eos,
330 4367 393 4458 qui
415 4366 565 4436 verbum
585 4386 659 4445 nort
681 4366 897 4455 intelligunt.
933 4367 989 4439 -Si
1015 4369 1112 4460 quis·
1144 4366 1365 4451 didicerunt,
1389 4366 1517 4445 falsum
1539 4379 1605 4449 est,
1629 4377 1747 4433 auter
1760 4363 1880 4432 animo
1896 4360 2130 4432 eiiciendum?

108 4471 319 4556 interroget,
343 4466 432 4559 quid
447 4468 813 4558 conferat-baptismus
826 4468 968 4558 pueris?
998 4467 1093 4539 Huic
1144 4466 1197 4538 Ita
1213 4491 1278 4536 nec
1290 4466 1503 4556 baptismus,
1529 4465 1665 4534 etiamsi
1685 4476 1767 4533 ante
1787 4476 1929 4552 tempus
1945 4459 2132 4533 adbibere-

108 4571 324 4661 respondeo,
352 4570 446 4660 quod
471 4569 642 4659 significet
664 4570 707 4638 ad
732 4592 791 4639 eos
810 4570 986 4660 pertinere
1007 4592 1103 4661 pro-·
1143 4583 1222 4653 tur,
1247 4582 1431 4659 propterea
1451 4567 1651 4636 abluendos
1677 4566 1764 4649 erit,
1793 4559 1911 4633 nibilo
1935 4566 2037 4635 enim
2058 4587 2131 4633 ver-

107 4672 312 4743 missionem
335 4670 477 4759 gratiae.
524 4669 637 4740 Porro
660 4694 741 4739 cum
763 4694 837 4739 non
862 4672 909 4741 sit
932 4672 1091 4745 remissio
1143 4671 1230 4739 bum
1246 4670 1364 4738 minus
1380 4665 1799 4760 habetdignitatisquam
1816 4665 1974 4755 signum.
2026 4664 2131 4737 Porro

108 4786 348 4869 peccatorum,
379 4772 442 4842 ubi
472 4795 537 4840 nec
563 4773 711 4842 verbum
745 4796 809 4842 nec
836 4788 1091 4844 sacramentum
1143 4785 1184 4841 ut
1212 4771 1362 4840 verbum
1391 4772 1486 4864 qnod
1516 4769 1626 4837 semel
1653 4767 1831 4851 didicetis,
1875 4781 2003 4857 postea
2033 4767 2131 4837 auro

108 4891 177 4956 est,
202 4876 242 4945 fit
261 4887 301 4944 ut
315 4873 371 4941 illi
390 4886 652 4965 consequantur
669 4873 911 4944 remissionem
932 4888 1093 4965 peccato-
1143 4873 1329 4943 exsuscitat
1344 4886 1379 4942 et
1393 4872 1578 4942 confirmat
1591 4871 1715 4954 corda,
1740 4870 1790 4939 ita
1811 4869 1920 4938 etiam
1941 4868 2134 4961 baptismos

106 4988 207 5063 rom',
237 4974 368 5070 quibus
391 4987 646 5063 sacramentum
673 4970 881 5058 adhibetur,
914 4986 995 5045 nani
1018 4989 1092 5045 tota
1143 4975 1250 5043 semel
1278 4968 1459 5044 adhibitus
1490 4994 1555 5063 per
1580 4994 1722 5040 omnem
1744 4970 1855 5039 vitam
1877 4972 2072 5042 exsuscitat
2091 4970 2131 5039 sd

99 5078 265 5167 ¹Ecclesia
289 5078 401 5147 credit
416 5077 658 5147 remissionem
681 5089 903 5166 peccatorum
927 5073 984 5147 hic
1008 5098 1093 5162 esse,
1143 5076 1398 5166 poenitentiam
1416 5076 1518 5144 etad
1543 5074 1659 5145 fidem.
1711 5070 1833 5160 Quare
1856 5094 1933 5141 non
1955 5074 2003 5142 ad
2027 5094 2131 5143 unum

108 5181 172 5253 ubi
183 5182 332 5261 verbum
348 5204 388 5249 ac
400 5179 541 5269 signum
555 5192 617 5253 cst.
667 5174 717 5248 Et
731 5171 823 5246 hane
837 5178 1043 5268 iidem'prae
1054 5202 1091 5249 se
1142 5178 1288 5269 aliquod
1303 5189 1441 5267 tempos
1457 5177 1609 5266 pertinet
1626 5174 1838 5264 baptismus,
1862 5174 1957 5241 sieut
1972 5198 2042 5244 nec
2055 5196 2132 5266 poe·

105 5284 244 5368 serens,
276 5285 498 5353 commendat
520 5280 672 5349 infantes
693 5276 791 5363 Deo,
826 5278 908 5372 quia
928 5275 1092 5351 Christus
1142 5279 1291 5350 nitentia
1301 5279 1409 5348 unius
1419 5278 1568 5347 alicuius
1576 5275 1744 5367 temporis
1758 5288 1820 5358 est,
1837 5276 1900 5344 sed
1914 5298 1984 5365 per
1997 5296 2132 5357 omnem

105 5386 241 5480 inquit:
263 5379 383 5453 Sinite
392 5378 569 5480 porrulos
584 5374 641 5451 od
651 5402 707 5451 ms
724 5377 850 5451 venire.
886 5376 936 5451 Et
950 5383 1090 5477 signurp
1113 5454 1118 5466 ,
1141 5382 1251 5451 vitam
1267 5404 1348 5451 caro
1365 5378 1568 5461 mortificari
1583 5377 1709 5461 debet,
1732 5387 1769 5446 ct
1790 5376 1946 5447 carnalis
1970 5376 2130 5449 securitas
