4500 5782
105 220 189 305 sss
303 316 310 331 ,
671 204 1626 317 'untsrosaauss-mn.tusses.'
1725 175 1732 179 ’

96 408 175 473 tes,
200 394 354 463 sentiant
371 418 407 462 se
424 396 575 481 moneri,
595 358 795 469 utiliorum
810 396 999 467 dissimiles
1012 412 1098 468 'eva-
1155 397 1227 468 No.
1246 396 1332 471 tet.

107 492 209 580 dere,
251 508 287 565 et
317 497 362 565 ad
380 502 450 565 'res
476 497 574 587 publ.
601 498 809 575 modestiam
842 512 878 581 et
904 499 991 569 alias
1020 498 1098 567 vir·
1156 492 1326 565 ψ

106 609 200 679 tutes
213 594 351 667 adferre
368 600 542 683 studeant.
596 597 730 673 Valete.
1526 584 1763 675 Iudicium.

1219 754 1375 841 sperato
1393 784 1494 840 aarum
1515 786 1543 839 a
1561 786 1631 843 uit.
1653 788 1757 859 consa,
1776 788 1850 845 tarta
1873 790 1907 845 e.
1921 792 1943 846 t.
1969 811 1996 864 p.
2012 792 2072 867 ta,
2099 792 2141 865 qs

1255 873 1317 908 rere
1331 854 1400 908 nihil
1413 856 1493 924 dixit,
1508 857 1581 908 unde
1595 856 1662 909 illud
1677 858 1794 912 Hauserit
1810 870 1836 911 et
1853 866 1908 930 qua'
1924 862 1986 914 data
2004 860 2140 915 occasions

1254 923 1418 977 Melanthea
1437 923 1505 977 illud
1523 926 1577 977 scri
1596 925 1671 981 serit.
1714 928 1780 981 -Νεο
1796 927 2013 983 seeteatorfius
2033 929 2063 982 in
2085 928 2140 982 hist.

121 996 291 1075 Nattae,
492 978 497 987 '
926 1013 993 1075 „g
1009 1033 1099 1077 anno.
1255 990 1571 1065 tuumumiutquit
1618 995 1903 1068 terassonam.
1976 1062 1979 1071 Ι

118 1094 291 1149 Μ
441 1088 447 1105 .

921 1102 1093 1131 W

185 1170 191 1205 ι
487 1180 721 1271 lactatam.
840 1268 843 1273 ¹
1099 1170 1104 1179 ·
1246 1158 1540 1275 'Delmatae
1566 1116 2103 1283 restituissetare14'

122 1394 126 1399 ,
176 1390 180 1395 .
333 1316 336 1321 ’
415 1392 422 1407 ,
457 1392 465 1407 ‚
718 1394 725 1408 ,
964 1354 992 1379 .·
1152 1294 1250 1401 Tres
1270 1316 1419 1385 omnino
1437 1330 1588 1407 possunt
1608 1319 1798 1409 opiniones
1819 1320 1865 1388 de
1886 1318 2001 1390 Missa
2023 1340 2141 1391 reeen-

142 1404 146 1411 !
180 1390 806 1518 mii?:effissg'ssiii‘5¹²JJi'gn‘fJJ‘⁸¹¹‘¹³¹·
823 1395 856 1458 P·
871 1396 897 1455 1‘
912 1397 996 1471 ΜΟ·
1031 1399 1101 1489 ⁰⁰³⁸.
1154 1418 1240 1502 seri,
1261 1441 1301 1486 ae
1317 1418 1349 1486 si
1370 1418 1450 1510 quis
1469 1433 1634 1490 numerat
1655 1422 1794 1512 plures,
1826 1422 1910 1489 illae
1928 1436 2140 1493 tamen-non

215 1483 234 1518 n
350 1480 367 1534 p
545 1482 561 1534 ὅ
694 1501 702 1520 ⁸
1100 1544 1103 1549 ’
1155 1520 1348 1588 admodum
1372 1520 1573 1610 discrepant
1594 1523 1640 1591 als
1663 1519 1736 1606 his,
1769 1546 1858 1615 quas
1881 1545 1946 1611 ego
1972 1545 2141 1597 recenseo.

112 1646 301 1725 Iudicium
339 1645 384 1722 P.
408 1646 471 1722 M.
504 1648 559 1724 de.
576 1652 668 1724 eolis
697 1654 912 1728 monasticis
919 1686 933 1735 ;
969 1667 1017 1728 et.-
1051 1682 1102 1728 un
1153 1619 1201 1691 Et
1218 1621 1302 1714 qnia
1316 1644 1451 1690 ¹¹⁰¹¹¹²¹¹
1469 1623 2044 1715 sacrffiffifflnbidue¹¹⁸111'l’31111s
2067 1626 2141 1695 id&
2171 1616 2175 1621 ⁵

113 1752 324 1859 coniugium
350 1751 400 1823 sit
422 1750 684 1826 concedendum
712 1753 883 1855 puellae,
913 1782 1007 1857 quac
1028 1758 1104 1831 ali-
1155 1723 1284 1791 ⁰¹¹¹i⁸³⁰
1307 1723 1483 1792 v⁰⁰³b¹¹¹⁰
1514 1725 1559 1791 de
1583 1748 1621 1792 ¹²
1644 1727 1844 1817 l⁰q¹¹⁰¹¹¹¹ff⁰
1906 1725 2030 1795 Mle
2054 1727 2141 1795 0¹5³

298 1851 468 1953 quondm
491 1854 586 1928 ,5213
610 1857 650 1927 ἡ,
673 1859 924 1931 monasterio?
1154 1837 1276 1916 postea
1292 1824 1444 1912 intelligi
1458 1826 1614 1915 poterit,
1629 1829 1810 1919 quomodo
1825 1827 2022 1917 appellatio
2038 1828 2142 1899 saeri-

793 1947 795 1951 ’
1155 1925 1226 1994 licii
1250 1928 1424 2025 quadrare
1450 1926 1493 1993 ad
1518 1925 1665 1996 Missam
1694 1927 1823 2019 possit,
1846 1930 2045 2019 ¹quomodo
2074 1952 2140 1999 uon

113 2005 285 2099 Canones
308 2023 521 2117 permittunt
547 2026 747 2097 rescindere
768 2043 870 2115 vota,
907 2031 997 2100 faeta
1022 2036 1104 2101 ante'
1154 2026 1277 2119 possit.
1325 2023 1474 2119 Loquor
1489 2041 1607 2097 autem
1626 2052 1723 2098 nunc
1737 2052 1812 2098 non
1826 2030 1871 2096 de
1889 2030 2092 2101 canonibus
2108 2032 2140 2099 itt

111 2132 239 2201 iustam
258 2140 424 2210 aetatem,
449 2150 530 2195 cum
549 2144 718 2199 voventes
734 2132 896 2203 nondum
914 2140 1103 2224 potuerunt
1156 2127 1288 2212 Missa,
1309 2129 1368 2197 sed
1384 2131 1427 2197 de
1442 2127 1561 2198 Coena
1577 2127 1736 2203 Domini.
1777 2128 1868 2199 Nam
1884 2156 1966 2200 eum
1981 2131 2139 2202 deMissa

111 2231 288 2314 iudicare,
313 2253 359 2297 an
379 2241 493 2296 essent
510 2228 632 2298 idonei
653 2233 698 2299 ad
721 2257 829 2303 onera
850 2235 927 2304 voti
946 2235 1104 2306 ferenda.
1155 2231 1375 2322 disputatur,
1400 2232 1543 2320 proprie
1568 2233 1611 2300 de
1633 2256 1701 2302 usu
1717 2231 1856 2303 Coenae
1872 2229 2026 2303 Domini
2041 2257 2139 2328 quac-

112 2331 248 2402 Votum
266 2330 362 2401 euim
377 2330 483 2399 debet
499 2354 571 2399 esse
592 2331 758 2408 liberum.
809 2334 892 2406 Non
914 2349 966 2405 est
986 2349 1104 2406 autem
1156 2332 1265 2414 ritur,
1290 2355 1355 2399 cur
1371 2331 1416 2403 sit
1432 2332 1604 2402 instituta.

110 2434 256 2503 lilsertas
272 2432 311 2499 iu
325 2426 394 2517 his,
414 2431 476 2523 qui
492 2446 680 2523 parentum
694 2434 844 2527 imperio
867 2438 979 2527 magis
997 2422 1104 2531 quarn
1258 2431 1286 2505 l.
1318 2430 1585 2525 Primaopinio
1609 2447 1662 2503 est
1681 2429 1858 2520 Thomae‚
1900 2434 2001 2506 Scoti
2035 2450 2072 2506 et
2098 2437 2138 2504 si-

114 2559 176 2605 sua
190 2534 376 2617 ,voluntate
392 2533 535 2603 adducti
558 2549 700 2609 vovent.
752 2537 872 2627 Quare
895 2562 971 2608 non
988 2553 1106 2631 potest
1155 2535 1314 2617 milium,
1354 2536 1450 2627 quod
1479 2534 1589 2605 Missa
1621 2537 1669 2607 sit
1696 2560 1802 2626 opus,
1840 2540 1938 2629 quod
1962 2532 2138 2608 exhibetur

114 2635 265 2725 intelligi
288 2634 489 2724 legitimum
514 2645 637 2706 votum
659 2661 753 2724 esse,
790 2642 886 2732 quod
909 2665 986 2710 non
1006 2641 1103 2711 ultro
1154 2634 1249 2720 Deo,
1273 2658 1313 2703 ac
1328 2650 1483 2706 meretur
1500 2638 1648 2726 gratiam
1670 2638 1761 2706 vivis
1782 2662 1821 2707 ac
1840 2639 2008 2709 mortuis.
2057 2638 2136 2711 Nam

113 2750 313 2829 susceptum
346 2750 407 2808 est.
472 2730 563 2807 Non
595 2732 694 2807 debet
724 2738 869 2810 servari
894 2738 1104 2839 promissio,
1147 2733 1222 2807 'bec
1244 2736 1388 2828 proprie
1411 2752 1558 2808 vocatur
1582 2740 1811 2823 sacrificium,
1837 2764 1928 2831 opus
1942 2738 2022 2809 Deo
2047 2735 2138 2809 exhi·

112 2861 209 2939 quac
229 2835 309 2907 sinc
322 2845 467 2933 peccalo
486 2863 560 2908 non
579 2847 696 2937 polest
717 2840 868 2913 servari.
926 2844 985 2915 Sic
1008 2844 1103 2919 enim
1154 2840 1269 2908 bitum
1302 2839 1349 2906 ad
1383 2840 1595 2929 placandum
1628 2839 1763 2926 Deum,
1809 2864 1872 2909 seu
1910 2842 2136 2913 meritorium

80 2944 83 2951 ’
111 2938 276 3015 Canones
303 2942 440 3011 docent.
501 2941 622 3030 Quare
651 2944 682 3012 si
708 2946 788 3036 quis
817 2946 999 3017 continere
1030 2970 1104 3015 non
1154 2939 1251 3009 Haec
1266 2940 1388 3031 opinio
1405 2941 1556 3009 maxime
1573 2944 1670 3012 auxit
1688 2965 1878 3012 numerum
1895 2942 2136 3013 Missarumin

113 3056 248 3137 potest,
269 3043 474 3132 coniugium
488 3044 727 3133 amplectatur.
778 3045 852 3117 Nec
872 3049 964 3117 valet
982 3062 1104 3117 votum
1153 3040 1331 3123 Ecclesia,
1366 3056 1552 3136 postquam
1575 3044 1787 3134 disputatam
1816 3059 1887 3128 est,
1929 3058 2056 3115 utrum
2076 3067 2137 3115 utta

114 3161 237 3217 contra
257 3144 468 3235 scripturam
492 3145 633 3215 factum.
701 3147 885 3239 Scriptura
907 3163 1025 3219 autem
1047 3149 1103 3217 di·
1155 3143 1265 3213 Missa
1281 3143 1373 3211 dieta
1387 3168 1452 3233 pro
1468 3145 1630 3233 pluribus
1646 3148 1856 3215 tantundem
1875 3147 2009 3230 valeat,
2035 3168 2138 3239 quan·

114 3248 176 3317 cit:
202 3238 350 3315 Melius
365 3253 416 3313 cst
440 3243 571 3315 nubere
587 3272 699 3345 quam
721 3250 791 3318 uri.
843 3247 940 3319 Item
961 3257 1103 3334 nonest
1156 3261 1231 3315 tum
1246 3243 1404 3333 singulae
1420 3270 1486 3335 pro
1506 3247 1667 3334 singulis.
1718 3244 1787 3315 Hic
1807 3260 2001 3316 numerant
2020 3247 2139 3337 gradus

115 3341 439 3423 omnibusdatum.
490 3345 586 3437 Ergo
603 3352 798 3420 secundum
812 3354 1022 3443 scripturam
1041 3354 1104 3421 de-
1154 3347 1379 3416 meritorum:
1421 3348 1519 3415 aliud
1549 3360 1601 3415 est
1631 3347 1793 3436 generale
1823 3348 2011 3432 meritam,
2050 3349 2137 3417 aliud

114 3452 201 3521 beut
215 3448 419 3537 coniugium
433 3449 613 3538 amplecti,
638 3452 792 3545 quinon
814 3468 896 3524 sunt
916 3455 1038 3523 idonei
1058 3455 1102 3523 ad
1155 3449 1323 3539 speciale,
1354 3448 1452 3517 aliud
1476 3448 1777 3538 specialissimum.
1836 3447 1972 3518 Merito
1992 3448 2138 3541 generali

116 3551 340 3622 coelibatum.
398 3547 570 3619 Divinum
593 3567 816 3643 praeceptum
842 3569 891 3624 est
906 3546 958 3623 de
979 3556 1105 3625 coniu-
1155 3552 1279 3619 dicunt
1292 3549 1408 3617 valere
1419 3548 1566 3617 Missam
1580 3552 1711 3640 pariter
1726 3576 1790 3641 pro
1809 3552 1993 3618 omnibus:
2025 3552 2138 3620 dicunt

114 3654 192 3743 gio,
219 3665 253 3722 et
275 3673 384 3741 genus
409 3650 502 3720 vitae
531 3666 690 3723 sanctum
715 3668 750 3725 et
773 3653 861 3725 Deo*
874 3656 1015 3748 placens
1042 3669 1103 3730 est,
1135 3652 1239 3745 ‘item
1262 3650 1378 3719 valere
1402 3676 1465 3740 pro
1491 3665 1561 3721 tota
1584 3648 1760 3734 Ecclesia,
1799 3652 1936 3718 etiarnsi
1966 3654 2139 3721 celebrans

115 3752 237 3845 Quare
271 3766 454 3845 praecepto
483 3750 615 3824 Divino
649 3756 694 3824 de
723 3757 887 3846 coniugio
916 3759 1105 3830 dehebant.
1155 3777 1229 3822 non
1251 3752 1296 3820 sit
1315 3752 1354 3818 in
1375 3754 1485 3840 gratia
1501 3750 1580 3824 Dei.
1633 3753 1803 3837 Meritum
1823 3753 1949 3822 dicunt
1968 3754 2139 3844 specialis-

115 3856 278 3940 ohedire,
302 3853 363 3946 qui
380 3879 453 3922 non
467 3870 552 3926 suut
568 3856 686 3927 idonei
703 3859 747 3926 ad
762 3861 985 3929 coelibatum.
1030 3857 1103 3927 lam
1154 3856 1281 3923 simum
1303 3854 1383 3945 plns
1402 3855 1536 3937 valere,
1562 3854 1708 3942 singulis
1724 3853 1843 3922 Missis
1869 3855 2057 3927 celebratis
2080 3878 2138 3947 pro

117 3958 150 4028 si
163 3971 284 4029 votum
300 3955 490 4047 suscipitur
505 3952 570 4026 hac
587 3960 775 4048 opinione,
798 3963 894 4053 quod
912 3985 977 4052 per
993 3985 1102 4051 opera
1155 3956 1306 4045 singulo.
1357 3951 1412 4022 Ex
1437 3949 1493 4023 his
1519 3956 1665 4024 somniis
1690 3956 1798 4024 crevit
1820 3980 1991 4025 numerus
2019 3955 2139 4026 Missa-

117 4060 193 4131 voti
214 4058 362 4150 gratiam
387 4071 422 4127 et
448 4059 688 4129 remissionem
714 4075 937 4153 peecatorum
964 4087 1106 4153 prome·
1156 4083 1253 4141 rum,
1284 4070 1471 4127 creverunt
1495 4057 1742 4141 fundationes,
1776 4058 1864 4127 iusta
1890 4058 2076 4141 funebria,
2109 4069 2140 4126 et

117 4186 276 4246 reamur,
300 4183 375 4229 nou
392 4158 532 4250 placent
545 4157 621 4231 Deo
644 4163 706 4232 itta
723 4178 803 4233 vota
831 4178 892 4234 aut
918 4187 1024 4255 opera
1038 4189 1104 4234 vo-
1138 4161 1223 4228 ¹alia
1253 4157 1366 4225 matta
1398 4180 1525 4246 genera
1558 4158 1735 4226 venalium
1766 4156 1972 4230 Missurum.
2044 4153 2138 4229 Nihil

118 4279 246 4335 torum.
311 4260 405 4349 Quia
428 4285 491 4353 per
511 4263 616 4332 iidem
647 4264 686 4332 in
710 4260 895 4335 Christum
918 4267 1105 4358 consequi·
1155 4260 1333 4351 auspicato
1354 4258 1430 4331 lieri
1445 4261 1655 4353 putabatur,
1680 4260 1750 4328 nisi
1772 4283 1836 4350 per
1854 4259 2004 4329 Missam
2027 4261 2138 4352 placa·

116 4388 199 4434 mur
215 4362 374 4454 gratiam.
420 4360 525 4432 Item:
552 4356 717 4434 Frustra
733 4389 790 4434 me
805 4363 927 4436 colunt
943 4363 1107 4436 mundo·
1155 4376 1252 4435 retur
1266 4358 1374 4433 Deus.
1676 4440 1680 4447 Ι
1722 4436 1725 4441 ,

119 4462 168 4537 tis
189 4457 392 4537 hominum.
452 4459 549 4553 Ergo
571 4490 676 4557 opera
709 4469 865 4539 iuvetis
897 4471 1022 4553 electa,
1060 4471 1106 4538 ad
1256 4460 1354 4533 Haec
1369 4485 1478 4553 prava
1493 4464 1615 4554 opinio
1630 4457 1841 4555 reprehensa
1862 4476 1913 4532 est
1929 4488 1948 4532 a
1967 4457 2140 4533 Martiae

94 4568 391 4660 -promerendam
423 4567 590 4652 gratiam,
624 4567 766 4639 inutilia
795 4584 896 4656 sunt,
924 4585 958 4640 et
981 4571 1107 4661 displi-
1155 4558 1324 4635 Lathero
1351 4564 1395 4631 de
1422 4565 1547 4635 merito
1570 4563 1712 4649 Missae.
1778 4562 1906 4635 Utrum
1935 4565 2007 4635 alio
2037 4566 2139 4635 modo

120 4668 201 4740 cent
221 4667 309 4739 Deo.
371 4664 517 4737 Constat
546 4683 663 4739 autem
690 4670 864 4761 plurimos
893 4673 943 4742 ita
971 4672 1109 4762 ingredi
1158 4668 1268 4759 possit
1294 4689 1376 4735 esse.
1401 4666 1457 4733 vel
1485 4667 1557 4735 dici
1579 4666 1807 4749 sacrificium,
1848 4688 1923 4734 non
1951 4669 2138 4737 admodum

120 4768 351 4851 monasteria,
374 4780 413 4837 ut
433 4792 493 4858 per
514 4769 573 4839 illa
597 4795 701 4862 opera
718 4772 864 4861 gratiam
888 4798 1108 4867 consequan-
1158 4768 1362 4861 disputavit.
1436 4765 1553 4836 Facile
1593 4781 1708 4836 autern
1750 4780 1865 4857 potest
1904 4761 1991 4837 haec
2031 4770 2139 4861 prima

122 4889 192 4946 tur.
244 4869 362 4940 Multo
378 4870 497 4939 ntinus
513 4873 651 4960 placent
664 4871 759 4956 Deo,
785 4875 845 4966 qui
867 4876 929 4944 illa
950 4892 1029 4947 vota
1055 4877 1109 4945 sa-
1159 4871 1280 4962 opinio
1309 4872 1354 4939 de
1371 4871 1509 4938 ,merito
1540 4868 1671 4937 Missae
1705 4867 1892 4939 confutari.
1970 4868 2013 4939 si
2044 4870 2140 4941 iusti·

124 4974 221 5044 ciunt
238 4986 382 5064 propter
402 4971 535 5041 victum
551 4973 736 5045 lautiorem
753 4978 1005 5067 quaerendum.
1049 4977 1109 5047 ste
1159 4975 1205 5043 tia
1231 4986 1283 5042 est
1309 4996 1349 5041 er
1379 4970 1465 5039 fide:
1518 4993 1599 5059 ergo
1626 4985 1777 5040 nonest
1806 4995 1848 5039 ex
1875 4993 1982 5060 opere
2006 4970 2139 5043 Missae

124 5076 232 5167 igitur
247 5073 385 5159 iudico,
412 5074 441 5142 si
455 5075 517 5143 illa
530 5075 647 5165 puelle
664 5075 763 5167 cupit
783 5077 901 5147 vivere
923 5078 962 5147 in
984 5079 1109 5149 coniu-
1158 5074 1410 5167 Unusquisque
1454 5095 1516 5141 sua
1553 5070 1623 5139 fide
1662 5072 1886 5141 iustificetur:
1940 5094 2026 5161 ergo
2071 5096 2140 5142 non

123 5176 201 5273 gio,
227 5176 399 5247 nonlicet
415 5175 447 5245 ei
464 5171 652 5272 prohibere
668 5177 884 5270 coniugium.
1158 5177 1366 5247 iustificetur
1399 5174 1517 5242 alieno
1547 5196 1653 5263 opere
1684 5174 1830 5242 velsero
1860 5196 1979 5263 opere.
2017 5236 2021 5243 .
2047 5172 2140 5257 Item,

1160 5279 1192 5347 si
1232 5272 1301 5348 hoe
1341 5299 1447 5367 opus
1471 5275 1603 5344 Missae
1646 5298 1744 5344 nunc
1788 5275 1947 5366 primum
1992 5290 2142 5345 meretur

1159 5379 1402 5451 remissionem
1439 5389 1682 5471 peecatorum,
1727 5378 1906 5471 sequitur,
1946 5378 2140 5469 passiomn
