4508 5782
174 196 256 293 XCV·

228 394 393 487 scriptae,
422 392 565 484 duoque
592 349 750 461 iarmina
774 388 912 479 minora
939 374 1168 482 autographa,

227 520 317 589 quae
333 516 429 565 nunc
446 494 606 584 primurn
618 491 841 605 pgodierunt.
864 494 879 537 ¹

202 610 270 710 25)
294 611 384 683 Cod.
393 607 503 681 Goth.
517 635 615 679 num.
625 602 710 679 884.
725 610 761 678 in
780 610 852 694 101,
866 608 924 679 0οἱ
935 609 1058 680 insunt
1068 609 1168 679 viro-

112 795 114 800 ,
227 740 308 786 rum
325 715 501 785 clarorum
515 710 687 781 sec.XVl.
703 711 869 802 epistolae
885 713 929 779 ad
941 709 1076 782 lustum
1086 710 1167 780 Mc-

228 819 349 900 nium‚
376 829 409 884 et
426 814 523 883 iniis
548 837 605 882 sex
628 826 762 903 autogr.
778 808 1022 882 Melanthonis
1042 826 1076 882 et
1097 825 1167 882 tres

227 917 425 1007 Crucigeri,
451 940 540 1007 quae
560 933 656 984 nune
672 915 827 1005 primum
844 914 956 983 editae
972 928 1065 983 sunt.

202 1034 270 1131 26)
296 1026 425 1105 Codex
448 1026 598 1125 Langi,
633 1026 761 1115 Goth,
781 1055 893 1099 num.
923 1028 1007 1099 399.
1038 1032 1075 1099 in
1105 1005 1167 1098 fot]

228 1135 343 1207 Habet
364 1134 449 1205 solia
470 1132 545 1203 277
576 1157 646 1201 una
676 1133 867 1224 eademque
894 1156 1003 1199 manu
1035 1132 1168 1224 ubique

226 1238 365 1330 scripta.
416 1235 561 1305 Notavit
575 1234 703 1326 aliquis
718 1234 756 1302 in
771 1235 883 1323 prima
901 1233 1046 1322 pagina,
1070 1227 1168 1302 hunc

228 1341 305 1409 cod.
335 1333 522 1408 albanae
546 1330 703 1426 Longo,
743 1330 907 1423 theologo
934 1331 1167 1418 Ersordiensi,

227 1441 341 1510 amico
364 1433 512 1509 Lutheri
536 1451 570 1507 et
590 1430 851 1514 Melanthonis,
885 1437 1053 1528 scriptum
1077 1459 1165 1521 esse3

228 1545 287 1611 sed
303 1541 455 1610 erravit:
485 1536 620 1607 Eadem
636 1538 731 1606 enim
745 1561 855 1606 manu
873 1537 978 1606 etiam
995 1538 1166 1628 descripta

229 1656 311 1712 sunt
327 1638 423 1710 haud
439 1664 546 1731 pauca
568 1652 647 1730 post
666 1653 813 1707 mortem
830 1636 953 1726 Langi.
1003 1637 1080 1708 lmo
1104 1639 1166 1731 qui

230 1769 308 1813 enm
332 1742 538 1833 conscripsit
560 1740 683 1831 primis
704 1752 795 1808 certe
811 1739 939 1808 litteris
960 1765 994 1830 p.
1009 1736 1068 1809 35.
1082 1764 1165 1831 pro-

229 1850 340 1915 lessus
360 1857 409 1912 est
423 1868 525 1912 sunm
550 1865 698 1924 nomen,
719 1841 883 1909 videlicet
899 1835 935 1914 I.
950 1837 990 1913 S.
1006 1835 1051 1913 Α.
1101 1838 1167 1910 Est

229 1961 346 2018 autem
370 1940 427 2012 hic
449 1946 526 2013 cod.
546 1942 758 2034 amplissima
784 1943 917 2034 sylloge
941 1942 1166 2033 epistolarum

228 2048 378 2118 maxime
395 2044 445 2115 lo.
459 2045 580 2134 Laugo
597 2043 864 2134 inscriptorum,
890 2067 977 2135 quas
991 2039 1086 2134 haud
1100 2047 1169 2111 du-

136 2208 138 2213 ,
229 2151 287 2219 bie
299 2173 339 2218 ex
355 2141 581 2238 autographis
596 2144 680 2236 ipsis
696 2168 818 2213 omnes
836 2144 874 2212 in
888 2169 1001 2215 unum
1017 2144 1084 2214 sibi
1103 2169 1168 2212 vo-

230 2253 352 2321 lumen
369 2248 604 2338 transscripsit
620 2241 729 2314 hnmo
747 2247 892 2338 quidam
914 2247 1048 2316 doetus.
1097 2245 1168 2317 Le-

229 2364 362 2443 guntur
381 2351 420 2418 in
443 2373 483 2416 eo
512 2346 549 2442 1)
566 2345 721 2437 LXVlll
741 2349 908 2439 epistolae
923 2342 1167 2417 Melanthonis

205 2468 387 2543 ,tempore
407 2450 502 2519 exilii
522 2449 577 2518 sui
594 2445 669 2541 (an.
688 2444 803 2546 1547)
824 2450 990 2541 scriptae,
1016 2474 1167 2543 quarum

231 2555 362 2623 multae
383 2575 479 2621 nunc
501 2552 657 2643 primum
680 2551 793 2619 editae
821 2566 920 2638 sunt,
951 2577 985 2644 p.
1012 2551 1167 2634 1-21;

231 2653 273 2750 2)
299 2656 470 2746 quaedam
495 2653 582 2733 alia,
609 2651 712 2719 etiam
734 2653 907 2738 carmina,
932 2678 966 2744 p.
981 2655 1085 2725 22-
1099 2654 1166 2736 81;

195 2762 198 2767 ’
232 2755 273 2846 8)
298 2759 475 2825 decretum
499 2754 637 2848 Synodi
661 2752 893 2823 'l'ridentinae
921 2755 964 2823 de
996 2753 1169 2825 iustifica-

231 2858 347 2941 tione,
373 2859 539 2937 adversns
555 2855 649 2947 quod
667 2851 880 2925 Melanthon
901 2857 1055 2947 scripsit,
1073 2881 1108 2948 p.
1119 2855 1169 2928 82

220 2957 356 3043 „423
396 2954 439 3053 4)
460 2955 663 3025 'admonitio
684 2969 830 3046 paterna
851 2954 955 3027 Pauli
979 2954 1060 3042 lll.,
1090 2955 1169 3027 Ro-

230 3060 329 3129 mani
350 3058 479 3129 Pontii.
509 3060 553 3126 ad
575 3054 744 3128 Carolum
767 3056 831 3143 V.,
869 3057 1054 3129 Caesarem
1089 3084 1168 3128 cum

230 3158 393 3242 scholiis,
418 3184 525 3251 quae,
550 3172 591 3227 ut
609 3159 822 3251 adscriptum
842 3173 893 3229 est
916 3159 1086 3250 margini,
1112 3156 1169 3228 Io.

231 3253 387 3335 Caluini
408 3285 479 3328 esse
501 3261 730 3350 putabantur,
756 3286 789 3351 p.
808 3258 991 3347 42-543
1028 3258 1071 3352 ὁ)
1094 3263 1170 3354 0ρί-

233 3362 343 3437 stolae
362 3363 559 3444 variorum,
586 3360 690 3430 etiam
712 3362 851 3455 aliquae
866 3358 1017 3433 Lutheri
1039 3378 1072 3432 et
1088 3362 1167 3432 Me-

233 3458 430 3557 lanthonis,
473 3467 554 3553 pag.
575 3455 759 3547 55-65;
809 3462 851 3557 6)
881 3477 956 3532 acta
988 3462 1170 3558 Colloquii

131 3642 135 3653 Ι
235 3564 534 3646 Wormatiensis‚
559 3587 594 3654 p.
609 3558 789 3647 65-783
823 3561 866 3657 7)
891 3562 1169 3636 carminaetva-

233 3669 304 3746 ria,
330 3689 364 3756 p.
379 3662 558 3747 79—853
586 3665 625 3756 8)
643 3663 771 3755 scripta
787 3665 882 3734 varia
897 3662 1064 3752 Lutheri,
1089 3667 1170 3736 Me-

234 3761 432 3849 lanthonis,
458 3763 574 3847 Galli,
597 3763 791 3835 1101εά001ὶί
805 3778 887 3851 ete.,
912 3791 946 3857 p.
960 3764 1067 3837 85-
1080 3769 1170 3853 tts;

221 3867 276 3964 ¹ll)
302 3868 468 3959 epistolae
496 3861 664 3950 Lutheri,
703 3865 884 3961 Myconii,
916 3865 1171 3955 Melanthonis,

233 3967 445 4052 camerarii,
485 3965 666 4051 Marcelli,
706 3964 847 4037 Erasmi
891 3966 1035 4055 Roter.,
1079 3968 1171 4039 Eob.

234 4069 354 4154 Hessi,
383 4068 539 4159 stigetii,
565 4065 690 4149 lonae,
717 4068 911 4161 Spalatini,
937 4070 1170 4166 aliorumque,

234 4175 308 4243 lere
323 4194 446 4241 omnes
464 4168 513 4238 lo.
526 4168 649 4259 Lango
666 4170 871 4262 inscriptae,
896 4196 1047 4264 quarum
1064 4175 1172 4242 mini-

235 4297 292 4343 ma
318 4297 398 4364 pars
420 4272 514 4340 edita
530 4294 603 4340 esse
621 4270 779 4357 videtur,
811 4296 844 4363 p.
869 4271 1096 4349 114-277.
1123 4315 1167 4330 -

235 4374 466 4465 Conscriptus
490 4385 541 4440 est
563 4373 672 4442 codex
694 4373 810 4443 seculo
825 4371 943 4459 xvl..
968 4376 1028 4444 sed
1050 4390 1173 4447 auctor

236 4469 453 4566 autographa
469 4498 543 4542 non
559 4473 691 4567 ubique
709 4475 793 4545 satis
806 4489 965 4546 accurate
979 4478 1173 4569 descripsit.

211 4606 278 4701 27)
303 4606 393 4679 Cod.
415 4601 524 4676 Goth.
546 4631 643 4680 num.
666 4606 753 4677 400.
776 4608 815 4677 in
839 4610 900 4678 fol.
949 4607 1015 4681 Est
1038 4635 1175 4703 mappa,

238 4711 296 4781 cui
326 4709 461 4778 inclusa
491 4724 574 4780 scint
601 4706 655 4778 Xl
680 4707 896 4802 autographa
918 4707 1175 4797 Melanthonis,

238 4804 619 4903 GeorgioAgricalae,
631 4811 843 4898 gubernanti
859 4806 1014 4883 scholam
1022 4810 1177 4883 Amber-

236 4936 381 5005 gensem
399 4911 586 5001 iuscripta,
617 4925 652 4982 et
674 4913 767 4982 edita
791 4912 981 4985 aPeucero
1009 4916 1048 4983 in
1067 4916 1175 4985 altero

238 5017 333 5084 libro
356 5013 582 5104 epistolarum
600 5007 694 5080 Phil.
711 5009 886 5083 Melanth.

211 5148 278 5239 28)
303 5145 392 5218 Cod.
407 5141 516 5229 Goth.
533 5169 630 5214 num.
644 5142 730 5215 401.
745 5147 784 5215 in
798 5148 859 5217 lol.
879 5150 927 5216 sic
946 5150 1149 5241 inscriptus:

289 5245 499 5340 „Epistolae
515 5245 559 5317 D.
574 5242 734 5337 Philippi
751 5245 995 5320 Melanthonis
1012 5252 1051 5318 in
1071 5252 1175 5321 exilio

288 5350 485 5441 „scriptae,
516 5374 597 5420 cum
622 5347 768 5442 Sarepta
788 5347 1053 5443 Theologorum
1076 5351 1176 5425 vite-

958 186 1429 297 rnarnonuuux.
1530 216 1533 221 ·
1571 168 1582 176 “

2070 196 2073 210 1
2113 244 2206 301 xcvt

1317 394 1452 485 „berga
1481 393 1686 483 cingeretur
1707 396 1895 467 obsidione
1922 421 1943 467 a
1964 388 2106 470 Carolo
2131 394 2205 468 lm-

1307 509 1505 586 „‚peratore
1521 490 1771 578 etMauritio,
1797 500 1886 568 duce
1896 488 2080 574 Senoniae.
2116 496 2205 572 Item

1318 594 1576 689 „Colloquinm
1604 593 1881 695 Marpurgense
1909 626 1988 671 cum
2008 586 2098 672 xaliis
2125 601 2206 694 qui-

1316 701 1493 784 „busdam
1511 700 1666 790 epistolis
1674 697 1717 768 l).
1732 696 1890 793 Philippi
1900 699 2075 774 Melanth.
2117 700 2206 773 Item

1317 801 1553 884 „collectanea
1579 824 1619 870 ex
1643 801 1855 872 lectionibus
1879 799 2058 896 Philippi,
2091 803 2203 874 conti*

1318 902 1468 987 „nentia
1488 927 1629 995 quoque
1651 903 1777 972 itinera
1794 902 1908 973 Pauli.
1959 903 2048 975 Item
2064 903 2207 976 Catale-

1320 1027 1411 1093 „gus
1426 1001 1653 1073 Cometarum
1669 997 1788 1071 Pauli
1800 1001 1934 1085 Eberi‚
1961 1021 1994 1076 et
2012 1006 2082 1075 alia
2099 1031 2207 1100 quae-

1317 1107 1425 1188 „dam
1443 1099 1691 1194 pulcherrima.
1726 1102 1759 1177 J.
1768 1102 1808 1175 C.
1822 1106 1867 1180 V.
1882 1104 2166 1177 MDXLVllll.”

1268 1203 1448 1274 Plurimae
1469 1206 1569 1297 epist.
1589 1200 1784 1289 Melanth,
1818 1233 1907 1300 quae
1928 1209 1967 1276 in
1983 1204 2060 1278 'hoc
2087 1209 2207 1278 codiee

1268 1302 1462 1390 habentur,
1489 1307 1602 1376 editae
1614 1309 1683 1376 iam
1702 1320 1803 1392 sunt,
1831 1311 1968 1403 luitque
1985 1309 2048 1403 qui
2065 1333 2124 1379 eas
2146 1312 2209 1378 de-

1268 1409 1407 1500 scripsit
1429 1432 1494 1478 nec
1516 1409 1599 1477 satis
1622 1409 1824 1496 religiosus,
1856 1436 1967 1504 quum
1996 1406 2095 1481 haud
2126 1435 2206 1481 raro

1268 1534 1358 1604 quae
1385 1509 1452 1602 ipsi
1476 1511 1577 1601 parvi
1600 1510 1772 1580 momenti
1795 1511 2020 1599 viderentur,
2049 1525 2208 1604 praeter-

1266 1611 1420 1694 miserit,
1444 1635 1508 1680 nec
1532 1612 1614 1680 satis
1635 1614 1776 1697 doctus,
1802 1627 1835 1682 et
1851 1638 2056 1704 graecarum
2071 1614 2209 1683 littera-

1267 1737 1348 1782 rum
1371 1736 1496 1804 partam
1521 1736 1668 1802 gnarus,
1701 1738 1809 1807 quare
1834 1738 1955 1804 graeca
1979 1730 2040 1785 aut
2063 1738 2209 1806 prorsus

1267 1813 1520 1906 praetermisit,
1543 1829 1603 1889 aut
1618 1814 1743 1882 misere
1759 1816 1916 1907 depinxit
1933 1829 1967 1883 et
1984 1817 2207 1886 deformavit.
2246 1842 2248 1849 ¹

1267 1912 1313 1983 Iu
1333 1915 1421 2000 fine,
1453 1915 1537 1983 inde
1561 1940 1581 1984 a
1603 1939 1680 2006 pag.
1700 1914 1788 1989 237.
1811 1917 1880 1986 alia
1902 1943 2010 1987 manu
2034 1917 2208 2009 descripta

1266 2017 1433 2106 leguntur
1447 2017 1618 2109 quaedam
1631 2011 1885 2103 Melanthonis,
1903 2014 2063 2103 Lutheri,
2083 2015 2209 2102 Atesii,

1268 2115 1444 2206 Strigclii‚
1477 2115 1610 2202 llacii,
1643 2118 1876 2211 aliorumque.

1241 2217 1309 2315 29)
1334 2216 1423 2288 Cod.
1447 2213 1556 2290 Goth.
1580 2216 1787 2289 0001402.
1816 2220 1938 2289 insol.
1961 2219 2208 2313 antiquissima

1267 2319 1540 2409 manuscriptus
1557 2333 1590 2388 et
1605 2320 1811 2413 inscriptus:
2175 2390 2181 2409 ,

1318 2419 1503 2510 „Farrago
1528 2421 1726 2491 litterarum
1742 2423 1789 2492 ad
1802 2420 1934 2491 amicos
1955 2406 2209 2524 0000110ου10-

1318 2548 1427 2607 „rum
1452 2523 1491 2590 in
1514 2547 1635 2594 mensa
1654 2521 1743 2594 Rev.
1756 2521 1850 2592 Patr.
1866 2521 1910 2593 D.
1927 2522 2035 2594 Mart.
2047 2521 2210 2609 Lutheri,

1317 2647 1462 2709 „sacrae
1480 2620 1586 2693 theol.
1603 2624 1786 2694 doctoris.''

1265 2721 1522 2817 Complectitur
1549 2722 1624 2795 474
1651 2726 1736 2795 solia
1765 2725 1837 2794 sive
1868 2721 1943 2795 948
1971 2726 2137 2818 paginas,
2169 2729 2204 2797 iu

1267 2827 1397 2919 quibus
1412 2828 1578 2915 leguntur
1594 2827 1688 2897 dicta
1710 2843 1744 2898 et
1765 2824 1895 2897 iudicia
1911 2823 2061 2898 Lutheri
2083 2852 2210 2900 seeun-

1268 2931 1354 2996 dum
1369 2922 1537 3023 10000(οῑ
1552 2925 1692 3026 dicunt)
1715 2928 1900 3019 disposita,
1927 2930 2057 3022 quibus
2079 2931 2208 3022 passim

1268 3029 1373 3098 etiam
1390 3032 1562 3122 quaedam
1585 3029 1750 3121 epistolae
1767 3027 1853 3102 Met.
1875 3030 2026 3100 insertae
2048 3046 2149 3118 1001,
2176 3046 2210 3102 01

1269 3133 1439 3223 quaedam
1461 3131 1536 3201 eius
1557 3130 1699 3200 iudicia.
1747 3130 1864 3201 Pauca
1883 3155 2003 3200 eorum
2020 3155 2118 3202 nunc
2138 3133 2210 3224 pri·

1268 3255 1366 3302 mum
1390 3232 1483 3301 edita
1504 3246 1597 3302 sunt.
1648 3229 1767 3304 Codex
1784 3256 1869 3301 vero
1892 3234 1938 3302 ob
1962 3232 2210 3327 antiquitatem

1269 3333 1337 3403 lide
1356 3334 1592 3422 dignissimus.
2197 3323 2203 3338 ¹

1242 3431 1308 3531 30)
1334 3432 1422 3503 Cod.
1453 3430 1561 3504 Goth.
1596 3458 1694 3508 num.
1719 3431 1805 3506 404.
1834 3434 1960 3508 insol.
1997 3448 2049 3505 est
2076 3436 2210 3530 sylloge

1269 3535 1566 3627 praestantissima
1585 3535 1811 3626 epistolarum
1835 3531 2041 3628 atxtograph
2054 3534 2210 3620 Caluini,

1269 3635 1398 3722 Bezae,
1421 3634 1638 3726 Bullingeri,
1664 3637 1896 3728 aliorumque.
1953 3634 2082 3708 Insunt
2105 3630 2210 3707 etiam

1271 3738 1430 3832 quinque
1454 3732 1672 3829 autographa
1692 3753 1726 3809 et
1750 3741 1821 3808 duo
1842 3733 2043 3830 apographa
2065 3737 2210 3809 Melan-

1183 3862 1189 3905 :
1270 3832 1401 3912 thonis.

1246 3933 1428 4034 31-35)
1454 3936 1603 4008 Codices
1625 3935 1677 4006 lv
1697 3932 1875 4022 Gothani,
1901 3961 1999 4007 num.
2015 3934 2103 4008 451.
2125 3937 2211 4011 452.

1271 4039 1348 4114 453
1360 4057 1398 4142 et
1411 4038 1496 4112 454.
1518 4042 1556 4109 in
1572 4041 1650 4124 101,
1675 4064 1765 4132 quos
1780 4039 2095 4110 Seckendorlianos
2113 4041 2210 4108 dixe-

1270 4143 1351 4211 rim.
1408 4140 1603 4213 Continent
1622 4141 1716 4209 enim
1742 4135 1943 4233 apographa
1967 4141 2083 4208 omnis
2104 4165 2210 4231 gene-

1271 4244 1339 4328 ris,
1365 4266 1455 4336 quae
1468 4240 1561 4311 Clar.
1578 4241 1849 4313 Seckendorlius
1869 4264 1910 4332 ex
1930 4238 2158 4311 bibliothecis
2179 4257 2212 4312 et

1272 4344 1456 4414 tabulariis
1472 4345 1540 4412 sibi
1562 4344 1789 4412 describenda
1814 4343 1966 4425 curavit,
1992 4367 2104 4435 quum
2125 4344 2212 4412 scri-

1273 4461 1398 4538 pturus
1419 4449 1507 4514 es'set
1529 4440 1713 4513 historiam
1737 4440 2011 4514 Lutheranismi.
2068 4443 2211 4533 Legun-

1274 4559 1333 4615 tur
1352 4542 1411 4615 hic
1433 4547 1552 4616 omnia
1573 4542 1723 4616 Lutheri
1747 4560 1782 4615 et
1803 4540 2047 4614 Melanthonis
2071 4547 2212 4636 scripta,

1275 4671 1364 4740 quae
1376 4647 1626 4718 Seckendorbo
1642 4647 1746 4715 missa
1763 4660 1845 4716 sunt
1861 4671 1901 4714 ex
1916 4644 2213 4716 tabularioVina·

1274 4749 1403 4833 riensi,
1430 4762 1580 4840 suntque
1609 4761 1767 4817 accurate
1791 4749 1981 4838 descripta,
2006 4759 2057 4824 et,
2081 4761 2123 4816 ut
2149 4750 2213 4817 do·

1275 4863 1355 4919 cent
1371 4851 1633 4918 emendationes
1645 4848 1884 4918 Seckendorfii
1909 4848 2170 4933 manufactae,
2195 4874 2213 4917 a

1275 4950 1524 5020 Seckendorbo
1550 4975 1630 5018 cum
1658 4944 1884 5041 autographis
1912 4949 2048 5019 collata.
2105 4946 2212 5020 Haud

1276 5077 1383 5142 pauca
1392 5046 1637 5121 Melanthonis
1655 5077 1695 5120 ex
1710 5053 1754 5119 iis
1766 5050 1940 5134 dedimus,
1955 5073 2045 5142 quae
2058 5047 2217 5121 Secken-

1276 5154 1425 5237 cloelius,
1449 5154 1556 5221 nimis
1578 5153 1736 5221 intentus
1755 5153 1792 5221 in
1807 5146 1956 5221 Lutheri
1971 5150 2120 5241 scripta,
2146 5154 2218 5220 mi-

1275 5278 1343 5322 nus
1373 5255 1528 5339 curavit,
1553 5253 1609 5323 vel
1634 5279 1785 5346 qttorutu
1804 5266 1944 5326 tantum
1967 5267 2218 5342 argumentum

1275 5357 1460 5425 recensuit.
1856 5368 1863 5383 ·
1957 5384 1961 5389 ’
