4500 5782
110 211 177 287 stt
476 188 481 223 ¹
549 274 552 279 ,
690 196 1545 301 EPrSTOLARtJMLlntl.152⁰.
1780 168 1783 177 ’
2058 144 2164 291 ars

109 377 250 475 sophiae
271 381 369 453 locos
391 380 551 454 excussit.
602 375 720 474 Atque
742 380 829 451 adeo
852 404 926 466 eos,
956 381 996 450 in
1016 381 1098 474 qui-
1146 379 1277 473 passim
1302 378 1397 451 notis
1419 380 1631 475 quibusdam
1650 378 1877 469 illustratam,
1903 408 1992 477 quae
2013 386 2137 481 dispu-
2239 432 2245 447 ·

108 485 169 555 hus
199 483 277 553 fere
309 482 436 573 vulgus
473 477 720 571 theologorum
750 477 1010 568 hallucinatur,
1051 483 1097 551 de
1146 481 1291 552 tationis
1316 480 1478 553 ordinem
1505 481 1673 554 indicent.
1722 475 1819 553 Ere
1845 496 1906 554 tua
1931 487 2071 575 leceris,
2105 490 2136 559 si

106 598 244 679 peccato
271 583 461 668 nimirum,
496 568 609 653 libero
637 583 803 669 arbitrio,
836 585 933 677 quod
958 596 1098 669 vocant,
1145 583 1247 667 nullo
1288 607 1445 679 unquam
1480 597 1638 675 tempore
1676 606 1695 650 e
1731 584 1896 657 manibus
1923 590 2136 683 'extorqueri

107 687 234 778 gratiae
267 685 578 756 sacramentalibus
618 685 727 776 signis
766 685 923 769 disserit,
968 685 1097 780 quibus
1145 683 1308 777 patiaris,
1346 686 1443 778 quod
1477 683 1585 755 officii
1610 682 1673 753 alii
1697 680 1876 772 Homero,
1913 687 1975 757 alii
2004 684 2048 761 V
2043 688 2137 786 irgi-

108 788 254 879 cognitis
302 783 394 856 nihil
436 799 609 878 superest,
656 787 753 880 quod
787 786 961 857 desideret
994 781 1097 857 theo-
1146 782 1217 871 lio,
1261 785 1341 863 aliis
1373 785 1436 856 alii
1468 785 1698 879 scriptoribus
1729 786 1913 862 dederuut.
1990 787 2135 879 Quanto

107 889 214 979 logne.
1144 887 1255 978 magis
1280 910 1345 958 nos
1372 888 1490 973 decet,
1536 887 1674 958 assidue
1701 886 1740 955 in
1767 889 1865 972 sinu,
1905 889 1944 957 in
1969 893 2136 965 manilius

317 1016 320 1021 ·
1144 1003 1276 1079 gestare
1303 1013 1383 1059 eum
1410 987 1637 1081 scriptorem,
1676 1002 1748 1082 quo
1775 1013 1880 1059 nemo
1915 1006 1966 1062 cst
1991 993 2035 1062 ad
2059 995 2135 1064 lor-

203 1088 312 1163 Hunc
343 1090 428 1176 tibi,
474 1091 600 1174 lector,
641 1089 825 1183 epistolem
858 1090 1004 1161 seorsim
1035 1112 1096 1160 ex·
1143 1092 1311 1160 mandam
1351 1085 1578 1162 christianam
1616 1103 1771 1159 mentem
1812 1094 2135 1187 accommodatior?

111 1192 186 1265 sudi
224 1191 405 1263 voluimus
440 1193 485 1261 ub
521 1187 686 1263 Erasmo
718 1191 865 1264 latinam
901 1191 1029 1261 fartam
1061 1204 1095 1261 et
1143 1187 1243 1264 Vale.
1301 1189 1588 1283 Vuittembergae
1612 1184 1706 1261 'anho
1733 1186 1893 1264 MDXX.
2055 1186 2058 1191 ’
