4500 5782
157 234 233 315 su
442 192 446 199 ’
748 222 1188 317 urtsueneaun
1236 228 1416 315 a1a..;a
1468 228 1602 311 aare
1826 150 1832 155 ¹
2005 264 2007 273 ι
2118 228 2196 309 ses

164 430 257 481 cum·
274 405 467 488 diceretur,
503 400 734 483 erdamerem
758 416 865 475 vetus·
887 402 1010 473 illud-2¹
1035 398 1153 491 Quam
1206 404 1362 496 quidam
1394 438 1397 443 ·
1427 400 1480 475 us
1515 412 1631 474 actum
1650 402 1856 474 {ridebatur
1882 398 2200 491 de-‘lnd'ulgentiiec

164 513 256 583 bene
274 518 473 598 compostae
490 503 607 577 laxes?
642 501 766 597 ltaque
784 503 1095 577 crimina-obiecta
1119 517 1154 577 et
1206 530 1287 575 cum
1307 514 1525 577 eam'rursus
1538 501 1765 575 Camerinam
1782 520 1901 575 movet
1917 500 2071 589 Euius,
2092 504 2200 597 quem

166 608 373 701 simpliciter
393 622 428 678 et
447 606 604 675 modeste
625 605 877 692 refutabimus,
910 630 957 703 ne
982 598 1063 677 etim
1089 607 1154 675 ad·
1206 600 1265 689 hie
1287 608 1416 679 videtis
1438 608 1477 677 in
1503 608 1613 679 latere
1630 597 1814 677 Rhodiae·
1840 605 2006 677 inflatum
2028 600 2199 677 hesterno

167 709 334 801 ¹versariis
367 708 586 799 impudentia
613 720 744 779 certare
774 708 976 794 videamur,
1010 706 1154 783 docebi-
1205 733 1333 796 venas,
1356 722 1397 780 nt
1421 733 1587 801 semper,
1602 703 1728 779 laccho
1751 702 1917 794 haerere,
1937 732 2014 777 non
2029 706 2097 779 ille
2117 704 2200 803 qui-

167 812 336 906 musque,
355 805 448 891 nihil
470 809 622 879 alienius
637 800 839 881 aLetlseeo
859 834 1017 904 unquam
1036 810 1156 893 fuisse,
1207 812 1381 899 demi-ut
1400 811 1571 896 arbitror,
1585 813 1694 898 ,fame
1713 812 1877 895 adactus,
1907 808 1969 880 sed
1991 807 2200 893 ambitione,

193 939 276 985 uam
307 912 404 1007 quod
436 911 581 981 illorum
607 911 764 1003 furiosae
795 935 900 985 voces
929 913 1157 1007 quiritantur,
1208 938 1270 1007 ne,
1305 913 1536 1003 gliscente-iii
1557 912 1633 983 dies
1655 907 1867 983 Eutheriani
1890 910 2047 982 nominis
2072 908 2200 1009 gloria,

168 942 376 1087 lutherum
401 1010 608 1105 perturBere
629 1008 808 1091 Ecclesiae
830 1038 969 1106 pacem,
1001 1026 1155 1085 evertere
1208 1010 1398 1107 triumphi,
1416 1039 1508 1109 quos
1518 1015 1589 1085 iam
1605 1013 1674 1083 sibi
1688 1027 1887 1105 pepererat,
1912 1014 2199 1084 obscurarentur.

170 1116 359 1209 imperium
376 1128 548 1200 vestrm,
572 1113 730 1187 scindere
751 1116 999 1187 inconsutilem
1017 1113 1157 1185 domini
1207 1114 1341 1200 Erant,
1364 1116 1428 1210 qui
1441 1117 1576 1187 tristem
1583 1111 1800 1206 Theologiae
1813 1108 2043 1187 scholasticae
2055 1111 2200 1185 ruinam

170 1218 347 1303 tunicam,
378 1231 413 1286 et
435 1211 504 1287 hoc
527 1238 638 1306 genus
657 1217 738 1291 alia.
802 1213 851 1289 Et
871 1231 911 1288 ut
934 1217 1019 1287 inde
1038 1215 1157 1286 ordia·
1208 1219 1452 1305 miseratum,
1474 1217 1532 1287 cni
1561 1229 1614 1290 tot
1639 1216 1775 1312 palmas
1799 1215 1969 1300 debebat,
2006 1212 2200 1307 suscepisse

171 1344 269 1405 mur,
292 1320 389 1389 unde
410 1317 525 1387 omnis
550 1310 636 1387 haec
647 1316 848 1409 Tragoedia
870 1332 947 1391 orta
968 1332 1038 1404 est,
1062 1342 1156 1389 anno
1209 1345 1286 1391 rem
1316 1320 1549 1391 affirmabant.
1586 1314 1703 1409 ,lam'
1719 1317 1816 1388 enim
1846 1341 1887 1387 ea
1915 1314 2071 1387 docendi
2096 1314 2200 1399 mtto,

83 1488 88 1497 .
170 1417 302 1495 abhinc
317 1420 421 1492 tertio
436 1416 680 1509 Romanenses
701 1420 958 1511 indulgentiae,
983 1444 1070 1514 quas
1093 1443 1158 1489 vo-
1208 1423 1305 1493 unde
1318 1424 1416 1507 velut
1431 1422 1599 1504 erforte,
1624 1413 2200 1515 quidquid-estipCbriatianitmo

171 1518 271 1608 cant,
296 1522 335 1593 in
350 1520 508 1592 Saronas
522 1546 562 1599 ac
579 1519 719 1615 Mysos,
744 1522 862 1593 nescio
884 1547 1037 1618 quorum
1056 1546 1159 1613 prae7
1209 1525 1405 1609 malorum,
1431 1522 1660 1608 'attinenciis
1680 1521 2123 1613 labefactari-coeperat„
2137 1514 2200 1589 nbi

170 1639 309 1720 postera
334 1622 564 1708 liberalitate,
588 1623 905 1715 profundebantur.
928 1640 931 1645 '
955 1621 1159 1697 Conductus
1210 1625 1462 1717 poenitentiae,
1503 1628 1611 1718 quani
1628 1638 1785 1707 uocant,
1825 1637 1860 1693 et
1894 1621 2199 1695 condonationem

172 1740 263 1811 erat,
302 1725 365 1819 qui
384 1725 517 1816 populo
540 1726 598 1795 rei
620 1726 793 1795 nimirum
820 1725 1007 1819 preciosae.
1024 1724 1160 1797 auctio-
1209 1728 1383 1797 formulae
1403 1727 1700 1797 convulsacsimt.
1749 1720 1824 1795 Nec
1839 1723 1988 1793 obscure
2002 1744 2079 1793 sese
2092 1720 2200 1793 iacta-

172 1852 256 1901 nem
268 1828 407 1910 faceret,
427 1824 686 1898 Dominicaster
701 1828 846 1921 quidam
862 1829 988 1897 mercis
1000 1851 1099 1909 suae,
1118 1840 1159 1897 ut
1210 1830 1272 1898 bat
1289 1829 1364 1921 ipse
1380 1823 1609 1919 'Tlre'ologiae
1636 1820 1862 1896 scholasticae
1887 1825 2088 1910 vindicem,
2112 1820 2201 1893 sedis

171 1929 323 2023 nequid
342 1920 625 2022 indemortui*)
649 1951 772 1999 manes
787 1929 902 1999 dicam
917 1924 1159 2010 inhumanius,
1209 1927 1412 2015 Romanae,
1442 1926 1771 1999 Ecclesiasticarum
1793 1928 2013 2022 synodorum
2037 1924 2201 1995 defenso-

171 2053 298 2125 praeco
314 2030 536 2103 immodicus.
576 2030 732 2100 ibicum
749 2030 839 2101 boni
855 2030 1001 2125 quidam
1014 2030 1161 2120 indigne
1210 2055 1304 2117 rem,
1327 2027 1422 2103 nihil
1441 2032 1626 2115 dubitans,
1653 2052 1692 2098 sc
1713 2026 2011 2100 'velutAtlantem-
2023 2026 2201 2121 qriendem

170 2135 324 2217 ferrent,
341 2124 407 2200 ‘his
429 2132 567 2209 artibus
588 2132 776 2222 compilari
800 2133 971 2225 patriam,
999 2130 1160 2225 iniquius
1191 2135 1349 2217 ¹coelum
1371 2133 1441 2203 iam
1464 2128 1623 2201 hmneris
1642 2130 1825 2203 sustinere
1857 2190 1860 2195 .
1888 2126 2131 2201 Et'fauebant'
2147 2125 2201 2197 iu-
2236 2204 2240 2215 ¹

171 2234 290 2305 lerens
311 2224 519 2318 Lethaeus,
537 2232 765 2324 simplicium
783 2233 913 2303 animis
937 2234 1044 2303 illudi
1064 2246 1099 2303 et
1120 2232 1161 2301 in
1211 2236 1306 2305 sanis
1346 2229 1504 2305 bominis
1541 2232 1737 2305 comtibus.
1757 2230 1973 2301 ferocientes
1994 2226 2202 2310 ‘fraterculb

171 2334 304 2426 templo
323 2334 382 2404 dei
402 2328 485 2418 hos,
508 2347 550 2403 ut
564 2330 805 2405 Nazianzenus
823 2336 889 2421 ait,
910 2326 1160 2432 χριστοκαπή-
1212 2332 1629 2425 εὸἰιοίεεῑίεἱΐζῖὴωῑοςῐ,
1658 2334 1817 2427 adeoque
1837 2357 1985 2403 eumen
2006 2330 2102 2403 illuri
2122 2348 2201 2423 per·

173 2440 259 2517 iove
298 2460 363 2527 pro
397 2456 494 2505 sacra
527 2436 689 2507 doctrina
725 2437 928 2528 prodigiosa
965 2436 1160 2521 rnendacia,¹
1191 2433 1587 2531 ¹dientem-hominum,
1606 2427 1938 2530 quodaRhadino
1952 2447 2046 2505 stare
2064 2430 2201 2513 videtis

171 2561 238 2630 pro
258 2532 407 2607 Christo
426 2533 669 2608 Romanenses
693 2534 818 2609 Bullas
849 2540 999 2624 docere,
1048 2541 1162 2627 factu<
1213 2541 1277 2610 alii
1300 2539 1452 2624 ventris,
1487 2539 1549 2608 alii
1572 2538 1704 2629 gloriae
1731 2560 1813 2608 suae
1840 2536 2040 2630 periculum
2064 2531 2201 2627 prospi-

170 2662 234 2710 rns
252 2639 340 2709 boni
359 2639 509 2729 pastoris
529 2638 684 2710 officium
709 2640 893 2732 proposuit
918 2640 1090 2734 quaedam
1117 2639 1161 2708 de
1214 2641 1364 2722 cientes,
1392 2640 1462 2709 nisi
1485 2641 1643 2731 vinceret
1663 2635 1812 2712 Eecius.
1870 2636 2052 2711 Convenit
2076 2648 2202 2717 autur,

172 2736 407 2831 indulgentiis
427 2742 620 2832 paradoxa,
646 2741 753 2834 idque
776 2744 952 2826 modeste,
976 2737 1069 2811 nihil
1090 2754 1162 2809 sta·
1213 2745 1321 2815 atde
1334 2764 1478 2812 summa
1498 2766 1619 2811 rerum
1640 2735 1848 2813 scholastico
1870 2738 2066 2810 certamine
2084 2736 2202 2809 deneu-

173 2857 276 2914 tuens
324 2856 385 2911 ant
421 2843 650 2926 decernens„
684 2843 867 2935 disputans
908 2856 1045 2915 tantum
1094 2866 1159 2933 pro
1214 2852 1368 2917 necetur.
1398 2882 1402 2912 :
1428 2839 1537 2913 Edita
1551 2848 1639 2937 siint
1662 2837 1830 2925 themata·
1844 2842 1889 2910 de
1909 2840 2025 2911 libero
2045 2835 2202 2920 arbitrio,

172 2968 272 3013 more
285 2938 498 3016 scholarum.
549 2938 750 3015 Admonuit
765 2959 799 3014 et
812 2945 971 3017 modesta
992 2943 1162 3015 concione
1213 2946 1259 3017 de
1278 2941 1480 3016 Christiana
1497 2945 1634 3035 gnatia,
1664 2946 1709 3015 de
1732 2942 1980 3033 Indulgentiis.
2016 2936 2141 3013 'Nam
2160 2938 2202 3009 sle

170 3045 319 3135 vulgum
344 3040 540 3128 Ecclesiae,
575 3066 621 3115 ne
651 3046 802 3117 nimium
830 3046 1001 3119 tribueret
1026 3043 1165 3119 Rome·
1192 3042 1723 3139 ·lris·hat:tenm2dis‘ceptatum
1753 3060 1839 3117 erat.
1902 3042 2055 3137 Quibus}
2069 3036 2202 3115 Ecetn

47 3226 51 3231 ,
134 3178 140 3185 ·
173 3147 345 3217 rensibus
374 3146 562 3219 mercibus.
611 3144 724 3217 Paulo
745 3162 827 3241 post
849 3160 885 3219 et
902 3148 1079 3239 paradoxa
1101 3170 1164 3217 sua
1193 3152 1341 3243 dogma
1359 3144 1768 3240 -d'e·liomani.Episcspi
1782 3140 1994 3216 Monarchia
2016 3142 2202 3238 plausibile

172 3248 269 3319 edito
305 3248 579 3332 resolutionum,
619 3249 669 3319 sic
700 3249 794 3318 enim
824 3248 1024 3343 inscripsit,
1068 3250 1162 3320 libro
1214 3250 1368 3335 addidit,
1394 3251 1523 3321 callido
1547 3250 1720 3321 nimirum
1740 3247 1910 3333 consilio,
1934 3256 2064 3339 nempe
2076 3258 2120 3317 ut
2129 3240 2202 3319 Re·

175 3348 408 3421 confirmavit.
458 3372 548 3442 quae
569 3373 651 3419 cnm
670 3348 741 3419 iam
762 3376 828 3443 pro
850 3352 974 3424 rostris
997 3352 1164 3423 omnibus
1213 3353 1312 3423 mani
1337 3352 1514 3445 pontificis
1533 3347 1755 3421 authoritate
1782 3348 1922 3420 facilius
1945 3348 2202 3443 opprimeretur

174 3448 433 3523 Dominicaster
454 3450 515 3521 ille
536 3452 771 3545 nequicquam
798 3454 1045 3538 insectaretur,
1086 3476 1166 3523 coe·
1213 3446 1431 3539 Lasthenes,
1462 3455 1604 3546 quando
1634 3453 1738 3521 illum
1755 3446 1852 3521 nihil
1873 3473 1949 3521 non
1972 3472 2077 3543 posse
2099 3448 2202 3537 vulgo

53 3592 58 3603 ,
175 3565 277 3645 ptum
299 3565 350 3621 est
369 3565 403 3624 et
414 3548 589 3623 Romanis
602 3555 710 3623 arinis
726 3554 860 3624 bellum
877 3557 960 3644 geri.
1008 3552 1164 3627 Romam
1215 3566 1493 3649 persuasnmest.
1523 3550 1767 3645 :Disputatum
1782 3540 2202 3645 estLefpsioeMeseruae

174 3650 374 3725 Pontificiis
399 3654 512 3723 literis
539 3656 725 3726 arcessitur
746 3648 953 3742 botherus,
992 3681 1062 3750 quo
1091 3658 1164 3725 fere
1214 3657 1393 3748 frequenti
1408 3650 1565 3746 [theatro.
1616 3654 1689 3726 Sed
1713 3654 1810 3748 quod
1829 3652 1906 3722 fieri
1922 3652 2013 3723 solet
2028 3652 2069 3723 in
2081 3647 2202 3723 hrains-

173 3768 334 3845 tempore
350 3755 488 3824 comitia
499 3748 688 3849 Augustae
696 3753 893 3827 Succorum
908 3754 1061 3827 habebat
1072 3751 1166 3827 Ma·
1215 3756 1314 3828 modi
1336 3757 1605 3842 certaminibus,
1637 3758 1723 3826 dum
1744 3780 1850 3827 aurae
1870 3752 2039 3848 populari
2056 3753 2203 3825 inservi-

176 3851 546 3930 ximiliaansCaesar.
600 3856 683 3946 Quo
699 3883 779 3931 cum
795 3857 993 3933 etRomani
1011 3857 1167 3951 episcopi
1215 3877 1290 3943 tur,
1328 3860 1496 3953 utrinqne
1530 3857 1641 3950 magis
1672 3856 1832 3940 fortiter,
1868 3879 1977 3949 quam
2009 3850 2202 3945 theologice

177 3948 318 4029 Leonis
332 3956 378 4031 Χ.
404 3958 536 4047 legatus
555 3953 725 4030 Thomas
740 3952 962 4048 Caietanus,
990 3982 1166 4054 purpura-
1216 3987 1272 4032 res
1288 3975 1363 4031 acta
1379 3976 1441 4033 cst.
1494 3958 1574 4053 Qua
1597 3960 1665 4031 lide
1683 3950 2052 4043 disserueritEecius,
2075 3969 2201 4035 testan-

177 4072 235 4131 tns
248 4058 519 4143 Dominicaster,
545 4061 708 4148 venisset,
731 4059 928 4153 Augustam
942 4063 1013 4133 iam
1021 4074 1167 4133 vocatur
1216 4078 1275 4136 tur
1289 4062 1376 4133 editi
1390 4063 1637 4153 disputationis
1654 4048 1908 4133 conmientarii.
1946 4054 2043 4128 Nam
2058 4057 2113 4128 ibi
2134 4056 2202 4153 pri·

178 4152 368 4251 lutherus
406 4160 610 4233 redditurus
646 4166 839 4237 sententiae
875 4188 958 4235 suae
992 4162 1167 4233 rationem
1216 4172 1316 4237 mnia
1339 4178 1374 4234 at
1403 4162 1580 4249 inscitiam
1595 4178 1649 4234 ·.et
1675 4162 1789 4253 animi
1810 4160 1867 4231 sui
1886 4158 2064 4253 malitiam
2084 4158 2203 4251 proelia

178 4286 296 4334 coram
312 4260 498 4339 Ponti-licio
519 4263 644 4353 legato.
692 4262 729 4337 ls
751 4290 831 4359 cum
850 4266 1077 4359 pertinaciter
1100 4265 1169 4337 im·
1218 4268 1281 4340 dit.
1308 4263 1420 4334 -Post
1440 4288 1517 4334 eam
1536 4265 1811 4357 disputationem
1831 4261 1983 4333 desuetis
2002 4256 2138 4331 chartis
2154 4280 2204 4331 res

180 4377 318 4457 pemret
330 4364 567 4454 palinodiam,
593 4366 719 4443 infecta
734 4393 773 4437 re
787 4368 980 4447 discessum
995 4380 1057 4438 cst.
1098 4364 1169 4436 Hic
1218 4369 1274 4460 agi
1289 4367 1419 4457 coepit,
1443 4366 1518 4450 ubi,
1542 4390 1622 4436 cum
1640 4381 1735 4437 extra
1754 4362 2032 4433 controuersiam
2045 4362 2206 4456 superior

179 4464 268 4559 quid
300 4457 698 4555 peccavitLutIterus?
754 4466 1041 4542 Romanensibus
1066 4492 1169 4561 prae-
1219 4485 1308 4540 esset
1323 4460 1533 4552 liutherus,
1564 4469 1658 4559 ringi
1678 4466 1935 4537 adversariiac
1955 4463 2096 4555 rumpi,
2128 4462 2206 4533 iun·

181 4566 336 4638 donibus
360 4562 608 4653 Germaniam,
639 4566 832 4643 Ecclesiam
853 4571 1083 4640 mendacibus
1104 4570 1170 4639 do·
1219 4596 1299 4664 gere
1325 4570 1461 4662 copias,
1504 4572 1648 4641 famosis
1673 4568 1813 4659 scriptis
1841 4567 1968 4656 vulgus
1996 4562 2207 4647 abalienare,

181 4666 338 4740 cleribus
357 4665 532 4743 liberavit.
591 4668 650 4741 Tu
670 4695 754 4740 vero
774 4696 880 4765 quam
899 4674 992 4742 belle
1010 4671 1169 4742 vindices
1219 4676 1442 4764 eorrumpere
1457 4672 1650 4743 amicorum
1668 4670 1893 4762 'quorundam
1908 4664 2059 4750 iudicia,
2080 4664 2209 4737 audere

181 4769 437 4860 indulgentias,
465 4766 612 4861 posthae
635 4772 771 4845 videro.
823 4771 898 4843 lam
917 4774 1089 4844 volitabat
1107 4797 1170 4864 per
1219 4775 1393 4870 quidquid
1414 4774 1617 4863 ingeniosus
1635 4774 1730 4841 livor
1762 4768 1863 4865 (nam
1884 4763 1991 4839 huius
2012 4781 2108 4837 artes
2138 4789 2210 4857 ego,

181 4866 369 4941 bominum
392 4894 455 4941 ora
468 4864 677 4959 liutherus,
702 4875 919 4966 probabant,
935 4899 1032 4968 -quae
1051 4872 1170 4944 deln—
1269 4879 1292 4946 i·
1305 4876 1600 4946 commemorem?
1618 4871 1671 4970 3))
1699 4871 1954 4963 suppeditabat.
2009 4866 2150 4939 Scribit
2171 4866 2210 4939 itt

183 4972 374 5063 dulgentiis
401 4974 627 5065 prodiderat,
668 4977 796 5066 optimi
818 4978 953 5072 quique
985 4976 1024 5047 et'
1046 4976 1086 5044 in
1114 4971 1170 5044 his
1219 4903 1430 5049 Eordaeam
1454 4973 1611 5059 uectus,
1649 4975 1773 5045 scribit
1792 4969 1985 5042 'Emserees
2017 4970 2102 5055 ille,
2140 4992 2210 5064 qno

117 5147 122 5155 ,
183 5074 290 5144 etiam
322 5073 501 5169 principes
532 5076 678 5168 quidam
713 5072 892 5171 Episcopi.
946 5077 1173 5148 damnabant
1220 5078 1302 5151 heri
1313 5072 1524 5149 Rhadin'us
1546 5076 1747 5149 susurronis
1767 5076 1843 5146 vice'
1860 5074 2044 5156 utebatur,
2067 5072 2129 5143 vir
2147 5095 2211 5141 sno

184 5198 260 5242 non
273 5174 354 5257 nisi,
369 5176 432 5268 qui
444 5177 561 5246 ventri
576 5201 640 5248 suo
653 5179 745 5248 male
759 5180 977 5264 metuebant,
991 5179 1173 5250 fraterculi
1222 5183 1354 5253 iudicio
1375 5182 1559 5274 eloquens,
1581 5194 1703 5251 nostro
1718 5192 1790 5249 tam
1807 5176 1983 5260 eruditus,
2005 5196 2117 5268 quam
2138 5172 2212 5242 elo-

222 5334 250 5402 *)
268 5334 394 5397 Constat,
415 5335 607 5393 LYetzelium
621 5332 714 5389 dvtt.
727 5355 763 5388 m.
778 5337 894 5409 Augusti
910 5357 935 5393 a.
951 5336 1018 5391 1519
1032 5346 1172 5394 mortuum
1225 5342 1494 5356 ....-....-

258 5420 323 5455 esse.
359 5402 392 5455 F.
963 5454 966 5461 ,
1277 5401 1304 5472 3)
1323 5406 1550 5468 commemorem]
1568 5401 1634 5457 Mel.
1647 5412 1727 5474 oppa
1746 5417 1809 5458 eum
1826 5412 1989 5457 munerea.
