4500 5782
89 190 200 303 res
319 236 327 245 ·
514 254 523 265 -
659 210 1094 294 sersaonanuu
1149 158 1537 291 muricatos.
2042 218 2116 297 aas

89 394 279 467 sdmodunr
308 393 405 464 viam
434 390 552 467 dumis
582 414 621 461 ac
649 392 817 485 vepribus
840 389 990 461 obsitam
1014 389 1078 483 qul
1127 388 1318 474 iuvandae,
1342 380 1434 459 hane
1446 386 1668 481 provinciam
1682 388 1751 461 sibi
1763 405 1909 465 sumunt
1922 392 2116 467 defenden-

89 496 152 571 tter
166 495 306 567 feriunt
317 494 443 581 vitant,
467 495 517 565 ita
533 494 714 564 auctorem
726 486 900 578 lacerum,
927 493 1077 561 mendo·
1127 490 1192 563 dae
1205 504 1241 562 et
1253 489 1520 581 amplificandae
1532 490 1585 561 rei
1597 489 1785 562 literariae:
1813 490 2021 589 quibushoe
2034 498 2116 590 plus

89 620 183 685 mm,
214 596 421 669 mutilatum
444 619 549 667 nemo
573 595 785 686 attingebat,
822 594 1078 687 videbaturque
1127 592 1258 684 gratiae
1273 592 1439 677 debetur,
1472 594 1568 689 quod
1585 616 1713 684 magno
1729 619 1809 664 cum
1825 595 1982 689 periculo
1999 601 2115 672 fortu-
2150 597 2154 605 ’

89 700 264 785 totorum,
293 712 336 770 ut
356 698 534 789 neglectus
555 696 747 791 aliquando
768 719 914 791 prorsus
936 694 1077 789 periret,
1128 718 1254 766 narum
1270 717 1413 771 suarum
1435 710 1470 769 et
1491 717 1619 786 magua
1642 719 1723 765 cum
1748 695 1884 769 invidia
1906 700 2115 797 depugnan-

89 804 189 873 tut'a
209 799 333 875 blattis
349 822 509 885 arrosus,
539 799 727 870 autetiam
751 822 772 869 a
793 821 994 890 cauponum
1017 819 1076 888 ge·
1127 798 1214 868 dum
1228 797 1301 867 illis
1313 810 1366 867 est
1379 820 1459 868 cum
1472 799 1627 891 quodam
1639 791 1827 869 hominum
1841 821 1980 890 genere,
2006 805 2115 898 quod,
2146 868 2151 883 ,

89 910 169 973 ne're
194 901 237 971 in
260 903 443 973 scombros
466 924 586 971 versus
599 896 642 998 ²).
692 897 796 971 Nune
819 900 881 971 ille
906 913 1076 992 tanquam
1127 897 1237 991 impio
1251 911 1432 991 praetextu
1454 897 1653 990 religionis,
1683 922 1820 969 summa
1843 901 1881 970 vi
1904 903 2023 975 literas
2049 930 2114 999 op-

89 1002 210 1081 tisino
226 1003 347 1099 aliquo
368 996 578 1096 pharmaco,
602 1003 701 1072 senio
719 1014 842 1089 exuto,
868 1000 1077 1095 repubescit,
1126 999 1279 1092 primere
1303 1000 1496 1083 contendit.
1554 999 1668 1071 Porro
1696 999 1790 1071 inter
1812 996 1969 1093 hnmana
1995 1007 2114 1080 omnia
2224 1026 2228 1041 ·

89 1106 230 1177 ebone
245 1125 332 1197 spes
342 1117 412 1191 est,
430 1129 512 1176 cum
529 1103 684 1175 salebrae
699 1103 799 1190 illae,
821 1128 911 1198 quae
927 1101 1076 1173 lectores
1126 1102 1268 1172 nullum
1307 1115 1382 1173 erat
1418 1097 1601 1174 honestius
1641 1116 1892 1201 ornamentum
1931 1106 2113 1199 religionis

89 1216 187 1278 ntea
205 1207 456 1293 morabantur,
489 1205 730 1297 complanatae
751 1205 843 1292 siut,
868 1199 1074 1275 habiturum
1126 1227 1234 1297 quam
1249 1203 1382 1277 literae.
1430 1199 1598 1297 Optarim
1613 1218 1730 1274 autem
1749 1218 1782 1276 et
1797 1229 1857 1275 eos
1870 1219 2029 1279 auctores
2045 1228 2120 1304 pu-‘

89 1307 251 1401 deinceps
264 1303 425 1378 Plinium
450 1321 484 1378 et
511 1308 663 1380 cultores
687 1320 722 1380 et
744 1307 891 1378 lectores
909 1306 1077 1399 frequen·
1125 1306 1269 1392 blieari‚
1303 1307 1368 1401 qui
1382 1318 1536 1376 veterem
1553 1302 1738 1376 historiam
1761 1330 1880 1377 rerum
1902 1310 1996 1380 inter
2017 1306 2114 1383 chri:

89 1409 231 1487 tormer
264 1407 308 1481 ld
340 1434 426 1481 vero
459 1411 505 1481 ad
538 1409 741 1481 universam
773 1433 849 1491 rem
882 1408 1075 1501 literariam
1126 1408 1259 1478 stianos
1282 1421 1456 1500 gestarum
1480 1407 1673 1478 continent.
1731 1407 1837 1497 Quod
1860 1410 1890 1479 si
1916 1411 2032 1498 fieret,
2069 1416 2113 1484 de
2178 1474 2182 1479 .

89 1512 364 1595 perservandam
383 1512 621 1605 tuendamque
639 1511 834 1603 plurimum
855 1523 1075 1580 momentum
1125 1508 1320 1603 plerisque,
1344 1532 1436 1603 quae
1452 1505 1521 1579 hoc
1534 1523 1692 1601 ternpore
1707 1509 1747 1579 in
1764 1510 1914 1583 dubium
1930 1527 2113 1601 vocantur,

89 1611 255 1697 attulerit.
305 1611 425 1702 Quam
437 1612 561 1683 multis
577 1613 672 1681 enim
686 1611 907 1698 auctoribus,
932 1636 1007 1681 non
1022 1611 1076 1681 la-
1125 1611 1275 1681 iudieari
1307 1610 1482 1705 statuique
1516 1612 1735 1701 commodius
1764 1625 1891 1704 posset.
1956 1610 2113 1688 Proinde

89 1714 169 1791 linis
192 1727 349 1801 tantum,
392 1714 454 1785 sed
481 1714 614 1805 graecis
638 1715 744 1784 etiam
765 1715 837 1784 vita
860 1713 998 1786 reddita
1025 1724 1077 1783 cst
1125 1713 1221 1806 quod
1237 1706 1467 1809 Egesippum
1485 1714 1632 1797 arcadis,
1648 1726 1802 1783 veterem
1824 1714 2049 1807 scriptorem,
2079 1733 2114 1790 et

89 1810 206 1892 Plinio
228 1815 416 1887 restituto?
475 1812 585 1901 Nam,
615 1829 657 1887 ut
677 1816 768 1887 alios
789 1815 969 1902 omittam,
1009 1838 1075 1884 nec
1125 1836 1200 1883 non
1213 1815 1416 1907 impurum,
1439 1808 1666 1905 vehementer
1679 1815 1806 1907 probo.
1839 1814 1931 1887 Nam
1948 1832 1982 1889 et
1996 1842 2114 1893 exem-

89 1914 289 1989 hristotelis
304 1912 453 1989 historia
469 1917 724 2003 animantium,
755 1941 820 1987 nec
837 1912 1077 2011 Theophrasti
1126 1915 1226 2007 plum
1244 1917 1378 1987 deletae
1397 1915 1556 1987 iudaicae
1578 1916 1734 1986 nationis
1748 1918 1897 2007 dignum
1913 1932 1986 2008 est,
2017 1924 2113 2015 quod

89 2017 256 2111 scriptum
284 2020 328 2088 de
356 2019 485 2111 plantis
508 2043 529 2089 a
552 2019 657 2089 nobis
677 2016 829 2109 intelligi
855 2018 930 2088 sine
956 2016 1075 2090 Plinio
1125 2040 1264 2110 semper
1278 2020 1325 2089 ob
1345 2017 1467 2089 oculos
1485 2030 1823 2106 nostroeversetor,
1856 2022 1952 2093 unde
1973 2024 2113 2114 magni·

89 2116 210 2212 potest.
261 2116 398 2191 Multos
412 2115 473 2192 hic
489 2120 527 2190 in
542 2120 615 2189 illis
630 2122 727 2192 locos
742 2121 1012 2212 interpretatur,
1036 2133 1077 2192 ut
1126 2120 1353 2191 codinemae
1375 2119 1449 2189 vim
1471 2119 1547 2190 irae
1569 2119 1711 2190 divinae
1727 2122 1893 2192 adversus
1907 2122 2038 2217 impios
2054 2149 2113 2197 ae·
2130 2114 2133 2120 ¹

89 2216 366 2317 Graecianum,
383 2225 718 2319 παραφραστικῶςς
742 2219 873 2292 multos
889 2245 930 2290 eo
948 2221 1076 2301 verbo·
1126 2233 1337 2308 stumemos,
1368 2233 1404 2291 et
1422 2242 1512 2314 quae
1528 2223 1571 2292 de
1588 2217 1799 2295 christianae
1813 2221 1997 2315 religionis
2010 2227 2113 2299 incu-

89 2344 169 2403 rum
188 2314 319 2413 'genere
340 2324 526 2415 exprimit,
564 2337 598 2393 et
626 2348 707 2394 cum
731 2325 880 2394 verbum
903 2347 944 2393 ex
966 2323 1075 2393 verbo
1126 2322 1267 2393 nebulis
1282 2347 1322 2393 ac
1341 2323 1625 2416 propugnatione
1647 2323 1792 2410 scribit,
1826 2349 1900 2396 non
1921 2342 1995 2399 erat
2016 2352 2113 2399 com-

89 2424 209 2510 rertit',
242 2424 339 2518 quod
361 2447 502 2515 graecae
524 2424 669 2495 lectioni
684 2426 855 2516 ‘magnam
878 2426 994 2494 lucem
1014 2425 1078 2495 ad·
1125 2424 1428 2510 mittendum,'ut
1450 2425 1712 2496 interciderent.
1770 2422 1863 2496 Nam
1886 2428 1950 2522 qui
1974 2430 2112 2501 nullam
2144 2420 2150 2429 ¹

89 2524 164 2599 lert
220 2522 377 2596 Proinde
399 2518 480 2597 cum
503 2541 538 2599 et
560 2540 622 2597 tuo
648 2538 767 2598 sumtu
789 2540 825 2597 et
847 2523 1002 2597 Caesarii
1024 2526 1078 2596 la·
1125 2526 1345 2620 antiquitatis
1362 2527 1526 2597 notitiam
1546 2522 1696 2613 habent,
1726 2520 1767 2597 hl
1786 2523 1878 2599 mihi
1898 2525 2014 2600 nihilo
2038 2554 2113 2601 cer-

89 2627 171 2709 bere
204 2623 365 2697 Plinium
403 2621 597 2699 habeamus
636 2629 894 2722 propemodum
933 2640 1077 2715 sartum,
1126 2627 1198 2699 tius
1226 2629 1284 2721 egl
1313 2630 1357 2697 de
1387 2628 1558 2719 religione
1580 2629 1638 2699 vel
1663 2629 1708 2699 de
1727 2629 1835 2701 rebus
1856 2630 1936 2702 aliis
1955 2626 2114 2705 honestis

89 2740 235 2816 trenam,
276 2729 431 2801 multum
453 2730 596 2824 utrique
619 2729 734 2800 nostri
764 2730 875 2801 seculi
904 2725 1078 2816 homiues,
1126 2730 1283 2801 iudicare
1307 2753 1408 2822 posse
1430 2730 1617 2831 videntur,
1654 2755 1773 2825 quam,
1785 2729 1858 2819 illi,
1897 2758 1987 2828 quos
2014 2734 2115 2805 finxit

89 2829 238 2903 multum
253 2829 440 2923 posteritas
459 2832 622 2918 debebit,
647 2832 744 2928 qudd
756 2833 859 2902 vobis
874 2833 1077 2904 auctoribus
1124 2829 1228 2903 Plato
1246 2833 1284 2903 iu
1304 2854 1410 2924 specu
1425 2857 1546 2905 rerum
1562 2832 1748 2904 simulacra
1763 2822 1901 2904 tantum
1916 2835 2041 2927 procul
2058 2837 2112 2905 vi·

89 2930 250 3007 dassicus
280 2933 433 3025 scriptor
457 2934 632 3004 literariae
662 2934 897 3026 suppellectili
924 2935 1077 3005 accessit.
1126 2935 1229 3021 dere,
1260 2957 1336 3003 non
1355 2935 1487 3006 intueri
1504 2957 1615 3028 prope
1630 2958 1685 3005 res
1698 2935 1801 3026 ipsas.
1855 2933 1954 3007 Vale.
2006 2935 2113 3007 Vuit-

89 3027 363 3105 Demosthenem
392 3035 608 3128 accepimus,
646 3059 726 3107 cum
752 3030 905 3107 Athenis
933 3036 1075 3128 publiea
1125 3037 1314 3127 teubergae
1332 3035 1374 3110 V.
1391 3032 1537 3107 Calend.
1550 3033 1686 3108 Martii.

89 3129 304 3223 bibliotheca
318 3133 484 3207 incendio
501 3151 684 3209 consumta
699 3150 805 3223 esset,
836 3137 958 3231 ibique
972 3133 1075 3210 Tho-

89 3234 225 3332 rpdidis
239 3231 407 3317 historiae
421 3238 512 3309 sorte
523 3240 686 3309 conditae
701 3262 772 3309 una
787 3237 985 3330 periissent,
1000 3260 1077 3308 me-

89 3337 234 3425 moriter
248 3338 446 3431 reposuisse
461 3338 638 3431 integrum
656 3340 753 3411 illius
769 3340 952 3431 seriptum.
992 3337 1075 3411 Non
1135 3339 1203 3413 No.
1217 3340 1307 3418 sat.
1975 3356 2009 3419 6.
2023 3347 2110 3414 Mart.

89 3434 263 3513 minorem
282 3441 438 3532 profecto
454 3437 567 3511 Plinii
588 3442 716 3514 servati
735 3438 880 3512 laudem‘
892 3436 1076 3513 Caesarius
1132 3437 1304 3469 Μ
1791 3517 1798 3535 ,
1973 3438 2112 3467 '⁹⁸‘

89 3542 130 3617 td
143 3553 305 3634 posteros
326 3543 480 3631 auferet,
511 3568 618 3637 qoam
642 3556 679 3615 et
701 3558 846 3637 propter
862 3557 1080 3616 renovatum
1397 3510 1546 3596 ῘθαθῘὶ·
1578 3508 1729 3598 came?
1730 3541 1837 3598 071⁰·

89 3636 337 3737 Titucydidem
350 3640 618 3716 Demosthenes.
658 3640 761 3715 Olim
772 3669 894 3736 regom
908 3660 982 3719 erat
994 3670 1075 3715 mu·
1192 3683 1277 3757 ΕΜ
1293 3685 1481 3744 ademerat.
1499 3686 1586 3762 pls.

89 3760 173 3827 nus,
207 3744 363 3817 illustres
391 3759 549 3819 auctores
571 3747 616 3818 ab
638 3746 785 3818 interitu
809 3748 1008 3835 vindicare,
1042 3761 1076 3818 et
1287 3820 1295 3839 ⁸
1948 3821 1955 3840 ι

89 3834 321 3918 bibliothecas
334 3847 519 3922 instruere.
568 3845 673 3920 Nune
694 3848 735 3922 in
759 3860 856 3920 tanto
875 3871 998 3938 regum
1014 3872 1077 3919 ve·
1124 3816 1368 3895 1⁰⁰⁶h⁸m⁰
1391 3814 1660 3898 C⁰m57⁰f¹⁰⁰
1684 3819 1969 3921 Bambssfffemh
2001 3818 2042 3895 S·
2058 3818 2113 3895 D·

89 3963 189 4019 terno
206 3948 337 4040 privati
351 3950 496 4044 quidam
512 3945 693 4035 homines,
724 3951 846 4044 cupidi
861 3948 1076 4043 reipublicae
1125 3936 1219 4033 Non
1234 3960 1359 4032 dubito
1372 3961 1462 4055 quin
1474 3962 1646 4032 adventus
1660 3961 1774 4033 nostri
1789 3961 2045 4052 exspectatione
2058 3961 2112 4030 ia-

1126 4074 1220 4131 ctum
1239 4062 1302 4147 sit,
1332 4087 1398 4133 cur
1412 4063 1631 4157 aliquamdiu
1648 4058 1743 4135 nibil
1756 4062 1952 4155 scripseris,
1977 4062 2112 4157 alioqui

1127 4162 1307 4233 silentium
1332 4177 1401 4233 tam
1422 4165 1633 4237 diutomum
1650 4164 1953 4257 impatientissime
1971 4164 2111 4236 serrem.

115 4238 148 4311 1)
166 4238 186 4293 i.
201 4258 225 4293 e.
238 4257 304 4293 zum
315 4238 484 4294 ernustes»
496 4243 549 4294 der
561 4238 693 4308 manee
703 4242 873 4295 vermendes.
899 4240 1024 4365 Repetite
1038 4253 1077 4298 eet
2063 4244 2072 4261 ⁶

155 4306 227 4363 bees
245 4308 350 4364 locutio
370 4326 386 4362 e
405 4309 505 4380 poetis,
534 4319 615 4378 atque
635 4308 668 4363 de
684 4328 714 4363 ea
729 4309 778 4364 Fr.
791 4309 906 4379 Iambe,
923 4331 940 4383 p
960 4312 1077 4384 ilologus
1126 4259 1239 4380 Ροῗω
1255 4287 1318 4355 ⁹3⁰
1333 4266 1584 4384 cumimpensf
1600 4266 1703 4359 cupi⁰
1719 4266 1922 4384 exspatiari’
1946 4278 2051 4383 tequff
2066 4288 2112 4335 ἃς

154 4396 298 4447 summus,
327 4378 370 4433 vir
394 4378 636 4448 praestantissimus
677 4396 757 4449 quem
777 4379 986 4461 eonsrrlueram,
1010 4381 1077 4437 baec
1126 4358 1357 4436 Machaslem
1387 4368 1592 4461 compleclt,
1638 4381 1715 4438 lum
1745 4389 1964 4439 occassonem
1994 4390 2110 4459 prlmo

89 4524 95 4533 ·
152 4444 1075 4586 fflfffin,’}²⁵1isss}ffl,⁵,ss,⁸,¹,(¹v’⁸⁷'⁵⁶⁵⁶“⁸²¹¹⁶¹”¹⁸‘¹¹¹‘⁸⁸¹¹'
1127 4490 1268 4562 quoque
1296 4482 1454 4561 tempore
1482 4468 1690 4540 excurrendi
1716 4483 1829 4561 capto.
1893 4465 1963 4538 Sed
1992 4461 2111 4539 hacte-

97 4630 102 4637 .
226 4582 435 4705 strepentem,
452 4583 474 4637 si
489 4583 591 4639 tenetis
605 4603 665 4666 qn,
818 4628 821 4633 .
1126 4592 1194 4639 nus
1216 4593 1272 4638 me
1294 4591 1351 4639 res
1374 4570 1584 4641 domesticae
1604 4570 1776 4644 detinent.
1840 4566 1932 4641 Nam
1957 4582 2038 4641 ante
2059 4570 2112 4640 se-

124 4732 131 4753 ,
226 4649 286 4774 ¹1}ss
295 4652 432 4774 {323¹ss
444 4661 550 4775 ζ”υζξὲξζ
562 4654 785 4777 ffiffifflg,
1125 4670 1196 4742 rias
1215 4670 1447 4749 saturnalium
1467 4672 1584 4761 vulgi,
1614 4671 1646 4742 is
1667 4671 1743 4742 dies
1760 4670 1965 4763 nuptiarum
1981 4664 2110 4742 Cami-

156 4786 222 4841 Von
244 4786 334 4843 einenr
352 4787 507 4844 seblecbten
523 4789 652 4863 Dichter,
675 4788 725 4844 der
743 4786 818 4844 seire
833 4786 915 4845 Gan
935 4792 985 4847 mit
999 4790 1075 4847 voe.
1125 4768 1229 4841 ciani
1246 4772 1332 4858 suit,
1364 4770 1432 4845 Die
1449 4772 1580 4845 Hilarii
1590 4766 1744 4866 filiolus
1755 4768 1792 4869 ⁸)
1814 4767 1904 4844 mihi
1927 4785 2030 4844 natus
2052 4784 2112 4853 est,

89 4133 316 4151 Ἤ

1123 4912 1343 4929 —n—-un

106 4910 114 4919 ⁹
155 4854 349 5051 lmngcibb'esi
361 4855 566 4981 ihnsiiombris
576 4927 704 4983 scelerata
716 4934 839 4998 poemate
853 4926 948 4998 donee,

253 4992 364 5049 cenabis
375 4995 449 5049 solus
463 4993 517 5049 iam
531 4995 564 5050 Li
584 4996 661 5050 urine
674 4995 759 5049 domi.
1157 4998 1189 5068 Ιθ’)
1207 4996 1292 5053 Filius
1305 4994 1456 5070 Philippus.
1490 4994 1665 5055 Diesllilsrii
1681 5005 1720 5053 est
1735 4996 1934 5054 alstanum
1965 4997 2114 5055 tenatte-

154 5058 254 5118 Dieser
268 5062 368 5118 Schera
382 5083 439 5116 war
453 5064 518 5118 aber
533 5014 617 5118 scion
631 5066 680 5118 seit
693 5062 796 5119 Catulle
811 5063 905 5116 Zeiten
919 5061 957 5117 im
971 5062 1076 5148 (ἕψῃ,
1193 5085 1240 5121 rus
1255 5066 1300 5134 (de
1312 5064 1416 5121 Wette
1430 5066 1465 5120 ll.
1486 5085 1513 5135 p.
1525 5067 1590 5134 628)
1611 5067 1640 5119 in
1661 5066 1775 5137 epistola
1817 5065 1885 5118 seria
1903 5074 1965 5138 post
1982 5068 2112 5138 sexagesi-

157 5132 207 5185 δεῖ
222 5130 314 5184 Carm.
329 5128 373 5184 95.
393 5131 445 5184 deu
461 5133 586 5187 Annalen
605 5132 653 5186 des
669 5130 810 5201 Volusius,
833 5132 878 5186 die
899 5151 930 5186 er
947 5152 982 5187 en
1001 5152 1078 5189 saner
1194 5134 1292 5191 rnam”
1312 5134 1427 5208 scripta,
1446 5134 1527 5190 dieite
1554 5134 1705 5216 „Philippo
1725 5134 1784 5197 beri
1817 5134 1871 5188 edit
1884 5135 1960 5188 Deus
1973 5134 2117 5259 Philqppu·

2085 5224 2117 5259 ο.

151 5199 263 5257 udern
276 5199 360 5255 Stella
372 5202 487 5254 chartas
497 5210 612 5257 measa
626 5210 731 5283 neunt,
746 5199 951 5273 propbeaeibets
1195 5203 1254 5258 lum
1262 5202 1294 5268 ;”
1318 5220 1387 5276 quae
1402 5204 1541 5275 quomodo
1556 5202 1727 5260 concilianda
1739 5200 1808 5272 rint,
1832 5220 1888 5256 non
1907 5201 1997 5258 rideo.

104 5308 134 5331 ,,.
232 5265 325 5350 Vsluqi
336 5266 447 5329 annales
466 5268 600 5333 -bsne
613 5271 745 5333 scombris
759 5288 837 5344 crepe
850 5269 954 5325 dabunt
964 5270 1078 5346 tunicas.
1195 5276 1282 5327 beliue
1297 5283 1323 5325 et
1335 5274 1575 5327 Foerstemonnue
1587 5268 1654 5327 nibil
1667 5270 1766 5331 babent
1779 5269 1813 5323 de
1827 5270 1877 5325 bec
1892 5271 2115 5330 contradictione.

156 5333 227 5401 Unel
241 5336 352 5393 Perseus
372 5338 443 5393 llt.
463 5355 494 5392 os
513 5336 607 5419 populi
626 5338 758 5393 meruisse
782 5366 816 5382 -
840 5344 867 5392 et
885 5338 1009 5411 linquere
1027 5356 1080 5396 nec
1197 5341 1254 5399 Pro
1274 5340 1368 5417 Hilqrii
1386 5341 1530 5414 legendum
1548 5350 1588 5396 est
1606 5338 1743 5398 Eucherii.
1781 5338 1844 5394 Vid.
1863 5356 1931 5411 quae
1949 5340 2064 5396 diximus
2085 5341 2114 5398 io

158 5407 305 5487 seombrps
318 5405 466 5488 metujntia
479 5425 601 5463 armena
614 5424 666 5463 nes
676 5406 767 5463 tbus.”
1199 5408 1331 5467 chronic.
1366 5408 1444 5465 vine
1457 5408 1525 5465 Mel.

1279 5477 1374 5556 46*
