4500 5782
633 272 1082 351 urts'ronauou
1132 276 1237 350 mu
1272 278 1337 354 111.
1392 276 1521 354 roes.
2022 276 2097 349 oso
2167 304 2172 317 ‚
2217 228 2221 235 ¹

210 440 239 513 I
247 441 458 518 oachimo
483 441 778 531 cantuario,
809 444 849 518 S.
863 443 918 519 D.
1110 448 1272 518 scribere.
1350 448 1442 519 Nam
1476 450 1520 519 de
1552 449 1694 538 ingenio
1725 463 1803 535 tuo,
1841 453 1956 543 deque
1982 448 2097 525 facul-

1110 563 1180 619 tate
1205 552 1366 637 illa'tua,
1402 551 1459 621 vel
1483 551 1521 618 in
1545 552 1659 620 soluta
1683 552 1860 639 oratione,
1898 552 1955 619 vel
1977 549 2016 619 in
2041 549 2096 621 fa-

1111 652 1236 723 ciendo
1248 678 1371 736 versu,
1403 654 1491 746 quid
1508 653 1675 739 sentiam,
1707 654 1801 723 malo
1819 679 1860 723 ex
1877 652 1956 721 aliis
1978 666 2013 722 te
2032 675 2097 721 au-

1111 755 1204 838 dire,
1231 780 1336 849 quam
1355 756 1430 846 ipse
1446 757 1673 846 perscribere.
1723 752 1771 824 Et
1786 769 1904 825 tamen
1919 738 2097 852 dyorpeti-

1109 866 1182 935 τως
1196 854 1259 929 καὶ
1272 851 1542 940 droia-aeduos,
1577 869 1636 926 aut
1651 870 1690 927 tu
1704 852 1794 925 mihi
1817 856 1936 925 videre
1956 854 2098 924 ruinam

1111 956 1308 1030 litterarum
1324 960 1498 1029 sustinere
1512 983 1632 1051 posse,
1657 973 1717 1027 aut
1733 973 1910 1051 praeterea
1924 959 2018 1027 inter
2030 978 2100 1027 no-

1110 1074 1200 1130 stros
1216 1057 1379 1130 homiues
1396 1062 1431 1129 id
1447 1086 1551 1129 nemo
1568 1061 1708 1152 poterit.
1762 1062 1880 1149 Quam
1900 1061 1948 1130 ob
1971 1082 2045 1128 rem
2064 1071 2099 1128 te

1110 1158 1299 1250 adhortor,
1328 1176 1368 1233 nt
1381 1164 1476 1257 quod
1492 1163 1595 1246 lacis,
1630 1186 1749 1253 pergas
1768 1163 1891 1231 sedulo
1907 1162 2040 1244 lacere,
2066 1172 2100 1229 et

1111 1264 1170 1331 illa
1187 1281 1247 1335 tua
1266 1267 1381 1336 studia
1395 1290 1530 1355 urgere.
1582 1263 1655 1334 Nos
1677 1261 1736 1333 bic
1757 1262 1958 1334 incredibili
1979 1263 2100 1332 labore

1110 1370 1330 1459 provinciam
1346 1381 1501 1435 nostram
1520 1380 1668 1436 tuemur.
1713 1364 1803 1434 Nam
1821 1367 1979 1434 laborem
1995 1364 2101 1432 etiarn

1111 1484 1192 1540 tuus
1209 1472 1325 1539 abitus
1342 1470 1456 1554 anxit3
1491 1470 1557 1539 scis
1579 1468 1674 1535 enim
1697 1482 1865 1561 quantam
1882 1468 1957 1535 vim
1973 1461 2102 1535 habeat

1112 1566 1184 1645 σύν
1202 1598 1235 1644 τε
1257 1565 1324 1643 dd'
1342 1566 1541 1665 ἐρχομένω.
1592 1564 1777 1639 Aristiden
1800 1570 1929 1661 accepi.
1978 1566 2101 1638 Plato·

1113 1701 1195 1746 nem
1217 1676 1284 1743 sibi
1299 1675 1430 1763 delegit
1445 1673 1702 1765 exagitandum.
1755 1670 1900 1741 Tractat
1917 1670 2011 1739 enim
2028 1669 2102 1739 dis·

1111 1778 1348 1870 putationem,
1380 1800 1469 1868 quae
1493 1790 1543 1844 est
1567 1773 1604 1840 in
1628 1769 1763 1859 Gorgia
1788 1774 1895 1843 illius.
1946 1770 2017 1842 Sed
2039 1770 2102 1840 ubi

1113 1882 1180 1950 erit
1206 1893 1341 1950 tantum
1365 1878 1449 1960 otii,
1490 1876 1620 1945 curabo
1644 1875 1710 1943 tibi
1734 1869 1891 1973 deipnos,
1920 1875 2016 1943 unde
2039 1896 2130 1963 gu-¹

84 582 161 671 inm
183 620 250 689 ego
272 601 422 690 negotiis
443 600 699 694 multiplicibus
721 597 915 688 distrahar,
947 626 1061 696 neque

84 724 185 779 rouen
204 703 425 773 occasionem
454 704 563 773 ullam
593 704 869 795 praetermittam
895 704 1061 775 mittendi

84 802 185 875 teras
212 804 260 872 ad
286 819 340 890 te,
379 805 532 874 debebas
561 818 601 875 tu
631 829 703 875 esse
723 799 834 897 magis
855 808 998 876 sedulus
1021 806 1060 875 in

85 894 269 978 cribendo.
325 904 500 993 erzrmris
517 908 612 977 enirn
632 908 850 989 molestiaet
872 908 1061 979 difficulta-

85 1029 115 1077 es
138 1006 212 1077 tibi
233 1006 366 1077 multae
391 1008 611 1105 offerantur,
641 1023 732 1079 certe
756 1035 830 1080 non
852 1024 924 1081 tam
946 1010 1060 1081 tristia

85 1132 184 1202 eqtre
200 1101 403 1203 ταραχώδη
419 1105 482 1181 καὶ
499 1103 668 1203 ἀνήνυτα
687 1114 826 1203 negotia
842 1113 1061 1183 obiiciuntur

86 1224 171 1303 tque
196 1204 300 1282 mihi.
350 1209 491 1303 Quaeso
515 1214 624 1304 igitur
646 1226 696 1298 tc,
726 1239 828 1307 saepe
851 1229 886 1287 ct
908 1216 1060 1285 multum

86 1306 155 1381 tihi
181 1310 339 1386 scribito.
401 1312 555 1409 Potuisti
579 1340 743 1407 praesens
770 1318 985 1409 perspicere,
1027 1330 1061 1386 et

87 1413 218 1495 mnino
238 1414 454 1506 perspexisse
477 1429 511 1485 te
535 1417 673 1487 confido
694 1418 1061 1491 affectionemamoris

86 1516 139 1585 rei
159 1539 244 1605 erga
264 1529 310 1586 te.
368 1514 484 1588 Credo
509 1519 682 1590 divinitus
706 1544 771 1589 nos
796 1521 983 1610 coniungi,
1027 1534 1061 1588 et

89 1631 228 1688 ostram
260 1619 547 1714 coniunctionem
576 1623 798 1712 profuturam
829 1625 935 1693 rebus
965 1646 1063 1691 com-

86 1720 242 1791 sunibus
265 1743 378 1815 spero.
434 1717 513 1792 Etsi
543 1748 633 1817 quae
665 1746 727 1813 ego
759 1749 779 1792 a
806 1726 921 1817 prima
951 1737 1062 1793 aetate

87 1820 187 1893 tudia
202 1820 308 1903 colui,
334 1822 534 1917 quibusque
550 1839 589 1896 tu
605 1827 675 1893 iarn
692 1825 818 1917 incipis
833 1827 998 1912 eminere,
1024 1850 1062 1895 ea

87 1947 144 1995 '⁰⁰
164 1946 283 2012 magm
301 1925 966 2020 henaIdemquev¹de⁰elmd¹gn⁰r⁹
1016 1924 1064 1996 El
1114 1997 1205 2053 stum
1220 1981 1336 2071 operis
1353 1980 1468 2050 facias.
1520 1976 1637 2045 llodie
1655 1976 1788 2067 accepi,
1818 1979 1863 2046 de
1880 1975 2007 2059 exilio,
2036 1996 2103 2041 no-

87 2019 353 2198 gugsffilslffi
374 2029 1065 2225 lssztllssmmfflnfflgfflag‘i't⁵231thss
1113 2111 1199 2155 vum
1214 2082 1392 2166 libellum,
1424 2080 1566 2149 videtur
1588 2080 1679 2147 bene
1699 2078 1808 2146 latine
1830 2078 1947 2173 loqui,
1980 2099 2103 2145 rerum

88 2224 190 2299 duna
215 2223 306 2298 mihi
330 2231 480 2303 veniunt
502 2232 543 2301 in
566 2248 723 2305 mentem
745 2230 813 2305 hoc
837 2236 914 2305 loco
999 2258 1065 2303 uae
1115 2187 1250 2279 inspexi
1267 2200 1421 2267 tantum,
1449 2181 1643 2300 misissem,
1673 2180 1713 2248 ni
1736 2182 1957 2248 convenisset
1980 2191 2020 2247 ut
2040 2200 2103 2266 ego

88 2342 326 2402 assent-recte
346 2332 433 2419 (1305,
465 2333 574 2403 scribi
598 2360 672 2406 non
695 2338 829 2429 placet,
861 2289 933 2429 (Μ’
955 2260 1065 2426 “3¹33ss
1114 2291 1213 2383 prius
1228 2288 1396 2377 legerem,
1430 2307 1561 2376 (puppe
1583 2309 1644 2375 qm
1670 2306 1751 2351 vere
1774 2280 2044 2364 rurucexulenr,
2071 2292 2106 2348 et
2142 2312 2145 2317 .

88 2428 252 2527 ulloquia
266 2446 386 2505 nostra
403 2434 583 2521 desidero,
607 2451 640 2507 et
656 2440 759 2509 doleo
776 2438 988 2509 discessione
1004 2453 1065 2509 tua
1114 2404 1263 2483 amma
1290 2402 1324 2458 οἱ
1349 2411 1367 2456 ³¹
1391 2388 1494 2453 mins
1512 2388 1708 2456 ‘miramus'
1750 2380 1914 2455 Chnsms
1930 2394 2045 2453 wel
2058 2393 2103 2452 ιε’

88 2534 330 2625 bl'¹¹12130550·
389 2532 489 2625 Quae
511 2550 628 2615 lamen
650 2542 741 2612 tanti
774 2540 987 2625 nonfacio,
1024 2553 1065 2609 ut
1113 2481 1488 2591 Pd‘ll033‘b³r⁰⁰*)·

88 2634 194 2706 oalirn
212 2630 276 2704 his·
285 2638 438 2708 fruendo
457 2639 579 2709 serviri
603 2665 701 2711 meae
722 2641 925 2734 cupiditati,
957 2667 1065 2736 quam

89 2737 140 2809 nis
156 2737 359 2809 rationibus
369 2739 525 2817 consuli.
561 2740 661 2817 Vale.
711 2740 936 2815 Catharinac.
1126 2772 2106 2819 .-....-.-.’.....-------------,--

813 2840 1014 2938 Philippus.

1854 2581 2053 2677 Philippus.

1126 2932 1194 3008 No.
1210 2935 1297 3003 300·
1939 2938 1971 2996 8.
1988 2925 2082 2989 Decb.

1120 3029 1292 3058 Μ
1925 3014 2162 3051 *ΟΝ-

89 3070 254 3199 Q
940 3079 1063 3148 suaa

929 3175 1064 3203 M

1354 3104 1471 3184 Hier.
1500 3096 1864 3209 Boumgortnero.

348 3224 497 3309 [vach
531 3220 791 3310 cameraria
1111 3318 1115 3325 ·
1182 3291 1267 3365 Epist.
1284 3290 1333 3345 lib.
1346 3289 1391 3343 Vl.
1408 3308 1435 3361 p.
1450 3288 1492 3341 ts.
1510 3316 1543 3330 -
1580 3285 1663 3341 Nunc
1675 3301 1705 3336 er
1719 3281 1888 3353 autographo
1902 3280 1929 3333 in
1944 3277 2105 3338 courum.
2158 3294 2163 3301 ·

138 3382 227 3454 Epist.
244 3381 277 3435 ad
294 3378 432 3436 Camerer.
452 3400 480 3453 p.
496 3382 539 3437 12.
819 3428 824 3441 ,
1220 3363 1241 3415 l.
1261 3380 1304 3432 ep.
1316 3362 1341 3413 8.

135 3495 391 3573 Ioaclrimo
416 3495 700 3572 Comerorio
723 3499 996 3599 Banabergeosi
1114 3502 1169 3582 D.
1196 3502 1478 3597 Hieronymo
1501 3495 1865 3592 Bomgortnero,
1898 3492 2106 3562 amicosoo

261 3638 264 3643 >
352 3601 472 3673 amico
490 3628 648 3687 summo,
675 3601 714 3675 S.
730 3602 784 3681 D.
1534 3625 1686 3671 summo.

91 3716 273 3807 lax'literis
294 3738 364 3807 tuis
395 3739 439 3807 de
468 3740 615 3825 itincre,
656 3742 770 3836 deqrw
797 3744 913 3817 reditu
938 3759 999 3817 tuo
1027 3747 1065 3816 in
1114 3724 1159 3815 S.
1210 3736 1311 3811 Nihil
1329 3740 1448 3809 minus
1468 3735 1587 3821 volui,
1620 3760 1725 3829 quam
1749 3744 1872 3804 auctor
1895 3753 1968 3800 esse
1992 3743 2104 3800 extra-

93 3839 233 3923 atriam‚
258 3864 350 3933 quae
370 3841 542 3927 volebam,
566 3845 726 3932 cognovi.
767 3842 929 3921 Fuerunt
946 3848 1064 3943 itaque
1115 3840 1224 3914 hendi
1241 3842 1372 3932 negotii
1389 3843 1433 3909 de
1450 3834 1581 3912 schola.
1634 3835 1753 3925 Quare
1772 3849 1806 3904 tc
1823 3857 1926 3923 rogo,
1950 3832 2002 3901 mi
2017 3829 2106 3901 Hie-

91 3941 285 4010 rirabiliter
310 3941 494 4026 iucundae.
554 3940 786 4041 Primumque
809 3948 881 4018 illis
905 3949 1065 4043 acceptis,
1114 3970 1273 4040 ronyme,
1297 3969 1342 4011 ne
1358 3967 1413 4010 me
1431 3938 1645 4033 exspectetis,
1665 3938 1754 4032 quin
1773 3936 1915 4026 deligito
1931 3935 2031 4003 vobis
2048 3934 2105 4004 iu-

91 4043 246 4135 espirare
268 4042 453 4113 videbara
477 4044 657 4133 molestia,
697 4074 803 4141 quam
827 4075 868 4119 ex
897 4065 958 4121 tuo
992 4052 1065 4122 dis-
1114 4064 1208 4121 terea
1233 4072 1274 4116 ex
1287 4045 1549 4115 Professoribus
1572 4065 1686 4110 unum
1709 4041 1883 4133 aliquem,
1917 4038 2022 4128 quein
2037 4059 2105 4127 pu-

92 4148 170 4214 'essu
184 4169 434 4236 conceperam,
460 4172 550 4240 quae
563 4148 629 4218 fuit
643 4172 727 4218 sane
743 4144 883 4240 grauior
901 4152 1065 4249 aliquan·
1114 4152 1194 4223 tetis
1209 4172 1328 4242 parem
1344 4172 1416 4217 esse
1429 4143 1669 4235 magnitudini
1686 4142 1748 4215 rei.
1799 4134 1899 4209 Nihil
1920 4137 2104 4207 ambitiose

92 4270 127 4332 o,
159 4270 266 4340 quam
289 4259 330 4316 ut
351 4248 460 4317 libeat
482 4250 526 4318 de
552 4273 592 4319 ca
616 4251 779 4324 scribere.
830 4253 901 4324 Sed
924 4256 1063 4327 vincam
1114 4253 1247 4336 scribo,
1271 4251 1309 4319 in
1326 4262 1476 4319 retenta
1494 4271 1567 4316 non
1585 4235 2006 4314 coni-enitetam'oaodar.
2056 4234 2105 4309 Et

92 4348 352 4418 inbecillitatem
366 4372 498 4435 meam,
523 4353 631 4421 modo
650 4366 711 4423 tuo
728 4354 825 4423 bono
843 4356 990 4427 verteris
1007 4383 1064 4427 so-
1113 4380 1176 4447 ego
1191 4354 1310 4423 omnia
1325 4352 1465 4435 malim,
1491 4374 1597 4442 quam
1617 4347 1689 4415 ullo
1709 4346 1815 4415 modo
1832 4340 1964 4412 morari
1985 4338 2105 4433 publi-

92 4470 160 4523 um.
211 4445 260 4519 Et
276 4444 370 4519 nihil
383 4446 441 4521 hic
458 4466 549 4537 erat,
582 4456 676 4546 quod
701 4457 853 4527 retinere
879 4473 910 4529 te
937 4475 1062 4551 posset.
1113 4482 1195 4528 cum
1216 4454 1441 4525 commodum
1461 4450 1561 4522 urbis
1583 4462 1726 4520 restrae.
1785 4442 1880 4534 Ego,
1918 4444 2005 4513 dum
2026 4467 2104 4513 mea

93 4548 141 4621 lic
155 4546 308 4620 hederae
325 4553 401 4622 sinc
419 4547 556 4624 honore
572 4557 703 4642 iacent,
729 4572 769 4627 ut
784 4558 837 4628 ait
851 4559 921 4632 ille.
969 4559 1064 4631 Gra·
1113 4582 1219 4652 opera
1243 4554 1304 4626 bic
1323 4568 1406 4643 suut
1426 4554 1543 4638 usuri,
1571 4551 1673 4620 nullo
1693 4550 1800 4619 modo
1823 4546 1929 4616 avelli
1950 4568 2104 4635 possum,

93 4650 168 4723 olor
189 4654 254 4721 tibi
276 4656 450 4740 reditum,
486 4671 639 4751 optoque
662 4671 702 4728 ut
726 4662 884 4731 lortunet
900 4658 1063 4734 Christus
1112 4661 1267 4731 neculla
1283 4682 1338 4728 res
1356 4671 1406 4727 est
1422 4669 1535 4740 tanta,
1567 4678 1642 4724 non
1659 4652 1842 4729 valetudo,
1877 4647 2104 4740 1¹⁰115¹¹⁰Pi²b
2195 4702 2201 4715 ·

93 4780 130 4825 aa
156 4756 314 4828 consilia.
366 4754 420 4825 De
440 4752 679 4849 Epicedio*),
714 4764 809 4854 quod
837 4764 980 4850 scribis,
1011 4767 1063 4836 mi
1112 4787 1203 4858 (quae
1219 4786 1275 4831 me
1291 4757 1375 4830 hinc
1392 4758 1570 4840 extrudat,
1602 4754 1810 4847 priusquam
1828 4751 1865 4821 id
1881 4747 2026 4820 honeste
2047 4750 2103 4817 vi-

93 4849 565 4950 odchime,1iciii‘odrorc,
601 4863 755 4932 utnulla
774 4864 819 4933 sit
837 4891 975 4952 caussa,
1000 4848 1063 4939 cui
1112 4869 1214 4934 deam
1229 4888 1330 4955 posse
1346 4862 1432 4931 fieri.
1484 4858 1604 4929 llalres
1622 4850 1844 4951 mucltetur·
1870 4846 1917 4922 τὰ
1934 4845 2043 4922 λοιπὰ
2060 4843 2102 4921 δὲ

93 4958 207 5043 datur,
235 4960 315 5043 tilio,
341 4974 432 5028 certe
449 4986 548 5031 casus
563 4964 624 5031 ille
638 4978 793 5035 meretur
808 4968 940 5037 delleri.
979 4969 1061 5040 Non
1112 4967 1208 5039 θεοῦ
1222 4968 1262 5038 ἐν
1275 4958 1434 5065 γούνασι
1449 4965 1576 5034 κεῖται.
1863 5054 1867 5061 Ι

94 5085 142 5129 un
167 5061 273 5130 amici
297 5064 466 5133 memoria
485 5088 524 5134 ac
542 5066 757 5138 desiderium
778 5070 928 5152 cruciat,
955 5096 1062 5167 quam
1213 5063 1397 5161 Georgius
1413 5067 1525 5136 ambit
1539 5060 1756 5152 stipendium
1775 5082 1794 5126 a
1813 5055 1963 5140 Senatu,
1999 5076 2038 5121 ea
2062 5054 2099 5121 in

95 5162 159 5233 lud
189 5163 305 5253 ipsum
333 5157 552 5235 horrendum
579 5190 689 5257 genus
718 5170 853 5245 mortis.
923 5170 977 5242 De
1001 5197 1061 5263 ge·
1110 5196 1148 5242 re
1167 5171 1299 5262 accipio
1314 5168 1477 5240 adiuvari
1492 5190 1573 5237 cum
1588 5164 1632 5233 ab
1648 5152 1841 5231 Osiondro
1855 5180 1967 5248 posse,
1993 5179 2101 5250 quae-

93 5290 153 5335 ere
190 5289 357 5335 versuum
399 5270 513 5361 deque
554 5270 630 5361 ipso
666 5296 770 5364 opere
807 5269 898 5343 nibil
935 5275 1059 5346 attinet
1110 5298 1148 5345 so
1172 5274 1291 5367 itaque
1316 5272 1540 5341 commendes
1567 5267 1642 5335 eius
1664 5286 1804 5333 causam
1828 5259 1904 5344 illi,
1941 5272 1982 5329 ut
2005 5260 2099 5352 apud

94 5398 319 5415 *—
1108 5410 1342 5427 -n-——n—

97 5452 369 5523 oumiow.
460 5525 465 5533 ,
685 5503 688 5507 -
1142 5466 1172 5525 a
1189 5462 1430 5541 resono..
