4500 5782
58 228 127 305 us
638 220 1077 299 eessroeanuu
1124 202 1501 299 ele.11..'aseo.
1935 278 1938 283 -
2011 232 2089 307 eso

53 398 209 496 memphi
225 398 380 474 auribus
400 400 492 483 suis,
512 402 600 491 quas
613 398 755 491 peniteas
770 396 974 481 obstruxit,
987 400 1063 465 sed'
1099 395 1159 479 lit,
1181 396 1243 464 'sed
1260 395 1344 488 quia
1363 395 1469 466 titulo
1481 390 1679 485 Prophetae
1701 398 1867 485 guadeat,
1891 400 1964 493 quo
1979 401 2029 471 sic
2042 402 2090 471 il..

51 502 155 601 qood
163 504 314 593 linguae
326 502 466 595 promel
478 515 514 569 et
528 500 738 569 immodicae
751 500 886 572 timeat.
919 496 1048 589 Quod-
1099 497 1172 566 lam
1185 494 1399 591 Hieronymi
1415 496 1626 567 sententiam
1644 499 1676 568 ei
1698 499 1877 589 aptissime
1898 504 2107 573 convenire·

58 606 354 679 sloeluberrima
383 596 647 693 'Philosophiae
676 596 863 693 praecepti
899 612 1047 671 sectatus
1096 622 1175 667 nou
1194 598 1407 669 dubitemus.
1459 597 1604 667 Veteres
1624 595 1774 695 (iuquit)
1796 616 1956 673 sennam
1975 600 2091 677 histo·-

57 722 242 781 mtaacere
258 707 455 791 didicisset,
476 718 539 775 aut
555 705 648 773 bene
665 703 781 795 loqui,
803 702 903 772 omni
921 702 1050 771 finiere
1099 701 1171 769 rias
1187 698 1347 769 invenire
1362 724 1436 770 non
1455 723 1599 792 possum
1615 700 1754 794 aliquos
1767 702 1857 773 alios
1872 704 2016 777 scidisse
2031 732 2090 777 eo-
2206 713 2210 717 ’

54 828 187 881 vacuus
211 804 311 880 bunc
332 831 516 901 nunquam
528 799 792 899 Labyrinthum
812 805 992 888 intrasset,
1011 802 1050 871 in
1100 802 1242 872 alesiam
1270 814 1313 871 et
1339 803 1384 872 de
1413 804 1520 873 domo
1545 798 1695 871 Domini
1727 806 1879 896 populos
1912 809 2089 879 seduxisse

54 934 126 1009 qua
154 932 257 981 nunc
289 908 552 981 inextricabiles
582 907 724 999 penitus
751 928 888 975 errores
918 928 1052 990 ereans,
1098 918 1238 995 praeter
1253 927 1323 989 eos,
1343 905 1408 997 qui
1421 906 1617 979 sacerdotes
1636 902 1749 975 aDeo
1767 908 1876 997 positi
1892 908 2037 981 fuerant
2053 924 2089 981 et

50 1014 328 1111 qaamlongea·
341 1009 677 1099 sanctauunlegum
691 1008 752 1077 filo
767 1007 924 1093 incedat,
948 1007 1052 1075 dein-
1100 1001 1319 1096 Prophetae,¹
1339 1006 1445 1077 idest
1459 1007 1704 1098 speculatores.
1751 1005 1924 1099 ¹Isti-ergo
1942 1026 2090 1082 venun·

48 1134 143 1209 :seps
163 1114 405 1185 ostendemus.
464 1108 582 1179 Venio
609 1134 707 1179 nune
731 1110 779 1179 ad
804 1108 1051 1203 splendidissi-
1099 1120 1159 1177 tur
1172 1108 1392 1201 inlaqueem
1407 1112 1606 1178 tortuosum
1621 1108 1660 1175 in
1672 1110 1840 1179 omnibus
1849 1112 1939 1182 locis
1951 1136 2091 1206 moen»

48 1218 271 1291 mamillam
285 1214 460 1285 sacmram
473 1212 674 1282 litterarum
689 1212 924 1297 maiestatem,
948 1210 1051 1281 cuius
1099 1221 1152 1279 tes
1165 1210 1385 1283 scandalum.
1404 1208 1465 1279 'Ne
1481 1209 1589 1298 igitur
1605 1210 1758 1281 obiicere
1768 1212 1848 1304 quis
1861 1216 1990 1305 posset,
2005 1206 2090 1285 Lu-

56 1312 257 1393 fflrts'nus
280 1318 347 1388 iste
377 1328 553 1385 scruutor
573 1314 719 1384 effectus
742 1315 830 1383 dum
854 1314 1052 1383 malesanos
1101 1318 1217 1379 terum
1230 1312 1275 1381 ab
1290 1312 1435 1405 antiqua
1450 1307 1753 1381 schismaticorum
1765 1314 2091 1408 nobittmuatgto-

48 1420 267 1493 'mariae
294 1419 424 1487 mentis
448 1417 580 1487 oculos¹
602 1416 920 1509 aemulationisque
939 1428 973 1485 et
991 1439 1052 1485 su·
1100 1413 1154 1483 ria
1196 1414 1422 1503 degenerasse
1468 1427 1502 1482 et
1542 1412 1757 1484 sacerdotem
1794 1414 1832 1485 ¹ot
1880 1414 2090 1510 prophetam

51 1524 219 1619 perbiae,
244 1518 522 1612 lippitudinibus
536 1513 718 1589 hebetatos
736 1518 774 1585 io
794 1517 1053 1587 lucidissimum
1101 1514 1250 1585 omnino
1269 1516 1321 1585 sic
1336 1540 1374 1584 se
1388 1516 1504 1586 voluit
1518 1510 1694 1587 exhibere.
1732 1515 1829 1587 Dum
1842 1532 1961 1589 tamen
1975 1522 2090 1591 admi-

47 1622 375 1717 ·glolmmdeligere
386 1642 462 1690 non
474 1620 695 1704 reformidat,
714 1632 842 1692 atanta
858 1619 972 1710 gloria
987 1642 1064 1709 ορ-Ι
1101 1616 1372 1686 rabilemillam
1384 1614 1545 1686 Danielis
1565 1617 1772 1687 modestiam
1794 1633 1831 1689 et
1847 1623 2091 1693 mansuetudi-

46 1738 197 1823 -pres'sus
221 1738 258 1795 et
274 1725 485 1795 obcaecatus
504 1735 566 1795 est.
617 1716 664 1791 lu
685 1721 824 1811 magnis
848 1744 992 1815 nanque
1018 1732 1053 1791 et
1101 1742 1184 1787 nem
1210 1722 1291 1807 erga
1307 1714 1635 1788 Nabuchdonosora
1654 1718 1952 1810 superbissimum·
1965 1738 2001 1795 et
2016 1748 2091 1795 sce-

48 1828 286 1901 mimbilibus
309 1848 417 1917 super
437 1846 476 1892 se
493 1822 685 1893 ambulans
706 1837 813 1917 atque
831 1824 914 1914 plus
932 1845 1053 1913 sapere
1102 1820 1351 1891 leeatissimum
1374 1820 1567 1914 tyrannum
1586 1821 1771 1892 intuentur
1790 1824 1916 1909 multi,
1939 1840 2091 1919 quanta-

51 1930 181 2003 aeelens
209 1950 321 2023 qoam
348 1937 526 2019 oporteat,
564 1948 681 2020 neque
715 1924 887 2018 loquendi
910 1938 1053 2015 ¹tempus
1102 1945 1172 2016 que
1184 1922 1376 2013 prudentia
1390 1945 1432 1991 ex
1447 1922 1551 1991 belua
1565 1920 1722 1993 facturus
1734 1919 2017 1997 bominem-usus
2030 1929 2091 2015 sit,

58 2030 246 2123 coguovit,
277 2052 397 2122 neque
414 2026 535 2097 verbis
556 2027 629 2096 suis
649 2040 966 2119 temperamentum
986 2026 1054 2094 ali·
1102 2036 1234 2119 quanta
1253 2024 1415 2109 lenitate,
1441 2037 1571 2117 quama
1593 2024 1807 2110 reverentia,
1827 2028 1893 2097 etsi
1909 2029 1943 2097 ei
1954 2024 2091 2101 Divina

57 2134 153 2229 quod
166 2125 485 2225 potuitadbibere.
536 2125 609 2198 Sed
629 2142 820 2222 antequam
840 2127 1055 2198 manifestis-
1104 2120 1298 2196 authoritas
1324 2126 1476 2210 deesset,
1515 2150 1589 2194 non
1610 2120 1729 2195 umen
1748 2143 1890 2217 possent
1912 2154 1993 2199 eum
2015 2156 2092 2203 non

59 2236 156 2305 umis
176 2234 217 2303 id
229 2232 430 2302 rationibus
445 2230 604 2321 probem,
626 2230 772 2299 obsecro
786 2252 862 2313 vos,
882 2226 1055 2301 illustris-
1103 2224 1216 2297 aDeo
1230 2226 1379 2296 missum
1397 2227 1605 2300 existimare.
1656 2224 1706 2297 At
1721 2243 1842 2300 contra
1857 2226 2091 2324 quumMar-

49 2332 351 2425 -a'nui'l'rincipes,
375 2356 422 2401 ne
436 2332 528 2402 illud
546 2356 566 2400 a
583 2355 641 2399 me
654 2331 810 2420 exigatis,
836 2344 879 2401 ut
895 2331 1054 2420 singilla-
1103 2326 1177 2397 sini
1190 2328 1448 2399 immodestiam
1469 2329 1772 2424 petulantiamque
1787 2333 1955 2403 adversus
1975 2336 2092 2425 regale

60 2435 269 2509 momnis
288 2434 390 2504 istius
409 2456 540 2502 vesane
559 2430 653 2503 dicta
673 2432 916 2524 percenseam,
943 2456 1055 2527 quum
1103 2430 1349 2501 Sacerdotium
1365 2432 1572 2516 attendunt,
1597 2454 1672 2499 non
1688 2432 1728 2499 in
1744 2454 1821 2501 eam
1841 2436 1987 2529 quidem
2009 2459 2093 2507 aen-

53 2560 177 2633 ¹usque
198 2536 373 2607 memoria
402 2535 591 2631 consetpri,
613 2550 743 2627 'neqm
771 2535 937 2603 oratione.
956 2558 1055 2604 cosn-
1104 2533 1251 2602 tentiam
1265 2534 1393 2602 adduci
1407 2556 1482 2601 non
1496 2547 1663 2624 possunt,
1685 2535 1874 2628 quasillum
1895 2537 2093 2608 brmissime

62 2642 167 2733 plecti
194 2638 351 2735 possim,
387 2638 450 2706 sed
473 2637 558 2707 satis
583 2636 630 2706 sit
652 2658 779 2725 genera
801 2636 877 2728 ipsa
897 2636 1055 2705 breviter
1103 2647 1247 2704 teneant
1260 2636 1327 2704 sub
1347 2636 1424 2704 ovis
1441 2648 1535 2705 veste
1552 2632 1886 2707 truculentissimam
1906 2640 2017 2709 leram
2037 2642 2093 2709 vi-

55 2742 234 2833 attigisse,
258 2754 300 2811 ut
313 2762 357 2810 en
380 2739 520 2831 paucis,
543 2762 634 2831 quac
651 2739 786 2824 dicam,
811 2739 951 2807 infinita
971 2738 1054 2823 alia,
1104 2760 1204 2821 vere,
1236 2760 1326 2831 quae
1350 2737 1517 2806 cornibus
1537 2734 1708 2819 arietans,
1734 2738 1910 2811 'dentibus
1933 2742 2092 2814 saeviens

52 2866 149 2939 quae
162 2839 515 2913 subticebo-crimina
530 2840 766 2931 perpendatis.
817 2834 893 2929 Age
912 2864 996 2909 vero
1016 2840 1053 2909 id
1103 2852 1138 2907 et
1157 2852 1310 2907 mactare
1325 2852 1471 2929 quaerat
1491 2852 1526 2907 et
1541 2842 1687 2930 perdere
1712 2853 1818 2933 atque
1838 2840 1942 2911 etiam
1964 2843 2094 2915 falsum

52 2946 220 3039 primum
237 2944 441 3028 videamus,
473 2944 543 3035 qua
565 2942 737 3011 modestia
756 2938 913 3012 Romam
933 2964 1054 3011 veram
1103 2935 1614 3033 Propb'etam'(et-quanquam
1641 2955 1734 3011 totus
1751 2943 1957 3014 reclamaret
1978 2946 2093 3043 orbis)

54 3044 285 3141 babylonem
318 3044 472 3136 appellet
511 3042 715 3135 primosque
750 3042 791 3110 in
808 3083 811 3093 ·
831 3043 972 3112 ecelesia
1019 3055 1054 3111 et
1103 3042 1244 3111 diaboli
1252 3042 1435 3111 muntium
1457 3054 1493 3111 ct
1511 3038 1769 3117 antichristum.
1828 3041 1917 3115 Esto
1948 3071 2092 3141 nanque

53 3160 249 3243 -pseroset
267 3146 518 3215 effoeminatos
537 3158 642 3237 atque
663 3157 843 3237 tyrannos.
904 3140 965 3213 An
978 3138 1053 3213 'hoc
1103 3141 1310 3213 Sacerdotes
1324 3144 1370 3211 ab
1384 3142 1448 3211 illo
1470 3138 1617 3235 antiquo
1631 3144 1904 3215 clarissimarum
1919 3148 2092 3219 virtutum
2171 3130 2178 3153 ⁸

53 3247 286 3323 ionedocuit
294 3246 468 3339 sapientia
476 3246 550 3330 illa,
562 3269 653 3339 quae
667 3244 935 3314 divinitusdata
950 3242 1053 3339 (teste
1100 3242 1627 3337 morumquezsanctissimorum
1642 3258 1764 3315 tenore
1776 3247 1979 3322 defecerint.
2003 3248 2091 3323 Esto

62 3346 191 3423 lacobo
218 3344 429 3442 lipostolo),
470 3348 629 3440 primum
658 3346 805 3440 quidem
831 3346 960 3437 pudica
991 3360 1054 3433 est,
1101 3342 1202 3441 (licet
1224 3345 1398 3416 Salomon
1424 3368 1500 3414 non
1525 3345 1739 3442 consentiat)
1767 3343 1835 3419 boc
1854 3350 1901 3421 sit
1920 3352 1988 3424 sub
2009 3355 2091 3424 Sole

60 3452 190 3523 delude
207 3450 353 3543 pacifica
368 3464 403 3520 et
420 3452 593 3519 modesta:
616 3472 664 3517 an
683 3449 794 3539 magis
813 3448 941 3534 altera,
961 3472 1052 3544 quae
1103 3472 1236 3517 novum
1258 3448 1403 3517 vivendi
1425 3470 1535 3537 genus
1558 3449 1749 3543 prioraque
1766 3463 1925 3544 tempora
1942 3454 2090 3527 meliora

61 3554 154 3649 apud
182 3554 337 3623 eundem
361 3573 438 3621 non
460 3550 677 3621 descendens
700 3574 719 3619 a
741 3563 839 3641 patre
865 3550 1053 3634 lominum,
1094 3550 1251 3631 luerint,
1274 3563 1315 3619 ut
1329 3550 1463 3619 morosi
1477 3572 1577 3619 senes
1597 3564 1632 3619 et
1648 3552 1776 3621 stultus
1796 3555 1947 3649 quisque
1969 3580 2091 3629 causa-

51 3658 121 3727 ssd
134 3670 290 3739 merens,
308 3653 483 3738 animalis,
502 3652 679 3721 diabolica
696 3652 946 3743 naracupatur?
981 3651 1052 3723 Sed
1091 3666 1172 3733 tur.
1205 3647 1310 3721 ‘Esto
1335 3676 1432 3721 nunc
1453 3653 1608 3742 primum
1625 3650 1943 3745 iuxtaProphetam
1962 3656 2090 3729 Domi-

52 3754 150 3828 -milti
166 3752 256 3827 haec
273 3754 407 3825 dicenti
426 3755 512 3823 novi
534 3754 718 3846 quippiam
738 3754 874 3839 illucet,
898 3752 1067 3853 Romamg
1102 3776 1169 3823 nus
1192 3753 1355 3823 de·-coelo
1379 3752 1587 3845 prospiciat,
1612 3768 1652 3824 ut
1667 3755 1804 3836 videat,
1830 3756 1860 3825 si
1884 3774 1936 3829 est
1957 3760 2091 3831 intelll-

59 3854 448 3949 lortassisliabyloirem
461 3857 507 3925 ab
522 3855 584 3923 illo
598 3856 680 3939 dici,
695 3856 877 3948 quoniam,
886 3880 1002 3949 φιιιπι
1015 3858 1068 3927 sei
1095 3868 1273 3945 genennt
1300 3858 1485 3947 requirens
1506 3853 1639 3941 Deum,
1671 3880 1866 3951 omnesque
1886 3862 2089 3931 declinave-

58 3955 411 4031 droamnamuem
426 3956 619 4027 existimari
633 3957 736 4042 velit,
760 3958 1051 4026 convenientissi-
1101 3957 1191 4042 rint,
1221 3956 1335 4025 simul
1360 3958 1503 4027 inutiles
1522 3957 1605 4026 facti
1628 3956 1716 4041 sint,
1753 3982 1818 4028 nec
1839 3961 1884 4031 sit
1905 3963 1967 4055 qdi
1985 3964 2087 4035 iaciat

55 4084 160 4133 mm
178 4060 258 4131 fore
277 4058 487 4145 arbitratur,
510 4072 552 4127 ut
567 4056 733 4129 Seniores
755 4059 828 4149 ipse
851 4071 885 4127 et
904 4058 1052 4151 presby·
1100 4058 1248 4142 bonnam,
1271 4081 1460 4150 necesque
1481 4060 1525 4126 ad
1543 4080 1668 4129 unum.
1717 4053 1816 4145 Esto,
1832 4063 1988 4155 inquam,
2008 4078 2089 4135 tan-

53 4178 154 4237 aems
174 4162 370 4255 aliquando
391 4161 541 4243 iudicet,
572 4159 636 4253 qui
658 4160 831 4251 populum
854 4182 973 4248 regere
993 4160 1051 4227 vi·
1100 4162 1180 4229 dem
1199 4161 1244 4228 sit
1258 4158 1374 4231 Ronta
1395 4160 1589 4251 peccatrix,
1613 4160 1660 4229 sit
1680 4161 1826 4245 misera,
1852 4164 1897 4232 sit
1917 4166 2087 4242 adultera.

58 4264 249 4337 debentur.
299 4256 855 4333 VerumsinostcrhicDaniela
871 4259 947 4329 Deo
963 4262 1051 4329 mis-
1099 4260 1317 4331 Noutanien
1333 4262 1501 4335 debuerat
1515 4256 1711 4329 Martinus
1728 4264 1864 4354 primus
1881 4267 1920 4334 in
1939 4270 2088 4339 eam-la·-

55 4386 119 4435 'sus
129 4359 396 4435 immoraturus
412 4378 464 4433 est
482 4363 623 4447 omnia,
644 4386 711 4431 cur
726 4386 800 4429 nain
812 4361 965 4433 Romam
977 4360 1051 4431 Ba·
1095 4360 1219 4454 pidem
1231 4362 1386 4447 mittere,
1409 4363 1479 4430 nisi
1494 4364 1584 4432 sorte
1600 4364 1742 4432 fortuna
1756 4365 2036 4441 seianocentem·
2053 4388 2088 4442 ct

61 4464 578 4561 bylonemaltepammccedit,
591 4476 632 4533 ut
650 4464 720 4531 iam
741 4464 811 4533 iam
830 4465 1049 4554 pientissimo
1066 4464 1069 4469 ’
1093 4466 1176 4533 sine
1209 4474 1347 4555 peccato
1376 4464 1471 4533 dicat
1495 4478 1602 4557 atque
1623 4466 1775 4557 seipsum
1797 4469 1966 4540 seducens
1985 4498 2087 4543 men-

56 4568 161 4659 operi
180 4566 422 4656 seaceingatl
468 4562 671 4657 Principem
688 4564 814 4660 (dicet)
833 4566 951 4638 tirneo.
1004 4562 1069 4636 alt:
1094 4566 1231 4635 'dacem
1239 4566 1346 4635 iaciat
1358 4562 1493 4638 Deum.
1551 4564 1659 4654 Quod
1679 4562 1944 4643 tametsi·suet·it
1971 4598 2087 4661 ausus,

62 4666 345 4761 RegemtDaniel
366 4668 456 4736 alter
475 4667 537 4735 ille
557 4690 633 4735 non
652 4667 782 4739 timuit.
833 4666 955 4757 Ignem
976 4670 1052 4737 lor·
1095 4682 1141 4737 -ut
1161 4668 1274 4737 multa
1294 4667 1364 4737 alia
1387 4692 1479 4737 nova
1502 4668 1652 4759 superbe
1674 4671 1782 4740 nimis
1800 4668 2086 4768 etintemperan·

57 4772 169 4845 mido.
221 4766 481 4840 ¹llt·fornaeem
499 4767 684 4838 ardentem
703 4770 873 4837 innocens
894 4768 956 4838 ille
977 4794 1051 4839 non
1101 4784 1155 4840 ter
1180 4769 1332 4853 invexit,
1378 4768 1588 4839 inclinatum
1620 4784 1739 4841 mmen
1767 4772 1989 4845 senatorem
2019 4804 2087 4849 no-

56 4868 311 4943 emisseni
325 4868 464 4939 Leonis
483 4870 645 4960 potentia
659 4883 806 4942 terreor.
857 4864 990 4945 Ateus·
1012 4855 1069 4949 tu}
1099 4870 1211 4943 st'rum
1232 4870 1397 4963 aspiciat,
1431 4868 1491 4965 qui
1513 4872 1625 4961 digito
1649 4876 1806 4943 scribens
1834 4876 2005 4959 interra,
2045 4881 2085 4949 in

59 4968 192 5045 holeis
221 4970 477 5061 ’Βείιὶςηὶεοὶιυὶ
499 4972 502 4977 '
519 4986 565 5040 ct·
587 4969 852 5040 elementissimi
886 4996 1068 5043 mansue,
1099 4988 1204 5057 terra,
1219 4970 1376 5065 inquam,
1391 4973 1487 5042 bona
1500 4976 1662 5059 etmulli,
1674 5000 1750 5045 non
1765 4977 1803 5044 in
1819 4976 2017 5048 durissimis
2034 4982 2087 5051 la-

58 5074 404 5157 'tdinederrearim
449 5073 601 5165 quando«
622 5070 786 5142 Leonum
817 5073 880 5142 ille
919 5077 1052 5147 multo-
1098 5075 1243 5165 pidibus
1257 5073 1387 5158 Masis,
1407 5076 1581 5146 fraternae
1603 5077 1705 5145 illum
1725 5070 1904 5149 charitatis
1920 5082 2086 5155 admonet

62 5172 267 5252 aen-'rabie
289 5174 672 5265 dentibustpae'temeri
686 5198 774 5242 non·
793 5175 935 5265 potuit?
985 5174 1051 5245 Vi·
1099 5190 1204 5269 atque
1227 5176 1317 5247 illud
1329 5174 1528 5247 Hieremiae
1542 5179 1710 5267 suggerit:
1744 5174 1947 5249 Audivimis
1963 5205 2087 5275 super-

62 5274 377 5371 detisitaqe'enon
395 5276 543 5344 eamnb
564 5291 643 5345 rem
652 5273 815 5345 Danielis
835 5298 968 5347 nornen
991 5278 1051 5348 isti
1098 5278 1196 5349 biam
1205 5279 1321 5364 istius3
1333 5274 1960 5370 supersusotvstdafflttmitatem
1970 5286 2085 5357 eiuset

66 5376 213 5465 placere,
234 5380 333 5473 quod
343 5378 394 5449 ab
413 5376 479 5447 illo
494 5378 697 5467 resoptime
710 5391 823 5466 gestas
838 5378 972 5451 imitari
988 5404 1051 5449 ve-
1099 5358 1868 5472 arrogantiametsoperhtamfflsn
1881 5386 1999 5456 cordis
2009 5390 2086 5458 eius

1370 5476 1417 5549 15
1443 5475 1465 5515 '⁵
