4500 5782
117 242 239 306 min
289 229 389 329 se.
438 228 514 309 nn
543 190 837 309 srnuo'eis
869 230 1315 317 emeramensi·
1339 239 1470 318 uni..
1501 241 1971 351 serris-seam
2021 274 2147 369 xxm

135 395 454 501 &Epistulae
485 402 745 476 selectiores
779 403 960 505 aliquot
991 399 1106 478 Plei-
1153 434 1237 482 nem
1268 409 1624 507 Brandeburgeusem
1654 421 1699 493 de
1728 415 1797 494 hoa
1832 448 1897 497 ,110
1924 424 2021 500 mm,
2055 418 2143 505 hm

94 546 97 551 .
161 500 286 601 lippi
312 498 866 579 Melantloniseditaea
896 500 1104 601 Casparo
1154 514 1368 606 praelatum:
1780 534 1782 539 ,

156 597 372 677 Peucero.
412 599 510 679 Cum
519 607 649 702 gratia
664 617 698 678 et
736 604 914 703 rivilegio.
957 605 1103 685 Wiea

156 701 432 783 excudebdolt.
443 700 570 781 Grato.
612 706 684 781 166
714 759 722 781 .
750 709 786 782 8.

1254 658 1364 747 „Hoc
1381 670 1485 736 tanto
1498 662 1577 738 Dei
1589 664 1757 765 beneficio
1771 683 1950 771 quantum
1964 670 2144 755 abutatur
2186 711 2187 714 ’

1203 758 1273 835 lioe
1286 761 1445 836 seculum
1460 779 1643 858 nastrum,
1665 782 1697 843 et
1721 783 1805 844 ante
1828 774 1951 853 oculos
1970 791 2079 881 atque
2099 785 2142 858 iri

206 874 352 973 nuptu
374 874 527 952 habetur
545 880 671 968 editio,
697 884 822 955 eodem
843 905 937 953 anno
958 882 1048 954 facta
1067 898 1103 955 οἱ
1206 876 1391 966 conspectu
1407 879 1478 953 cst,
1502 880 1533 941 et
1552 870 1672 969 pilae
1690 871 1914 951 boniomnes
1930 878 2063 983 ubique
2078 883 2141 959 de.

107 976 144 1051 in
169 980 299 1051 eadem
321 978 487 1077 Cratonis
511 982 664 1056 officina.
731 983 925 1079 Utriusque
952 985 1100 1077 paginae

106 1096 269 1153 aurate
291 1083 511 1155 conveniunt
527 1107 641 1179 usque
657 1079 714 1155 ¹ad
738 1108 816 1176 pag.
840 1082 936 1170 559,
967 1087 1032 1155 ubi
1060 1085 1100 1157 in

106 1180 216 1257 attera
230 1185 356 1255 addita
370 1198 422 1257 est
438 1183 555 1277 peso
564 1182 696 1256 -576
712 1187 899 1272 „defensio
906 1181 1002 1259 Phil.
1012 1184 1101 1258 Mel.

76 1312 79 1317 ·
108 1297 231 1356 contri
247 1281 464 1360 lo.Eckium
473 1282 690 1377 'l'lieologiae
704 1289 939 1380 professorem
947 1287 978 1374 ,”
992 1286 1099 1387 (quae

107 1383 208 1477 epist.
228 1387 419 1480 separatim
446 1388 534 1458 olim
557 1389 753 1480 prodierat,
786 1388 946 1464 Witteb.
971 1385 1099 1489 1519).

108 1482 225 1560 llabct
259 1489 371 1581 igitur
404 1490 513 1562 altera
544 1490 651 1560 editio
680 1490 838 1584 paginas
853 1488 948 1577 569,
990 1491 1099 1564 altera

108 1612 164 1681 pp.
177 1585 272 1662 575.
323 1588 518 1684 Utramque
538 1594 661 1663 eedem
678 1593 823 1689 quidem
837 1617 945 1679 anno,
967 1595 1028 1664 sed
1042 1594 1099 1664 di-

109 1712 208 1762 rcrso
229 1704 355 1764 minen
376 1716 497 1765 mense
522 1693 614 1788 typis
637 1693 846 1785 exscriptam
865 1718 938 1766 esse
956 1694 1096 1766 collatio

111 1791 296 1889 utriusque
309 1796 423 1868 doces.
469 1792 587 1868 Habet
599 1818 661 1865 sua
675 1802 835 1894 quaeque
850 1798 979 1869 menda
994 1809 1098 1897 typo-

111 1888 293 1987 graphica,
331 1897 489 1990 quaein
519 1897 629 1967 altera
655 1920 730 1967 non
755 1897 943 1988 leguntur,
981 1922 1097 1993 neque

110 1996 240 2091 ubique
277 1999 428 2089 paginae
460 1997 620 2089 singulae
658 1999 878 2074 conveniunt
914 2000 1006 2086 sibi,
1057 2013 1097 2071 ut

110 2120 184 2189 pag.
207 2097 284 2169 192
309 2114 345 2171 et
367 2098 458 2184 193,
496 2124 613 2194 neque
642 2101 763 2170 eadem
793 2115 935 2172 servant
962 2102 1096 2203 ubique

111 2201 318 2292 compendia
344 2201 541 2285 scribendi,
566 2216 607 2272 ut
628 2227 661 2293 p.
683 2201 756 2273 192
774 2202 814 2271 in
836 2204 945 2275 altera
968 2205 1098 2294 legitur

111 2299 373 2387 monasticam,
411 2303 450 2371 in
472 2305 580 2374 altera
600 2304 818 2377 monastiea.
876 2304 1097 2396 Disputatur,

111 2414 185 2473 utra
204 2404 309 2497 prius
328 2404 438 2474 luerit
454 2406 566 2488 edita,
590 2419 624 2476 et
645 2400 851 2474 Strobelius
873 2430 951 2476 eam
972 2402 1097 2478 habuit

111 2503 280 2593 primam,
316 2507 356 2575 iu
378 2529 449 2600 qua
469 2507 627 2576 defensio
651 2519 775 2577 contra
795 2503 948 2576 Eckium
976 2508 1096 2585 addita

111 2619 166 2679 ut.
227 2602 527 2699 deputaverim,
563 2611 712 2678 eandem
743 2609 973 2700 posteriorem
1012 2634 1097 2695 esse,

112 2728 236 2799 mum,
260 2734 326 2779 eur
339 2702 519 2780 Peucerus
535 2709 632 2778 illam
649 2709 890 2781 defensionem
912 2712 1010 2802 prius
1032 2714 1096 2782 ad-

111 2808 215 2880 ditam
231 2824 356 2904 postea
377 2811 537 2895 eiecerit,
561 2813 661 2882 nulla
681 2813 828 2901 eogitari
850 2813 961 2903 possit
982 2837 1096 2899 causa,

112 2922 226 2982 coum
244 2937 332 2983 vero
355 2911 549 2983 verisimile
572 2914 636 2994 sit,
675 2914 779 2982 illum
801 2914 946 2984 alteram
970 2915 1097 2986 editio·

112 3033 187 3081 nem
217 3013 286 3084 icta
318 3013 526 3084 defensione
552 3015 699 3089 auxisse.
763 3012 830 3085 llle
858 3016 963 3086 etiam
992 3017 1096 3104 liber,

113 3136 211 3205 quem
228 3138 298 3186 nes
318 3114 475 3208 priorem
498 3111 686 3203 habemus,
710 3109 866 3187 chartam
891 3118 1095 3189 nitidiorem

113 3206 209 3287 tabet
220 3241 332 3312 quam
347 3217 449 3293 alter.

204 3346 337 3421 Insunt
351 3346 437 3424 huic
455 3350 655 3421 collectioni
672 3351 839 3443 epistolae
851 3346 1096 3423 Melantbonis

116 3445 198 3536 144,
238 3476 395 3546 quarum
425 3453 500 3522 lere
533 3452 789 3546 quinquaginta
830 3455 900 3524 iam
938 3455 1097 3525 ediderat

113 3548 284 3640 llanlius3
311 3556 363 3626 28
378 3554 566 3646 inscriptae
582 3549 853 3637 suntLutliero,
880 3557 925 3627 19
936 3550 1096 3660 Georgia

112 3644 277 3749 Principi
295 3649 527 3740 Anlialtino,
562 3656 611 3729 te
635 3656 778 3747 regibus
801 3670 834 3727 et
856 3656 1096 3750 Principibus,

113 3756 156 3825 tc
172 3749 369 3827 Nobilibus
389 3771 427 3829 et
444 3757 532 3826 viris
552 3757 692 3838 aulicis,
723 3759 882 3853 reliquae
902 3762 990 3831 viris
1014 3761 1097 3855 qni-

109 3858 255 3929 busdam
273 3859 378 3929 elaris
393 3873 429 3931 et
443 3858 764 3934 concionatoribus.
814 3858 939 3932 Plures
961 3886 1096 3949 earum,

109 3961 175 4029 lere
203 3958 270 4045 18,
302 3973 407 4030 antea
429 3960 615 4050 separatim
639 3960 754 4030 editae
772 3961 924 4037 fuerant.
982 3960 1095 4034 Ordi-

108 4086 186 4132 nem
202 4061 243 4131 in
259 4061 422 4133 locandis
443 4059 600 4153 epistolis
621 4064 763 4132 nullum
779 4060 954 4134 Peucerus
977 4088 1095 4136 serva-

108 4164 173 4249 vit,
204 4164 267 4234 sed
288 4163 447 4254 singulas
470 4163 652 4255 epistolas,
685 4178 866 4257 utcunque
894 4168 939 4235 ad
970 4191 1095 4239 manus

108 4277 222 4350 erant,
238 4259 462 4359 typographo
476 4266 696 4334 excudendas
711 4266 880 4350 tradidit,
901 4268 949 4338 ita
966 4282 1008 4339 ut
1019 4270 1095 4361 epi·

107 4367 214 4437 stolae
228 4368 275 4437 ad
290 4361 490 4437 Lutherum
504 4388 580 4434 non
595 4366 633 4433 in
647 4391 719 4438 ana
732 4367 841 4452 serie,
865 4371 927 4438 sed
942 4383 1096 4462 quatuor

107 4471 143 4537 in
165 4469 255 4537 lacis
275 4467 454 4558 dispersae
472 4468 644 4556 legantur.
693 4462 895 4560 Epistulae,
926 4494 1014 4564 quas
1030 4474 1096 4542 de-

108 4572 177 4654 dit,
216 4570 293 4639 lere
313 4577 438 4639 omnes
460 4582 544 4638 sunt
564 4569 741 4658 longiores
766 4584 801 4640 et
820 4572 990 4661 gravioris
1016 4598 1095 4645 mo-

108 4671 216 4740 menti
232 4685 269 4741 et
289 4670 366 4740 eius
387 4670 542 4760 generis,
566 4660 717 4763 quarum
731 4668 944 4742 Melanthon
959 4668 1094 4747 solebat

108 4774 264 4867 exempla
285 4772 358 4841 sibi
378 4796 519 4842 servare
541 4784 577 4841 et
598 4772 679 4841 aliis
697 4774 906 4849 describere.
957 4771 1093 4865 Omnes

1200 964 1365 1066 plorant.
1397 967 1580 1070 Impletur
1593 983 1625 1043 et
1637 974 1985 1054 turbaturEcclesia
1999 983 2140 1062 libellis

1203 1069 1435 1143 contentiosis
1447 1082 1478 1143 et
1491 1070 1692 1147 maledicis.
1731 1075 1865 1153 Vetera
1883 1081 1994 1156 utilia
2010 1095 2043 1159 et
2058 1087 2138 1161 ela-

1201 1167 1334 1243 borata
1343 1171 1480 1273 scripta
1490 1174 1929 1256 excutiunturemanidus
1936 1178 2141 1277 hominum,

1200 1282 1232 1344 et
1243 1270 1432 1372 paulatim
1442 1273 1647 1356 abolentur.
1679 1274 1835 1354 Pereunt
1848 1294 1969 1358 autem
1984 1290 2140 1393 utrique,

1200 1383 1233 1446 et
1254 1385 1399 1448 autores
1414 1377 1651 1478 scriptorum,
1674 1406 1768 1483 quae
1785 1386 1906 1502 premi
1920 1394 2139 1489 praestaret,

1199 1485 1232 1548 et
1247 1473 1499 1580 Typograplii
1517 1479 1557 1552 in
1577 1477 1643 1555 liis
1662 1480 1810 1564 edendis
1832 1488 2015 1564 auaritiae
2035 1496 2138 1583 suae,

1199 1603 1273 1650 non
1289 1578 1486 1661 commodis
1497 1582 1658 1681 publicis
1672 1585 1876 1679 seruientes,
1891 1617 2040 1694 eumque
2053 1624 2138 1673 ma·

1201 1677 1262 1763 lis,
1278 1706 1372 1782 quae
1385 1679 1471 1754 inde
1485 1681 1695 1761 redundarit
1711 1686 1751 1759 in
1761 1686 1980 1781 Ecclesiam,
1997 1702 2140 1776 occurri
2215 1763 2220 1771 .

1195 1782 1424 1881 privatorum
1451 1786 1617 1860 consiliis
1639 1802 1812 1890 nequeat,
1841 1794 2073 1876 considerare
2093 1820 2138 1879 ea¹

1197 1879 1389 1989 Principes
1408 1882 1564 1977 decebat,
1580 1898 1612 1961 et
1627 1886 1716 1963 dare
1729 1917 1893 1991 operam,
1920 1909 1959 1977 ut
1973 1910 2136 1979 caireea-

1199 1993 1260 2057 tur
1277 1984 1425 2062 licentia
1442 1989 1535 2083 isla,
1567 2000 1600 2063 et
1619 1986 1888 2092 proliibearitur
1905 2005 2137 2100 promiscuae

1199 2082 1470 2186 divulgationes
1486 2093 1729 2191 quorumlibet
1744 2093 1984 2181 libellorum'*

1248 2242 1270 2275 ,‚
1281 2191 1365 2264 Hae
1382 2188 1425 2265 de
1439 2215 1476 2266 ie
1492 2204 1531 2265 ut
1574 2221 1729 2283 uererer,
1754 2224 1905 2274 causam
1921 2201 2034 2292 milii,
2059 2208 2136 2284 imo

1199 2293 1442 2366 necessitatem
1461 2221 1590 2376 attulit
1611 2295 1723 2372 editio
1736 2298 1999 2402 Epistularum
2018 2303 2136 2385 Pti-

1197 2388 1325 2565 qp'spi
1343 2389 1725 2487 Melanetlionis,
1752 2430 1866 2502 nuper
1884 2408 2079 2508 publicata
2108 2443 2135 2489 a

1253 2493 1405 2588 anliu,
1427 2494 1534 2597 apud
1546 2526 1650 2602 quera
1667 2503 1705 2577 si
1717 2506 1823 2606 prior
1837 2535 1918 2587 mea
1934 2538 2135 2591 commorie-

1190 2595 1316 2698 factio
1335 2625 1414 2671 eum
1433 2602 1619 2701 reperisset
1638 2601 1776 2691 locum,
1801 2608 1869 2710 qui
1880 2607 2029 2692 debetur
2040 2643 2135 2714 gra-

1198 2707 1256 2769 tae
1277 2701 1408 2799 optimi
1418 2697 1668 2804 Praeceptoris
1690 2712 1903 2798 memoriae,
1928 2718 2032 2794 cuius
2050 2746 2136 2792 ma·

1197 2799 1307 2874 nibus
1320 2800 1543 2904 parcendum
1559 2820 1657 2891 erat,
1683 2836 1756 2895 non
1771 2811 1870 2886 milii
1881 2843 2088 2893 nuncnova
2103 2835 2137 2896 et

1198 2901 1331 2976 iterata
1355 2904 1503 3008 querela
1517 2907 1658 3027 suisset
1683 2939 1703 2982 o
1729 2939 1783 2993 us.
1833 2912 1980 2994 Prioris
1994 2924 2136 3026 sarru-
2239 2912 2242 2919 Ι

1194 3004 1298 3100 ginis
1312 3002 1350 3103 ⁴)
1375 3008 1566 3107 inspectio,
1595 3009 1666 3082 etsi
1685 2940 1766 3101 ll's,
1790 3017 1859 3118 qui
1880 3021 1998 3096 virum
2021 3024 2136 3103 audi-

1199 3118 1341 3192 uerant,
1361 3119 1394 3181 et
1404 3108 1579 3213 pleraque
1594 3123 1634 3185 ut
1640 3113 1799 3216 suerunt
1813 3118 1863 3192 ab
1877 3122 1958 3222 ipsa
1969 3128 2136 3226 prolata,

1199 3203 1400 3301 declarata,
1409 3211 1697 3301 accommodata,
1708 3220 1960 3313 meminerunt,
1965 3228 2137 3330 sortasse

1198 3335 1272 3388 non
1287 3312 1439 3415 ingrata
1453 3324 1517 3399 est,
1530 3327 1652 3391 tamen
1664 3343 1738 3419 quo
1753 3347 1833 3395 eam
1847 3321 1981 3445 affectu
1997 3342 2030 3406 et
2043 3361 2135 3435 qua-

1198 3437 1278 3497 cum
1295 3411 1337 3486 de
1349 3424 1477 3488 autore
1491 3412 1628 3492 iudicio
1642 3417 1734 3519 leget
1746 3435 1964 3523 posteritas,
1991 3458 2071 3509 cum
2083 3440 2135 3511 sit

1198 3515 1457 3594 consarcinata
1474 3518 1714 3595 stolidissime
1731 3533 1762 3597 et
1775 3525 1960 3631 plerisque
1982 3537 2022 3608 in
2044 3536 2136 3615 lacis

1197 3617 1351 3704 mutila,
1384 3615 1605 3720 depravata,
1639 3619 1773 3715 liians,
1805 3629 1985 3713 aberrans
2014 3638 2064 3717 ab
2095 3667 2137 3717 eo

1195 3744 1314 3818 scopo,
1335 3745 1440 3819 quem
1455 3722 1530 3823 ipse
1543 3726 1729 3825 spectauit,
1764 3727 1850 3807 alsa
1867 3735 1989 3824 etiam,
2006 3752 2136 3818 etcum

1196 3821 1416 3906 aucteribus,
1431 3832 1507 3896 tum
1516 3827 1715 3909 recentibus
1752 3832 1892 3913 i'sluriis
1901 3834 2139 3941 discrepans?

1196 3920 1257 3994 An
1276 3920 1364 4024 plus
1385 3918 1448 3997 liis
1469 3925 1602 4001 tribuet
1619 3930 1833 4030 posteritas,
1855 3963 1968 4039 quam
1979 3946 2135 4049 facetiis

1195 4021 1235 4095 B
1243 4022 1344 4096 edel
1352 4022 1500 4115 iuriis,
1520 4038 1587 4101 aut
1600 4030 1788 4117 similibus
1802 4040 1877 4110 scri
1900 4044 1999 4117 tis?''

1246 4123 1418 4210 „Fateor
1425 4128 1552 4235 juisse
1564 4157 1620 4205 me
1633 4134 1832 4234 farragine
1846 4066 1919 4219 illa
1929 4141 1989 4244 ⁴¹)
2002 4154 2133 4247 gravi-

1197 4238 1250 4299 ter
1272 4223 1471 4332 offensum,
1503 4243 1535 4303 et
1556 4236 1668 4311 auxii
1690 4234 1850 4313 dolorem
1872 4271 2008 4334 meum,
2033 4253 2138 4356 quod

1197 4354 1275 4401 cum
1296 4356 1437 4426 magna
1454 4329 1631 4409 aviditate
1645 4340 1766 4438 expeti
1780 4368 1859 4415 eam
1876 4345 2027 4424 uiderim
2041 4381 2133 4455 prae

1196 4430 1288 4505 aliis
1308 4434 1457 4532 optimis
1477 4445 1510 4507 et
1528 4439 1773 4516 sanctissimis
1787 4456 1896 4547 atque
1911 4450 2133 4531 elaboratis-
2159 4518 2162 4522 a

1194 4530 1302 4605 simis
1318 4535 1482 4634 seriptis,
1509 4542 1729 4639 nequiverim
1752 4545 1864 4620 aliter
1886 4578 2021 4629 mecum
2045 4534 2131 4633 coii-

1193 4633 1350 4720 diluere,
1365 4661 1476 4736 quam
1494 4638 1691 4744 obrepsisse
1705 4640 1918 4732 bominibus
1925 4658 2133 4759 fastidium

1195 4761 1312 4809 rerum
1329 4737 1539 4820 honarum?

108 4876 214 4967 igitur
232 4872 390 4945 Peucero
413 4873 483 4942 iam
509 4874 554 4941 ad
577 4894 705 4942 manus
726 4887 842 4959 erant,
882 4875 1014 4970 quippe
1035 4879 1092 4949 vel
1143 4900 1365 4927 ’‘r-*-

109 4977 293 5068 sepiarmim
316 4974 449 5058 editae,
475 4974 530 5043 vel
545 4974 584 5042 in
599 4969 731 5045 chartis
746 4998 767 5046 a
782 4974 1016 5049 Melanthone
1032 5004 1091 5057 re-,
1175 5002 1206 5069 a)
1223 5002 1357 5076 taquam
1377 5006 1423 5063 tte
1444 5008 1580 5068 neieina
1602 5016 1637 5071 ee
1658 5017 1712 5074 atto
1730 5019 1834 5078 tetros
1856 5024 1963 5082 stantia
1986 5029 2056 5091 tiss
2073 5036 2128 5095 tim

109 5080 195 5147 lictis
207 5078 355 5163 obviae,
379 5076 436 5146 vel
452 5099 493 5145 ex
507 5075 634 5145 vicinis
650 5076 736 5146 locis
749 5077 850 5146 facile
865 5079 1092 5170 colligendae,

109 5196 149 5249 ut
167 5180 334 5273 epistolae
357 5180 404 5247 ad
425 5170 624 5246 liutherum
648 5192 682 5248 et
703 5176 900 5270 Georgium
924 5178 1092 5253 Anhalti-

110 5306 204 5357 num
255 5280 329 5354 Sed
343 5272 533 5350 audiamus
547 5270 740 5351 Peucerum
756 5280 871 5371 ipsum
890 5281 930 5351 iu
943 5284 1088 5375 epistola

1210 5073 1299 5157 edito,
1322 5075 1471 5151 inscriptos
1501 5080 1641 5140 Locorum
1664 5093 1853 5150 communium
1881 5096 2048 5158 collectanei
2073 5116 2127 5165 etc.

1212 5140 1292 5226 Biiil.
1313 5160 1361 5214 per
1375 5145 1413 5200 lo.
1428 5145 1601 5234 oporinum,
1625 5155 1673 5210 ubi
1687 5156 1856 5243 blanliuslea
1874 5164 1945 5218 colle
1965 5180 2037 5241 erat,
2058 5192 2128 5248 quae
2180 5172 2186 5183 ’

1208 5209 1253 5339 :pl
1273 5230 1328 5335 ipse
1347 5213 1551 5273 Melantbonem
1570 5238 1599 5273 m
1621 5214 1721 5279 icliolis
1737 5227 1884 5299 loquutum
1905 5183 2061 5306 mciircrat,
2084 5249 2126 5304 iel

1208 5300 1276 5402 locs
1289 5283 1321 5337 iis
1339 5295 1490 5356 acceperat.
1525 5289 1646 5349 Uberius
1663 5295 1695 5349 de
1716 5296 1756 5353 liis
1772 5299 1943 5363 mlleetsueii
1957 5305 2063 5369 dinetus
2074 5334 2129 5371 sua

111 5382 365 5478 nuncupatoria
383 5378 434 5473 sd
447 5370 646 5472 Georgium
659 5374 703 5454 F
698 5376 891 5455 tidericum
906 5381 1091 5461 Marchio·
1174 5415 1219 5484 et)
1237 5416 1430 5477 concinnati.
1492 5494 1495 5499 Ι

155 5491 326 5557 Misereri.
342 5486 454 5554 oiri.
474 5481 557 5549 Vos.
575 5484 600 5550 l.

1273 5491 1329 5600 (ε)
