4500 5782
180 237 256 313 537
313 276 319 283 .
665 226 673 243 ⁸
772 227 1207 304 EPISTOLARUM
1245 232 1348 305 LIB.
1380 232 1444 304 ΙΙΙ.
1487 235 1616 310 1522.
2133 176 2197 315 bbb

260 407 389 499 ¹Quod
411 420 527 474 autem
551 417 631 494 post
650 398 850 475 scholarum
869 400 1170 473 iudiciumetSe-
1281 446 1285 451 -
1322 403 1416 474 lllud
1441 405 1571 489 miror,
1607 430 1669 474 cur
1692 401 1783 474 mibi
1806 408 1975 499 imputari
1999 409 2141 494 debeat,
2174 413 2198 483 si

108 512 119 531 ⁸
180 515 236 583 dis
253 506 322 602 Ap.
345 507 561 578 sentenciam
582 498 790 575 Lutderum
813 507 851 575 in
875 504 1081 594 regionibus
1103 510 1170 573 no·
1220 506 1306 600 quid
1322 507 1383 575 ille
1399 522 1527 599 peccat,
1554 532 1633 576 cum
1653 530 1714 595 ego
1729 533 1793 577 nec
1810 522 1910 579 tuear
1926 504 2123 597 hominem,
2144 534 2198 584 nec

179 615 261 687 stris
282 611 448 694 tulimus,
472 608 558 678 nolo
581 608 631 678 sic
653 609 903 699 interpretetur
923 606 959 679 S.
976 605 1043 689 V„
1069 604 1169 699 quasi
1220 610 1400 679 doctrinae
1425 610 1642 701 patrocium,
1668 623 1701 679 et
1723 611 1866 700 publica
1892 635 1997 681 causa
2021 614 2124 684 toties
2138 639 2200 707 po-

179 736 246 806 nps
267 713 467 784 doctiorum
487 722 549 781 aut
565 708 658 782 sedis
675 705 836 801 Apostol.
859 709 993 779 iudicio
1016 733 1091 777 non
1120 731 1171 793 ea,
1221 711 1399 795 stularim,
1421 723 1462 779 ut
1484 713 1527 780 de
1552 711 1692 801 negotio
1712 712 1781 781 rite
1803 727 2048 801 cognoscatur.
2100 713 2201 810 quue

179 841 270 913 quae
291 816 484 897 debentur,
516 812 725 885 tribuamus.
784 810 855 884 Sed
888 836 967 881 cum
996 811 1171 902 prodisset
1221 809 1327 883 hodic
1357 837 1433 882 non
1457 813 1579 882 desino
1601 814 1790 903 postulare.
1854 812 1928 886 Res
1953 839 1995 886 eo
2020 817 2147 905 evasit,
2167 814 2226 889 ut¹

178 916 380 991 scholarum
405 915 584 985 sentencia
610 913 721 985 nullis
742 914 935 1006 scripturae
961 912 1171 982 testimoniis
1220 915 1336 1007 premi
1349 940 1423 984 non
1439 916 1569 1005 possit,
1594 915 1664 983 nisi
1683 915 1891 986 auctoritate
1912 919 2108 1009 scripturae
2131 919 2201 989 vin·

179 1021 400 1102 confirmata,
433 1019 608 1109 planeque
638 1016 729 1085 nudi
756 1029 894 1086 tantum
922 1015 1062 1086 articuli
1088 1038 1172 1105 pro-
1222 1009 1534 1090 caturLutheruS.
1587 1015 1661 1104 Qui
1678 1017 1739 1085 ubi
1755 1019 1911 1107 legitime
1926 1021 2081 1089 revictus
2097 1021 2201 1107 licerit,

179 1122 287 1216 positi
302 1133 426 1202 essent,
445 1121 774 1211 refragarenturque
791 1118 933 1187 illarum
948 1116 1080 1187 iudicio
1097 1140 1171 1185 non
1220 1133 1261 1189 ut
1277 1134 1411 1190 constet
1426 1142 1507 1189 eum
1522 1143 1658 1202 errare,
1685 1119 1827 1211 quidvis
1844 1121 1958 1213 patiar
1971 1123 2090 1212 potius
2108 1147 2201 1216 quan

178 1223 284 1318 pauci
310 1223 348 1290 in
366 1218 558 1293 Germania
582 1219 714 1289 eruditi
734 1244 775 1288 ac
796 1220 884 1289 boni
903 1219 992 1304 viri,
1016 1217 1172 1288 iudicavi
1221 1235 1261 1290 ut
1283 1224 1393 1291 seram
1415 1246 1506 1289 errur.
1569 1217 1716 1288 Interim
1739 1222 1850 1291 sevire
1872 1223 1911 1290 in
1933 1218 2118 1313 hominem
2139 1250 2202 1295 nou

178 1324 358 1398 Ecclesiae
373 1318 566 1392 catholicae
585 1322 801 1391 sentenciam
816 1324 860 1390 de
877 1344 932 1405 re,
961 1322 1005 1390 de
1022 1338 1091 1414 qua
1115 1321 1172 1388 in·
1221 1324 1322 1409 licet,
1345 1348 1390 1392 ne
1408 1323 1487 1416 quis
1501 1322 1579 1391 iure
1593 1346 1752 1415 unquam
1773 1325 1927 1394 caussari
1946 1326 2077 1417 possit,
2101 1327 2202 1399 nutri

177 1447 232 1502 ter
247 1430 367 1497 doctos
384 1449 458 1493 non
480 1424 564 1494 satis
582 1423 801 1508 conveniret,
819 1424 1070 1515 expectandam
1088 1446 1172 1511 esse,
1222 1426 1349 1509 fiducia
1364 1425 1536 1495 insanisse
1552 1418 1772 1494 Lulberum.
1823 1422 1879 1495 Ex
1893 1426 2021 1496 litteris
2035 1426 2074 1500 S.
2089 1426 2135 1496 V.
2156 1428 2203 1498 in

179 1530 419 1602 maximarum
430 1528 473 1595 de
489 1526 704 1619 quibusdam
717 1526 874 1596 articulis
887 1549 950 1593 nec
962 1526 1054 1594 inter
1068 1520 1173 1592 selio-
1222 1529 1363 1618 telligo,
1388 1552 1460 1597 esse
1475 1527 1538 1620 qui
1555 1550 1611 1595 me
1627 1525 1785 1598 iudicent
1801 1522 2122 1632 privatosLutlzeri
2137 1544 2203 1600 stu-

179 1635 232 1703 las
252 1629 467 1701 conveniret.
526 1626 599 1697 Nec
625 1627 773 1718 opinor,
797 1651 955 1720 unquam
981 1627 1173 1717 permissu·
1223 1631 1281 1698 dio
1306 1629 1581 1721 rempublicam
1605 1629 1776 1719 prodere,
1808 1642 1869 1699 aut
1893 1655 1913 1699 a
1940 1631 2061 1701 nescio
2086 1631 2204 1725 quibus

179 1758 258 1806 ram
276 1728 493 1814 Ecclesiam,
526 1743 566 1799 ut
592 1729 759 1800 articulos
785 1729 866 1797 fidei
891 1729 996 1798 nobis
1019 1730 1174 1797 condant
1223 1732 1378 1823 impelli,
1415 1746 1454 1801 ut
1477 1727 1660 1800 hominem
1682 1743 1790 1801 tuear.
1851 1728 2067 1825 Quanquam
2100 1748 2205 1805 auten

181 1833 332 1906 scholae.
1049 1864 1057 1869 ·
1223 1836 1267 1903 ab
1285 1829 1351 1903 hac
1368 1858 1423 1902 me
1439 1833 1614 1902 calumnia
1637 1832 1694 1900 vel
1714 1857 1790 1900 mea
1812 1835 2027 1904 conscientia
2048 1837 2111 1905 vel
2130 1831 2206 1905 haer

281 1932 422 2004 Deinde
439 1956 519 2001 cum
535 1934 711 2024 prodisset
730 1932 823 2002 sedis
839 1928 962 2025 Apost.
986 1930 1173 2015 sentencia,
1223 1949 1316 2005 aetas
1337 1935 1515 2017 vindicat,
1548 1946 1666 2002 tamen
1688 1935 1845 2003 obtestor
1865 1932 1903 2005 S.
1920 1934 1981 2024 V.,
2015 1961 2062 2005 ne
2087 1940 2208 2022 credat,

150 2054 223 2111 ,ut
245 2036 441 2121 ferebatur,
469 2035 619 2106 totidem
638 2059 727 2127 pene
746 2035 882 2120 verbis,
916 2033 1047 2127 quibus
1069 2027 1172 2101 scho-
1223 2037 1417 2132 quidquam
1444 2060 1516 2104 esse
1536 2059 1656 2105 rerum
1682 2029 1938 2126 humanarum,
1964 2040 2063 2131 quod
2088 2039 2136 2110 sit
2155 2052 2208 2111 ant
2245 2108 2248 2131 ,

180 2144 299 2212 larum
314 2137 446 2216 iudicia
471 2138 668 2229 conscripta
691 2152 811 2222 erant,
836 2150 871 2209 et
894 2137 966 2205 iam
989 2135 1095 2204 altius
1116 2133 1174 2202 in·
1221 2134 1358 2209 Christi
1379 2138 1491 2229 gloria
1516 2151 1577 2206 aut
1597 2161 1682 2229 pace
1706 2139 1850 2228 publica
1875 2128 1968 2208 mibi
1989 2140 2119 2214 carius.
2167 2137 2209 2212 Et

180 2243 326 2314 sedisset
361 2251 565 2309 nostrorum
597 2234 784 2309 hominum
817 2238 946 2307 animis
969 2228 1173 2321 Lethaea,
1223 2242 1380 2310 studium
1404 2239 1641 2331 pietatemque
1661 2252 1816 2309 nostram
1840 2262 1922 2328 erga
1943 2241 2208 2313 ecclesiasticum

181 2368 293 2438 quum
307 2356 348 2412 ut
365 2341 441 2409 sine
456 2353 555 2410 motu
568 2341 712 2433 publico
727 2341 805 2411 tolli
819 2352 944 2431 posset,
966 2339 1173 2432 priusquam
1223 2343 1386 2411 ordinem
1403 2342 1525 2411 multis
1546 2340 1671 2409 officiis
1694 2341 1811 2412 testati
1831 2362 1971 2428 suutus,
1998 2356 2137 2414 tantum
2152 2345 2206 2413 ab

182 2444 311 2517 abillo
336 2441 570 2513 conscientiae
591 2446 701 2512 verbo
717 2441 785 2512 Dei
805 2442 1022 2545 abalienatae
1049 2453 1173 2522 essent,
1224 2458 1292 2529 est,
1315 2458 1356 2514 ut
1378 2445 1558 2512 faveamus
1580 2443 1641 2527 iis,
1679 2443 1742 2537 qui
1769 2445 2061 2517 contumeliosius
2081 2446 2209 2539 aliquid

181 2542 274 2617 mihi
294 2546 333 2613 in
346 2568 456 2613 manu
483 2545 648 2614 nonfuit
670 2545 743 2612 vim
765 2545 901 2613 adferre
923 2534 1110 2625 Luthero,
1135 2541 1173 2608 ni
1223 2546 1263 2614 in
1278 2569 1358 2615 eum
1376 2545 1537 2615 ordinem
1553 2558 1691 2636 parant.

181 2650 328 2719 miscere
349 2646 469 2716 omnia
491 2645 689 2719 voluissem.
741 2644 832 2715 Nam
855 2643 1055 2736 pontificio,
1077 2643 1173 2736 quod
1324 2644 1481 2717 Proinde
1504 2670 1632 2738 ‹praeso
1653 2644 1690 2719 S.
1706 2643 1752 2718 V.
1775 2648 1983 2739 persuadeat
2007 2647 2099 2735 sibi,
2121 2650 2209 2721 sutu-

181 2750 362 2833 ferebant,
386 2750 526 2817 decreto
542 2771 606 2816 nec
623 2746 815 2817 docebatur
830 2747 977 2836 vulgus,
1000 2770 1080 2815 cum
1098 2745 1174 2815 sine
1224 2770 1283 2816 ros
1296 2772 1363 2818 nos
1376 2747 1415 2816 in
1432 2749 1593 2818 ecclesiae
1606 2761 1793 2839 potestate,
1818 2748 1882 2817 ubi
1895 2746 1933 2822 S.
1944 2744 1990 2821 V.
2006 2750 2157 2837 curarit,
2175 2765 2208 2820 ut

181 2849 368 2943 scripturis
395 2850 485 2918 nudi
513 2862 650 2919 tantum
678 2848 819 2918 articuli
851 2848 1100 2931 recitarentur,
1140 2859 1175 2914 et
1224 2849 1379 2938 legitime
1402 2862 1634 2939 cognoscatur
1655 2850 1699 2917 de
1722 2873 1842 2935 causa,
1868 2873 1958 2943 quae
1981 2876 2063 2921 cum
2084 2852 2207 2943 gravis-

182 2953 391 3047 apparebat,
427 2953 588 3020 nondum
619 2950 774 3040 legitime
804 2949 977 3020 revictum
1006 2972 1078 3016 esse
1099 2947 1174 3017 Lu·
1225 2951 1312 3020 sima
1330 2952 1385 3037 sit,
1411 2963 1446 3020 et
1460 2953 1504 3019 ad
1520 2951 1723 3020 universam
1740 2952 1920 3021 ecclesiam
1934 2954 2124 3042 pertineat,
2144 2977 2205 3025 non
2246 2962 2248 2975 '

182 3050 337 3126 rherum.
397 3049 519 3145 anue
541 3054 585 3121 cle
608 3077 645 3121 rc
673 3051 812 3144 copiose
841 3051 1045 3142 scripsimus
1067 3050 1108 3118 ad
1128 3046 1175 3122 R.
1227 3065 1339 3145 potest
1362 3053 1510 3122 arbitrio
1528 3052 1734 3145 quorumvis
1751 3053 1935 3126 committi.
1987 3052 2149 3146 Spectata
2167 3068 2206 3123 est

183 3148 300 3229 θανά.
310 3150 349 3225 S.
360 3146 524 3247 Georgii,
544 3168 697 3223 veterem
715 3153 878 3238 amicum,
901 3146 1176 3242 monuimusque
1227 3155 1307 3224 orbi
1327 3155 1510 3243 integritas
1533 3169 1569 3224 et
1590 3156 1824 3224 mansuetudo
1848 3150 1965 3239 S.'V.,
1990 3181 2098 3249 quam
2120 3154 2204 3227 nulla

184 3269 364 3339 amanter,
389 3270 430 3325 ut
445 3256 648 3347 provideret
666 3253 834 3327 Sanctiss.
849 3254 923 3324 Leo
939 3253 1003 3339 X.,
1033 3277 1079 3321 ne
1098 3253 1176 3320 vio·
1227 3257 1266 3324 in
1288 3282 1327 3325 re
1352 3256 1551 3325 evidentius
1573 3255 1787 3341 declarabit,
1824 3280 1929 3350 quam
1953 3255 1993 3325 in
2015 3252 2084 3327 bac
2107 3281 2205 3361 carga,

184 3359 291 3428 lentis
314 3357 438 3426 edrct1s
457 3370 683 3426 irritarentur
701 3351 889 3427 hominum
911 3356 1032 3425 animi.
1085 3351 1176 3442 Quis
1227 3360 1270 3427 de
1284 3383 1352 3450 qua
1369 3357 1428 3427 vix
1444 3358 1534 3427 alius
1551 3371 1619 3441 est,
1646 3356 1709 3451 qui
1726 3382 1835 3457 aeque
1859 3357 1978 3450 cupiat
2000 3357 2070 3429 rite
2088 3357 2203 3431 consti-

185 3474 235 3529 est
253 3458 349 3528 enim
365 3452 425 3526 hic
444 3481 558 3527 novus
576 3458 615 3525 in
629 3454 787 3526 Ecclesia
809 3481 903 3541 moS,
929 3467 1051 3546 cogere
1071 3456 1176 3523 malle
1227 3459 1300 3542 tui,
1334 3473 1437 3551 atque
1461 3481 1544 3544 nos,
1577 3483 1778 3552 quanquam
1805 3454 1873 3529 hoe
1899 3459 1998 3530 velut
2027 3484 2101 3531 una
2133 3480 2202 3531 voce

184 3585 293 3656 quam
316 3559 440 3627 docere
462 3559 717 3628 conscientias?
766 3556 859 3628 Cum
873 3554 1090 3648 Agrippinae
1106 3554 1177 3625 Co·
1227 3583 1350 3629 omnes
1390 3561 1515 3652 populi
1556 3557 1771 3635 Germaniae
1816 3559 1974 3649 flagitare
2020 3560 2201 3633 videantur.

184 3664 302 3734 loniae
318 3660 502 3729 nobiscum
514 3653 700 3728 Aleandcr
716 3661 760 3728 de
779 3660 912 3728 eisdem
927 3660 1033 3727 rebus
1050 3670 1177 3747 ageret,
1226 3661 1407 3731 Hactenus
1434 3687 1473 3732 ea
1504 3662 1758 3753 praestitimus,
1798 3685 1888 3756 quae
1917 3686 2101 3754 speramus
2126 3665 2202 3733 bona

186 3761 353 3835 consului
378 3775 419 3831 ut
449 3763 678 3831 mandaretur
706 3784 828 3830 causae
859 3760 1014 3849 cognitio
1044 3760 1176 3851 probis,
1228 3763 1439 3835 conscientia
1455 3767 1521 3835 deo
1539 3764 1727 3855 probatum
1748 3765 1805 3837 iri.
1858 3764 1964 3852 Quod
1983 3765 2015 3834 si
2032 3762 2201 3856 adspiraril

186 3865 347 3946 eruditis,
368 3876 403 3932 et
416 3887 492 3933 non
507 3862 674 3955 suspectis
688 3862 877 3944 iudicibus,
903 3886 972 3954 qua
987 3861 1045 3929 via
1062 3861 1178 3954 premi
1227 3868 1331 3951 deus,
1356 3866 1614 3959 praestabimus
1630 3879 1664 3934 et
1684 3862 1830 3957 posthac
1851 3889 1987 3936 summa
2010 3867 2097 3953 lide,
2123 3865 2198 3959 quod

188 3991 243 4038 res
259 3965 398 4045 facilius
418 3965 544 4056 poluit.
598 3962 653 4034 lbi
669 3964 697 4032 si
715 3965 781 4033 rite
798 3964 951 4032 revictus
967 3963 1090 4032 suisset
1102 3962 1176 4032 Lu·
1227 3964 1404 4039 Ecclesiae
1420 3963 1613 4038 catholicae
1631 3994 1649 4036 a
1665 3970 1770 4037 nobis
1784 3969 1943 4040 debetur,

185 4066 328 4152 therus,
359 4080 394 4137 et
416 4066 612 4135 sentenciae
636 4090 718 4135 suae
741 4067 915 4136 rationem
938 4065 1071 4134 iudices
1093 4089 1177 4155 pro-

187 4171 402 4264 posuissent,
442 4192 517 4237 non
540 4168 781 4239 desideratura
808 4167 931 4237 fuisset
961 4180 996 4236 et
1015 4178 1177 4236 nostrum

186 4272 342 4343 officinm
362 4266 531 4342 Ecclesia.
581 4267 705 4354 Nune,
729 4292 809 4339 cum
833 4270 1019 4339 damnatus
1042 4267 1087 4336 sit
1102 4268 1179 4338 Lu·
1228 4235 1277 4332 Β)
1318 4233 1441 4332 (ΗΜ
1466 4260 1684 4358 '‘Sl’‘’l'ffll'fl
1704 4237 1847 4357 me'lm
1878 4246 2081 4321 'numium‘
2118 4238 2202 4358 ‚ellim
2246 4266 2248 4271 ’

186 4373 327 4456 melus,
355 4395 430 4439 non
453 4372 623 4453 revictus,
655 4396 720 4440 nec
745 4394 842 4440 meae
864 4370 1097 4441 conscientiae
1123 4393 1179 4439 sa,
1228 4355 1325 4430 tergo
1348 4340 1552 4433 Spalatmus
1578 4356 1773 4431 inscripsit:
1816 4345 1893 4422 „bet
1925 4347 2022 4415 arbre
2055 4335 2204 4431 tatastat

185 4478 366 4557 asserere,
399 4472 528 4541 sirim
559 4473 696 4543 adlerre
718 4473 844 4557 velim,
877 4496 941 4541 nec
964 4473 1178 4562 populorum
1229 4441 1363 4561 ffi‘billi‘
1378 4447 1440 4514 ⁰²¹3
1459 4441 1590 4559 ffillillb·
1619 4461 1662 4514 ⁰¹¹
1683 4439 1800 4532 ffistllll·
1831 4440 1994 4515 1·5·2·3·”
2035 4446 2112 4561 elus
2136 4463 2204 4511 Vtffl

187 4574 402 4645 Germaniae
425 4572 570 4645 iudicio,
619 4571 808 4667 ,Apparuit
830 4573 926 4642 enim
949 4573 1020 4643 iam
1043 4573 1180 4666 aliquot
1254 4547 1379 4616 fronti:
1412 4541 1481 4613 Esc
1507 4541 1705 4638 Veteberga
1733 4539 1789 4613 ud
1810 4538 1917 4615 Pont.
1940 4540 2188 4616 Hadranum.

186 4675 356 4767 exemplis
389 4675 428 4743 in
460 4673 673 4761 Germania,
720 4676 808 4768 quid
839 4675 1008 4746 violentia
1036 4698 1180 4767 promo-
1655 4643 1786 4741 ¹523)

188 4797 263 4852 tum
282 4779 337 4847 sit.
846 4814 849 4819 ·
1330 4773 1408 4868 Ego
1425 4803 1509 4849 vero
1527 4773 1755 4849 vehementer
1766 4781 1938 4870 optarim,
1957 4780 2001 4855 S.
2016 4779 2061 4852 V.
2077 4804 2210 4875 persua-

290 4877 366 4950 lam
388 4892 422 4948 et
444 4877 646 4947 auctoritati
669 4875 795 4947 Bullae
826 4882 1016 4970 derogabat
1048 4881 1180 4971 legato-
1231 4879 1408 4949 sissimum
1439 4904 1533 4964 esse,
1573 4905 1631 4949 me
1660 4875 1728 4950 boc
1759 4893 1834 4951 toto
1864 4884 2101 4975 quadriennio
2130 4878 2212 4955 nihil

188 5008 268 5055 rum
289 4980 458 5075 perfidia,
492 4980 555 5073 qui
582 5003 662 5049 cum
681 4980 850 5074 pleraque
871 4996 1009 5072 praeter
1032 4985 1179 5053 manda·
1230 4981 1378 5074 perinde
1406 5007 1549 5075 cupere,
1571 4996 1676 5076 atque
1691 4997 1732 5053 ut
1750 4977 1836 5052 haec
1857 4985 2048 5070 dissensio,
2074 5010 2162 5080 quae
2180 4984 2212 5053 iu

187 5102 265 5156 tum
291 5083 582 5174 aggrederentur,
609 5105 727 5165 suam,
753 5106 826 5150 non
850 5081 1074 5153 Pontificium
1097 5109 1175 5154 cau·
1229 5081 1386 5153 Ecclesia
1409 5097 1484 5154 orta
1501 5098 1572 5168 est,
1598 5083 1646 5153 ita
1668 5099 1917 5177 componatur,
1938 5101 1979 5157 ut
1999 5112 2065 5157 nec
2087 5083 2213 5159 Christi

190 5212 265 5257 sam
288 5207 389 5276 agere
413 5184 637 5252 videbantur.
694 5179 749 5251 Ex
773 5177 830 5250 bis
853 5184 954 5252 facile
983 5185 1181 5256 aestimabit
1230 5186 1342 5275 gloria
1367 5187 1544 5270 laedatur,
1581 5210 1646 5255 uec
1676 5188 1839 5257 turbetur
1865 5189 2008 5279 publiea
2037 5191 2215 5260 universae

189 5289 227 5361 S.
243 5285 307 5370 V„
331 5312 394 5356 cur
413 5287 574 5354 nondum
589 5284 743 5355 atrocius
760 5284 896 5377 aliquid
915 5285 954 5353 in
967 5280 1179 5357 'Lutherum
1232 5285 1446 5357 Germaniae
1467 5313 1535 5378 pax
1554 5312 1593 5357 ac
1611 5289 1861 5381 tranquillitas.
1912 5288 1973 5360 Ad
1993 5294 2091 5384 quod
2113 5295 2143 5362 si
2166 5314 2216 5363 me

190 5389 259 5482 ipsi
273 5386 508 5482 statuerimus.
1231 5412 1306 5459 non
1325 5388 1505 5459 lllaiorum
1525 5391 1682 5481 exempla
1704 5385 1951 5474 hortarentur..
1976 5408 2069 5467 certe
2092 5394 2142 5465 sic
2164 5394 2218 5463 in·
