4500 5782
89 207 118 293 ,’
181 202 280 283 toro
355 276 370 298 ,

180 377 357 462 dederim,
385 378 589 470 praesertim
614 403 693 448 cum
711 376 808 460 †et”
829 380 979 448 nuncios
1000 374 1169 447 habueri-

180 502 261 550 mus
278 492 312 548 et
324 502 388 570 ego
407 505 482 549 uon
498 481 684 570 ignorem,
698 504 817 550 earum
832 495 868 550 te
881 482 1000 549 ¹rerum
1017 503 1089 548 esse
1106 504 1168 548 cu-

180 581 404 672 pidissimum
421 578 465 676 ¹),
503 606 591 676 quas
611 583 773 676 requiris.
832 579 886 651 Ac
908 583 1013 672 plane
1033 582 1072 649 in
1093 593 1167 649 tam

180 682 353 774 pertinaci
379 683 520 753 silentio
556 682 738 753 dissimilis
769 685 838 752 mei
872 683 987 752 videri
1012 706 1166 773 possum.

180 781 254 853 Nec
271 785 358 852 alias
379 786 417 852 iu
441 780 509 855 boc
532 809 658 875 genere
672 782 778 868 †sic”
791 785 883 854 'satis
901 783 1076 854 officiosus
1092 783 1167 852 exi·

124 920 131 936 ι
181 885 317 955 stimari
339 886 433 957 volo.
485 883 562 976 Ego
584 911 685 971 vero,
709 889 759 955 mi
778 885 883 969 tona,
906 887 957 955 sic
976 910 1053 954 surn
1070 908 1166 953 acer·

179 987 335 1057 bissimis
355 985 526 1068 †animi’'
549 990 732 1057 doloribus
755 1011 958 1079 oppressus,
987 1000 1027 1056 nt
1047 985 1166 1056 omnia

179 1089 313 1173 officia,
344 1089 462 1158 omnia
478 1092 592 1159 studia
609 1085 699 1157 mihi
714 1091 936 1159 excutiantur
950 1085 992 1184 ²).
1009 1090 1013 1095 ’
1042 1086 1167 1156 Histo-

179 1189 268 1259 riam
286 1191 436 1260 narrabo
455 1191 522 1259 tibi
536 1188 711 1272 †coram''
728 1190 835 1261 totius
855 1188 1066 1268 conventias,
1092 1211 1167 1256 non

179 1304 221 1360 ut
238 1292 391 1382 popolus
407 1289 545 1376 recitat,
577 1295 635 1361 sed
656 1307 695 1362 ut
713 1295 824 1382 nostri
841 1292 978 1360 ordinis
992 1287 1166 1373 homines,
1222 1374 1225 1380 Ι

179 1393 241 1486 qui
255 1388 506 1474 †eveutu11m’'
527 1395 725 1464 occasiones
747 1408 782 1463 ct
802 1393 948 1462 consilia
966 1393 1177 1462 observant.

179 1490 268 1564 lnde
289 1495 480 1585 intelliges,
520 1520 609 1587 quae
637 1519 692 1564 res
713 1520 769 1565 me
795 1494 834 1563 iu
864 1508 1002 1564 tantum
1030 1495 1164 1562 luctum

178 1595 376 1667 coniecerit.
423 1592 528 1682 Ἀιζιλὰ
550 1591 730 1677 ὑπόθεσις
749 1601 813 1689 τῆς
836 1590 1048 1694 τραγῳδίας
1070 1589 1164 1685 αὕτη

110 1718 116 1726 ’
179 1693 272 1768 ἐστὶ·
298 1698 409 1766 nimis
420 1698 482 1767 diu
500 1698 745 1790 procrastinati
758 1722 897 1782 sumus,
926 1720 1042 1766 crima
1060 1696 1164 1763 nobis

177 1799 431 1891 postularetur,
471 1814 512 1868 ut
547 1802 698 1870 edictum
734 1801 900 1869 adversus
935 1793 1163 1890 Ziugliunos

143 1984 148 1993 ⁹
177 1902 486 1989 comprobaremus
503 1897 543 1994 ³).
613 1899 652 1968 ln
685 1926 721 1968 ea
756 1901 958 1969 conlatione
990 1911 1161 1991 quantum

177 2002 263 2070 mali
275 2002 399 2085 fuerit,
419 2026 492 2071 non
510 2026 649 2093 possum
666 2003 812 2093 epistola
829 2001 1024 2092 complecti,
1050 2022 1164 2091 quan-

178 2126 284 2196 quam
298 2102 467 2195 iniquitas
480 2104 699 2194 principum,
726 2107 785 2196 qui
802 2103 906 2171 nobis
918 2101 1009 2169 male
1023 2102 1163 2182 volunt,

68 2208 74 2235 ¹
177 2226 316 2295 causam
337 2204 390 2271 illi
416 2205 610 2274 cantationi
631 2206 785 2297 aliquam
810 2204 1011 2294 praebebat.
1059 2200 1164 2270 Nunc

175 2299 398 2374 horribiliter
419 2330 548 2395 angor,
590 2331 669 2376 cum
693 2307 810 2375 animo
840 2304 995 2395 pericula
1024 2313 1162 2393 reputo,

177 2420 211 2476 et
224 2407 371 2491 metior,
398 2432 486 2499 quae
502 2432 543 2476 ex
560 2432 597 2476 ea
614 2431 651 2476 re
667 2409 817 2478 existant
832 2405 873 2498 ⁴).
924 2401 1088 2474 Christus
1109 2403 1162 2471 fa-

176 2508 264 2592 ciat,
295 2532 340 2576 ne
363 2529 402 2577 ex
425 2504 490 2577 hac
512 2509 707 2577 offensione
729 2509 837 2580 totius
855 2506 994 2596 imperii
1013 2504 1161 2574 mutatio

110 2682 118 2697 ‚
161 2623 351 2701 sequatur.
403 2605 564 2680 Omnino
584 2610 720 2678 infinita
736 2622 838 2692 sunt,
864 2631 953 2701 quae
969 2630 1026 2674 me
1043 2601 1162 2674 borri-

118 2700 130 2722 '
174 2709 296 2781 biliter
311 2709 468 2780 afficiunt
483 2706 539 2779 his
562 2709 733 2782 derebus
756 2710 983 2800 cogitantem,
1012 2721 1046 2777 et
1066 2729 1162 2776 nun-

175 2835 281 2906 quam
299 2833 372 2880 non
388 2825 574 2881 versantur
589 2815 635 2880 ob
651 2812 792 2882 oculos.

274 2911 344 2982 Hic
367 2937 423 2982 res
445 2909 649 2983 scholastica
672 2913 869 3005 ,pristinum
898 2924 1026 2981 statum
1055 2921 1161 3008 tenet.

172 3008 363 3086 lutherus
386 3013 454 3087 Dei
480 3016 648 3085 beneficio
671 3015 784 3086 utitur
805 3013 1006 3082 valetudine
1023 3010 1160 3079 medio-

174 3117 235 3189 cri.
285 3115 427 3186 Novum
443 3117 706 3202 Testamentum
730 3114 967 3206 germanicum
992 3135 1160 3201 recogno-

173 3218 301 3288 scimus
316 3241 451 3288 summa
466 3219 658 3309 diligentia.
709 3215 736 3300 †
753 3212 942 3308 Μειλίχιος
958 3215 1056 3283 ducit
1071 3238 1160 3281 uxo-

173 3343 264 3403 rem,
297 3321 392 3414 quod
415 3320 568 3390 faustum
592 3320 745 3412 felixque
769 3319 828 3403 sit,
861 3340 1017 3386 sororem
1039 3312 1159 3383 uxoris

81 3476 84 3483 .
170 3416 216 3493 D.
240 3414 452 3513 Augustini.
518 3420 633 3490 Tuam
656 3444 802 3490 uxorem
825 3419 930 3488 semel
954 3418 992 3486 in
1014 3416 1159 3485 aedibus

171 3519 323 3593 Lutheri
338 3522 497 3596 salutavi.
548 3519 656 3615 Domi
671 3537 750 3592 tuae
765 3546 840 3590 non
861 3520 930 3604 fui;
965 3542 1039 3587 non
1062 3517 1157 3595 enim

171 3625 304 3721 prodeo
323 3623 361 3692 in
378 3624 561 3715 publicum
574 3623 645 3695 tali
664 3647 742 3693 meo
766 3618 948 3714 tempore”
964 3615 1004 3714 ⁸).
1055 3615 1159 3686 Albis

171 3724 300 3794 iterum
324 3724 527 3795 intumescit
549 3725 769 3794 mirabiliter.
832 3718 1051 3810 †Astrologi
1077 3743 1158 3788 cau-

171 3850 244 3896 sam
269 3850 340 3896 esse
362 3828 519 3897 iudicant
533 3828 736 3918 adspectum
752 3816 998 3922 τετραγώνων
1013 3820 1159 3892 Saturni

172 3942 205 3999 et
223 3925 336 4011 lovis,
369 3943 402 4000 et
421 3931 465 3999 ad
482 3928 769 3998 'constitutionem
787 3927 960 4010 siderum,
983 3947 1072 4018 quae
1090 3922 1160 3991 suit

171 4053 265 4100 anno
280 4030 444 4100 vicesimo
461 4043 584 4124 quarto
601 4030 773 4123 respicere
788 4027 910 4099 aiunt*
927 4021 968 4120 6).
1010 4024 1158 4094 Minan-

153 4439 157 4451 ,
205 4391 232 4458 1)
253 4390 343 4447 Manl.
362 4410 461 4446 eorum
475 4409 571 4446 rerum
584 4401 611 4446 te
624 4391 835 4459 cupidissimum
850 4405 919 4444 esse.

204 4489 233 4556 2)
253 4489 339 4543 Mani.
353 4486 443 4544 addit:
471 4501 580 4561 „atque
594 4499 716 4544 mortem
729 4499 859 4555 oppetere
872 4487 988 4552 malim,
1005 4503 1092 4555 quom
1105 4488 1158 4538 tros

239 4558 467 4626 miseribsserre.
507 4559 612 4613 Omnes
625 4561 736 4612 dolores
749 4559 855 4626 inserui
869 4573 920 4609 nos
940 4564 1142 4621 oppresserunt
1149 4575 1158 4618 ;

238 4629 288 4680 sed
301 4634 399 4680 tumen
412 4644 511 4696 spero,
529 4628 670 4681 Christum
684 4630 811 4680 remedia
824 4628 868 4678 tris
879 4628 963 4678 rebus
976 4632 1157 4676 ostensurum

239 4711 307 4750 esse.
343 4694 445 4750 Sumsit
461 4694 547 4749 Manl.
562 4696 628 4749 baec
642 4715 672 4749 er
687 4696 764 4766 epist.
781 4714 837 4764 seq.

203 4795 231 4866 3)
248 4791 548 4850 praestatutam.
564 4794 683 4848 Manlius
702 4794 785 4847 edidit
803 4792 883 4846 baec:
908 4810 991 4847 nemo
1006 4786 1155 4852 sciturae-

239 4875 284 4920 ter
303 4882 347 4917 me
364 4875 391 4917 et
408 4864 563 4918 moranum
582 4880 651 4930 quoe
663 4863 773 4930 fuerint
791 4864 873 4914 totitas
891 4869 1039 4914 conventus
1054 4859 1157 4925 Spirae

237 4936 361 5003 negotio.
398 4935 464 4987 Una
475 4951 520 4986 res
533 4933 626 4984 nocuit
640 4933 736 4994 nobis,
756 4935 829 4998 quod
841 4933 945 4982 diutius
958 4928 1159 4993 procrastr'rroti

236 5019 350 5068 sumus,
382 5021 444 5055 eum
462 5022 481 5054 o
495 5002 578 5053 nobis
593 5004 803 5067 postularetur,
832 5009 863 5050 ut
884 5001 1005 5050 eds'ctum
1023 5001 1158 5049 aduersus

237 5076 273 5128 Ν.
284 5089 485 5136 eornparemus.
523 5071 602 5140 Quae
616 5069 712 5140 partim
727 5069 838 5140 repetita
851 5078 914 5121 sunt
929 5085 957 5119 es
971 5065 1083 5137 epistola
1098 5083 1155 5135 seq.

203 5175 232 5242 l)
251 5173 339 5227 Maul.
353 5173 487 5224 exutum.

204 5277 232 5344 6)
250 5272 432 5328 praetermisit
446 5270 511 5327 baec
523 5268 656 5324 Manlius·

204 5379 233 5448 6)
251 5375 324 5430 llaec
336 5391 445 5446 quoque
460 5371 545 5426 olant.
562 5368 753 5443 praetermisit.

759 203 1191 281 EPISTOLARUM
1246 204 1354 277 LIB.
1386 204 1449 276 IV.
1503 203 1630 283 1529.

2115 206 2204 278 toto

1218 390 1276 446 tur
1294 376 1363 471 alia
1387 373 1571 471 quoque⁷)
1595 378 1694 466 signa
1714 378 1838 450 multa.
1889 375 1933 447 In
1950 372 2119 469 Hessis')
2136 379 2203 446 aidi

1217 501 1385 567 niaguum
1400 503 1520 547 saxum
1536 475 1781 572 †quadralum
1791 479 1809 503 '⁹
1829 479 1867 547 vi
1887 479 2053 548 fluminis
2066 504 2087 546 e
2103 493 2203 548 testu-

1217 579 1302 647 dine
1317 580 1440 671 tcr'npli
1457 581 1504 649 ita
1514 581 1691 665 citimum,
1714 588 1756 650 'nt
1772 581 1894 650 si-arte
1910 594 2002 648 esset
2024 595 2203 652 exemtum.

1216 677 1379 750 Christus
1390 672 1559 771 respiciat
1573 705 1652 753 nos.
1700 679 1778 771 Ego
1793 706 1877 750 -non
1901 683 2032 750 leviter
2056 703 2204 750 commo-

1216 807 1301 850 veor
1325 777 1382 851 his
1406 785 1524 855 rebus.
1575 782 1635 853 Tu
1659 785 1736 852 vale
1759 783 1911 852 feliciter
1923 779 1968 879 ⁹)
2021 780 2091 850 Die
2118 780 2203 850 lunii

1216 885 1416 957 undecimo.

1921 1220 1924 1224 Δ
2017 1168 2021 1176 ¹
2055 1227 2109 1291 ll.
2127 1222 2192 1286 liin.

2030 1314 2198 1342 Μ

1226 1216 1291 1289 No.
1306 1217 1393 1288 617.
1495 1154 1499 1169 ·

1223 1314 1394 1340 Μ

1560 1387 1686 1468 Iusto
1712 1385 1857 1469 Ionae.

1281 1565 1301 1627 †
1319 1561 1355 1614 Es
1370 1563 1535 1635 autographo
1550 1563 1666 1634 Philippi
1680 1565 1708 1618 iu
1724 1564 1787 1618 cod.
1802 1564 1889 1617 llbed.
1904 1563 2017 1629 Vratisl.
2034 1561 2099 1618 Vol.
2114 1563 2147 1619 V.
2160 1563 2203 1617 dv

1313 1631 1413 1701 scripta
1428 1653 1443 1685 a
1456 1634 1486 1686 S.
1504 1631 1535 1686 V.
1550 1632 1687 1688 susurrio.

1238 1779 1291 1856 D.
1318 1783 1347 1854 I
1352 1796 1453 1856 usto
1474 1785 1504 1856 I
1507 1813 1527 1858 ο
1536 1812 1634 1869 ααι,
1659 1789 1869 1887 praeposito
1892 1784 2184 1884 Witebergensi,

1213 1915 1257 2006 S.
1272 1936 1316 2007 Ι).
1367 1937 1520 2027 Purgavi
1535 1964 1592 2008 me
1609 1941 1692 2020 tibi,
1723 1939 1774 2006 mi
1791 1937 1899 2024 Iona,
1933 1941 2110 2031 proximis
2130 1943 2205 2012 lite·

1214 2040 1262 2108 ris
1277 2034 1332 2134 *),
1365 2064 1451 2133 quas
1471 2036 1940 2119 dedicuidamlouchimo.
1996 2041 2082 2112 Nou
2103 2045 2205 2112 dubi·

1215 2143 1348 2225 tabam,
1382 2141 1469 2233 quin
1486 2137 1712 2210 vehementer
1728 2144 1906 2211 mirareris
1925 2159 1998 2212 tam
2016 2145 2204 2234 pertinacis

1213 2243 1347 2310 silentii
1362 2262 1464 2311 causa
1481 2267 1653 2337 quaenam
1671 2259 1770 2314 esset.
1819 2245 1889 2314 Sed
1907 2270 1964 2313 me
1988 2247 2204 2315 acerbissimi

1213 2345 1353 2413 dolores
1371 2344 1481 2411 animi
1496 2345 1713 2435 impediunt,
1741 2370 1811 2437 quo
1833 2347 1953 2415 minus
1969 2347 2089 2414 officia
2107 2373 2203 2439 prae·

1212 2460 1322 2529 stem,
1348 2469 1438 2537 quae
1454 2447 1584 2530 debeo,
1610 2446 1743 2518 amicis.
1783 2446 1824 2516 Si
1839 2441 2202 2540 illeIoucltimus“)

1212 2550 1335 2616 reddet
1352 2547 1489 2630 literas,
1513 2547 1705 2635 intelliges,
1736 2571 1825 2639 quae
1842 2573 1898 2617 res
1914 2549 1984 2617 tale
2002 2550 2112 2618 nobis
2128 2552 2201 2620 vut-

1212 2672 1280 2717 nus
1293 2649 1434 2731 fecerit‚
1458 2673 1660 2740 quanquam
1676 2660 1729 2717 est
1742 2672 1859 2719 merus
1874 2651 2010 2720 asinus.
2052 2647 2109 2719 Ac
2121 2676 2201 2742 poe·

1212 2749 1321 2829 nituit
1341 2773 1417 2832 me,
1456 2749 1520 2819 tali
1543 2773 1676 2839 vappae
1702 2749 1887 2831 tradidisse
1909 2752 2045 2821 literas.
2111 2751 2201 2823 Cou-

1211 2863 1338 2919 ventus
1356 2845 1540 2920 historiam
1556 2874 1598 2919 ex-
1611 2875 1667 2918 me
1685 2864 1793 2919 totam
1807 2852 1945 2936 audies,
1979 2853 2029 2921 ita
2051 2849 2147 2922 nihil
2164 2868 2199 2923 ut

1212 2953 1398 3023 desideres.
1450 2950 1540 3020 Nam
1557 2975 1647 3044 quae
1664 2950 1772 3021 luerit
1793 2946 1958 3032 ἐπίτασις
1980 2954 2094 3024 totins
2119 2979 2199 3023 cou-

1212 3067 1338 3123 ventus
1359 3066 1497 3142 praeter
1517 3077 1574 3120 me
1596 3066 1630 3124 et
1644 3044 1856 3140 Ριιιιίαηιιηι
1871 3078 1979 3123 nemo
1993 3055 2072 3135 scit.
2124 3056 2198 3128 Una

1210 3179 1266 3248 res
1287 3155 1411 3224 nocuit
1431 3154 1549 3237 nobis,
1582 3178 1687 3245 quam
1710 3154 1845 3224 diutius
1868 3157 2123 3245 procrastinati
2142 3181 2197 3226 su·

1210 3280 1306 3339 mus,
1338 3280 1420 3325 cum
1436 3254 1711 3346 postularetura
1733 3255 1854 3339 nobis,
1887 3269 1929 3324 ut
1950 3259 2197 3326 damnaremus

1210 3357 1425 3445 Zinglianos.
1476 3354 1571 3429 Hinc
1593 3379 1656 3444 ego
1677 3354 1715 3422 in
1735 3369 1869 3425 tantam
1885 3357 1998 3426 incidi
2014 3361 2198 3448 perturba-

1210 3460 1362 3542 tionem,
1405 3470 1445 3528 ut
1465 3472 1614 3527 mortem
1637 3472 1800 3547 oppetere
1822 3459 1961 3542 malim,
2003 3485 2114 3551 quam
2139 3456 2196 3529 has

1210 3560 1367 3628 miserias
1382 3560 1484 3630 ferre.
1537 3554 1674 3627 Omnes
1695 3559 1835 3627 dolores
1857 3559 1992 3628 interni
2015 3585 2195 3651 oppresse·

1209 3674 1383 3740 suntme.
1445 3657 1513 3729 Sed
1537 3672 1655 3729 tamen
1676 3682 1796 3751 spero,
1835 3655 2020 3730 Christum
2045 3662 2195 3730 remedia

1211 3757 1265 3831 his
1288 3763 1394 3831 rebus
1416 3774 1640 3830 ostensurum
1661 3784 1744 3832 csse.
1795 3752 1935 3830 Πάντα
1961 3756 2194 3859 ἐξηγήσομαι,

1209 3876 1395 3957 postquam
1411 3862 1549 3932 veneris
1565 3854 1656 3955 ΜΗ’).
1707 3860 1788 3931 Non
1807 3861 1902 3931 enim
1920 3889 2066 3952 possum
2088 3864 2195 3934 literis

1208 3989 1283 4033 rem
1309 3978 1442 4034 tantam
1469 3964 1663 4055 complecti.
1721 3960 1823 4033 Haec*
1842 3965 1963 4034 subito
1996 3980 2031 4035 et
2067 3965 2195 4035 invitus

1210 4065 1344 4157 scripsi.
1401 4064 1471 4134 Sed
1492 4065 1584 4154 gessi,
1601 4087 1736 4134 morem
1758 4079 1837 4135 tuae
1859 4067 2050 4139 voluntati.
2109 4065 2193 4134 Vale

1208 4168 1367 4240 feliciter.
1398 4163 1455 4239 14.
1473 4167 1531 4235 die
1549 4164 1655 4237 lunii.

1951 4263 2145 4349 Φίλιππος.

1260 4443 1276 4495 7
1306 4428 1393 4496 ΜιηΙ.
1409 4439 1552 4494 mendose:
1573 4439 1715 4491 rnirontur
1729 4431 1835 4508 atraque
1845 4441 1928 4506 signo
1942 4440 2055 4510 multa,
2070 4449 2096 4496 et
2109 4443 2193 4514 posuit

1312 4530 1342 4564 ec
1354 4510 1433 4562 rerba
1447 4519 1509 4580 post
1524 4516 1678 4561 eremium.

1259 4598 1286 4664 8)
1305 4596 1391 4651 Mani.
1406 4595 1443 4647 In
1454 4594 1569 4649 Hasss’u.

1257 4683 1291 4762 9),
1305 4682 1391 4735 Mani.
1402 4681 1490 4734 addit:
1511 4677 1685 4745 Vitebergoe.

1241 4789 1269 4856 *)
1290 4786 1323 4840 sd
1339 4783 1454 4839 eundem
1469 4781 1494 4833 d.
1511 4783 1549 4833 ll.
1565 4779 1624 4832 lun.
1640 4779 1715 4833 1529.

1211 4894 1216 4906 .
1241 4873 1287 4945 ²⁸⁴¹)
1304 4871 1346 4924 De
1359 4887 1391 4922 eo
1404 4867 1497 4921 scribit
1513 4863 1643 4919 Lutberus
1659 4861 1755 4933 lonae,
1777 4874 1835 4931 tprn
1857 4866 1977 4918 versanti
1996 4865 2025 4920 in
2046 4865 2192 4921 visitatione

1277 4938 1449 4993 ecclesiarum
1465 4934 1490 4986 d.
1506 4935 1532 4988 6.
1549 4932 1628 4986 Maii:
1646 4935 1800 5002 ,‚obsecco'‚
1817 4932 1841 4984 si
1853 4924 1952 4986 variant
1984 4932 2125 5004 arocbise,
2143 4954 2190 4988 vo·

1275 5026 1321 5074 ees
1337 5003 1454 5057 loacbim
1470 5003 1558 5055 Hand
1569 5001 1702 5055 erwott
1712 5000 1867 5067 Holenam,-
1888 4953 1995 5056 narnis·
2010 5003 2193 5074 ungularum

1276 5083 1385 5148 sugunt.
1423 5073 1499 5125 Alter
1519 5080 1557 5124 est
1574 5089 1588 5122 e
1603 5067 1748 5127 blacchia”
1763 5078 1815 5135 etc.
1834 5097 1867 5110 -
1903 5069 1937 5120 Et
1952 5071 2054 5123 iterum
2071 5073 2099 5124 in
2114 5092 2153 5142 ep.
2168 5075 2193 5125 d.

1278 5143 1391 5197 5.luo.:
1422 5139 1479 5210 „de
1494 5139 1639 5191 Ioocbim'o
1652 5136 1784 5197 mittendo
1798 5137 1831 5189 ad
1850 5147 1876 5190 te
1895 5155 1945 5207 pro
1985 5139 2095 5193 arocbia
2111 5158 2191 5212 prope

1278 5210 1424 5265 Colditium
1439 5218 1539 5260 mutata
1552 5216 1589 5258 est
1603 5206 1748 5258 sententia:
1765 5224 1828 5257 nam
1845 5207 1883 5267 is,
1902 5204 1949 5276 qui
1979 5208 2093 5262 ironice
2106 5207 2188 5279 loqui-

1277 5292 1338 5346 tur,
1356 5279 1473 5348 ineptior
1486 5277 1517 5328 ad
1532 5294 1592 5327 eum
1608 5274 1697 5327 locum
1712 5274 1787 5328 risus
1800 5274 1851 5326 es''
1865 5283 1917 5327 ete.

1242 5362 1305 5432 stt)
1322 5362 1339 5414 i.
1355 5380 1379 5417 e.
1394 5358 1583 5428 Vitebergam3
1600 5356 1692 5409 aberet
1703 5353 1870 5424 enimlooss
1883 5354 1912 5408 in
1927 5354 2095 5412 visitatione.
