4500 5782
57 228 125 303 ΞΜ
639 220 1076 302 EPISTOLARUM
1125 224 1314 302 LIB.11.
1368 226 1502 305 1620.
2008 228 2085 302 est
2137 264 2144 269 ·

57 382 199 475 conteni
211 398 381 488 fuerint,¹
395 394 516 471 deshis
530 398 616 470 licet
632 399 781 469 minime
798 398 944 471 contriti
961 398 1045 484 sint,
1096 399 1184 471 loris
1197 401 1296 471 infixi
1310 403 1430 471 animo
1447 401 1650 472 absolvetur
1670 425 1751 473 reus
1771 414 1805 473 et
1822 402 1935 471 iustus
1948 404 2084 475 evadet.

54 502 359 575 modoabilliase
371 502 552 573 absolutos
566 502 767 571 breuissime
779 504 935 574 credant.
966 500 1046 572 Sic·
1094 498 1278 573 Coniicere
1293 498 1363 573 hoc
1374 490 1538 597 equidem
1552 518 1657 597 atque
1673 505 1845 575 deducere
1859 503 1986 573 exinde
1999 528 2084 596 pos-

54 598 535 695 mimetinehuguaiuus
543 603 675 689 docuit,
688 606 752 697 qui
760 604 901 673 inlibro
909 605 1044 675 devera
1094 628 1189 691 sum,
1214 607 1309 698 quod
1329 603 1523 675 llicrohaal
1546 601 1727 697 (hebraice
1748 604 1923 675 ludicium
1947 600 2082 675 habeus

54 706 807 800 celeb-poenientialundatamquidem
822 706 943 774 iulide
957 726 1045 797 poe-
1094 705 1211 801 sonat)
1227 721 1338 777 castra
1350 704 1502 779 Madian
1515 704 1657 800 (eadem
1674 707 1793 796 lingua
1814 707 1927 795 signat
1947 706 2083 801 iniqui-

53 811 267 893 niundon,
282 809 346 877 scd
364 822 486 879 umen
505 808 634 877 salvari
651 802 852 891 hominem,
877 808 961 900 quia
978 808 1046 875 do-
1095 804 1240 901 tatcm),
1267 810 1417 903 quaein
1432 811 1524 879 valle
1543 810 1589 879 ad
1613 810 1922 901 septentrionalem
1944 809 2083 900 plagam

54 914 118 998 let,
137 910 317 981 amnuit?
341 906 455 979 Sitne.
467 932 532 1001 per
544 904 703 979 lohelem
728 908 904 1002 praecepit
918 907 1047 980 Domi·
1095 912 1196 981 collis
1224 911 1351 981 excelsi
1373 911 1487 1003 posita
1511 924 1628 996 erant,
1665 925 1743 981 tum
1772 912 1915 978 demum
1944 910 2084 979 vincere

54 1012 246 1108 nns,=qui,
264 1024 307 1081 nt
320 1012 381 1081 ad·
389 1010 505 1102 ipsum
521 1024 787 1097 convertamur,
809 1012 915 1093 llere,
940 1010 1046 1101 plan·
1095 1014 1228 1105 potuit,
1254 1036 1366 1107 quum
1387 1012 1481 1083 inter
1501 1014 1571 1083 alia
1590 1013 1778 1083 confractis
1800 1024 1835 1081 et
1857 1010 2085 1080 comminutis

54 1129 184 1207 gereet
201 1114 311 1183 corda
330 1126 451 1183 nostra
471 1111 632 1183 scindere
647 1112 769 1182 iubet?
808 1110 914 1183 Sitne
928 1109 1045 1182 David
1096 1115 1264 1184 fictilibus
1302 1114 1437 1203 lagenis
1476 1116 1638 1185 ardentes
1683 1114 1862 1206 lampades
1906 1111 2085 1185 refulsere.

53 1214 407 1310 poenitena.docuit²‚
437 1214 502 1309 qni
526 1236 589 1283 cor
610 1212 803 1285 contritum
824 1226 858 1285 et
872 1207 1047 1284 humilia·
1096 1214 1470 1309 Monstravit-nanque
1489 1211 1637 1287 historia
1659 1211 1751 1285 haec¹
1759 1216 1993 1297 sacerdotem,
2023 1212 2086 1307 qui

53 1314 275 1391 matheo
302 1338 488 1410 nunqnam
515 1315 647 1407 despici
677 1314 891 1408 pollicetur?
939 1312 1046 1385 Sicne
1096 1318 1254 1410 spiritale
1282 1316 1456 1387 iudicium
1482 1318 1715 1388 conscientiae
1743 1330 1894 1399 exercet,
1925 1328 2086 1406 peccato-

54 1422 120 1491 alia
133 1418 360 1507 nrltadegis
372 1416 526 1487 Divinae
540 1419 636 1501 loca,
658 1440 748 1511 quac
772 1416 890 1487 cordis
911 1416 1046 1487 contri-
1096 1444 1176 1491 rum
1191 1417 1282 1489 acies
1297 1434 1332 1490 et
1345 1419 1517 1491 vitiorum
1538 1421 1675 1513 copias,
1694 1442 1785 1514 quae
1800 1419 1839 1485 in
1850 1418 1976 1506 frigida
1991 1416 2086 1486 ralle

55 1523 210 1605 tionem,
241 1520 411 1589 dolorem·
423 1520 525 1588 illum
546 1518 758 1589 intrinsecus
781 1532 962 1609 acceptum
981 1541 1046 1586 ne·
1096 1517 1273 1592 humanae
1296 1522 1457 1591 miseriae
1473 1522 1541 1592 sub
1558 1523 1629 1592 alto
1651 1520 1834 1613 superbiae
1856 1534 1977 1588 monte
1998 1542 2086 1588 con·

55 1622 246 1695 emerium
274 1620 469 1691 ostendunt
495 1614 692 1689 Martinus
725 1620 918 1709 intelligit?
974 1618 1045 1691 Sed
1096 1625 1244 1706 sistunt,
1268 1634 1354 1692 tunc
1375 1647 1397 1691 a
1418 1624 1550 1715 populo
1571 1618 1706 1692 Israhel
1728 1648 1749 1693 a
1768 1621 2010 1714 peccatoribus
2027 1644 2086 1688 rc·

55 1726 166 1819 ipsius
179 1722 306 1793 audite
330 1721 525 1806 rationem,
553 1746 626 1815 qua
644 1735 783 1799 tantum
808 1742 965 1791 errorem
983 1722 1046 1791 tir-
1096 1720 1239 1794 m'ovcre
1260 1737 1366 1817 atquc
1377 1725 1519 1813 fugare,
1542 1725 1685 1819 quaudo
1701 1724 1849 1794 terrenis
1863 1746 1986 1792 eorum
2006 1746 2086 1792 cor-

54 1824 370 1899 marc-contendit.
411 1822 507 1895 -Non
525 1822 700 1895 contritus
718 1820 870 1917 (inquit)
889 1823 1047 1915 baptiza-
1097 1827 1202 1897 dibus
1222 1824 1399 1909 contritis,
1420 1825 1563 1897 flamma
1581 1821 1761 1895 charitatis
1774 1826 1903 1895 ardens
1917 1837 1952 1894 et
1966 1824 2089 1893 lucens
2218 1908 2221 1913 Ι

55 1942 125 2013 mr,
142 1950 240 2017 ergo
259 1926 392 1996 itidem.
402 1948 481 1996 non
501 1926 673 1997 contritus
695 1925 905 1999 absolvitur.
954 1922 1047 2012 Quis
1097 1950 1280 1999 reaccensa
1305 1926 1535 2020 splenduerit.
1593 1925 1652 1997 Sic
1671 1926 1821 1996 docendi
1846 1939 1960 1995 essent
1980 1920 2089 1995 Chri-

55 2044 90 2101 te
107 2027 424 2118 siczargumentari
446 2028 586 2111 docuit,
614 2020 786 2096 Muttine
811 2025 887 2095 mil
935 2023 1049 2095 Vides
1098 2030 1221 2117 stiani,
1258 2029 1309 2098 sic
1338 2028 1502 2117 ignarum
1526 2030 1655 2117 vulgus
1685 2028 1950 2099 admonendum
1978 2040 2014 2096 ct
2041 2028 2088 2095 ad

56 2126 184 2215 modo,
223 2142 400 2225 quantum
422 2122 614 2199 Aristotele
637 2129 702 2198 illo
728 2128 905 2219 indigcas,
939 2150 1046 2222 quem
1097 2156 1219 2202 veram
1243 2131 1494 2200 contritionem
1516 2144 1552 2200 et
1571 2130 1825 2222 poenitentiam
1853 2127 2088 2199 incitandum.

58 2228 361 2305 connectitis?
409 2225 446 2301 A
459 2255 531 2324 quo
545 2231 577 2299 si
592 2229 740 2321 vigilare
757 2230 956 2315 didicisses,
975 2244 1048 2301 tam
1098 2230 1202 2305 Adde
1217 2232 1314 2325 quod
1325 2224 1506 2316 Lamos,
1524 2245 1565 2303 ut
1578 2233 1731 2324 seipsum
1745 2245 1780 2302 et
1794 2231 1883 2300 alios
1895 2230 2035 2301 facilius
2048 2229 2087 2297 in

59 2356 258 2405 ucrcm
282 2326 516 2425 phantamra,
552 2344 625 2401 tarn
646 2332 800 2401 immane
828 2332 945 2401 visum
971 2353 1047 2400 non
1098 2349 1228 2405 tartara
1247 2334 1470 2426 praecipitet,
1495 2358 1569 2402 non
1592 2334 1713 2403 omnia
1733 2333 1916 2402 mortifera
1940 2330 2090 2401 crimina

59 2435 260 2527 patereris..
299 2430 511 2503 Consecutio
535 2456 680 2527 nanque
702 2433 768 2503 ista
797 2433 924 2503 iccirco
945 2432 1049 2503 invu-
1099 2434 1338 2531 (nequeenim
1350 2429 1712 2505 occultautlethalem
1725 2432 1924 2529 accidiam),
1938 2434 1999 2502 sed
2011 2456 2090 2503 ma·

60 2538 214 2622 lidnrt,
234 2535 407 2629 quoniam
425 2536 697 2605 non-contritus
716 2530 953 2607 characterem
968 2532 1049 2628 qui-
1097 2538 1224 2608 nilesta
1233 2536 1349 2608 solum
1358 2537 1556 2607 confitenda
1565 2560 1637 2607 esse
1646 2536 1838 2620 contendit,
1849 2560 1921 2629 quo
1930 2529 2090 2619 authore,

61 2640 133 2709 darn
143 2636 397 2730 et·spiritalcm
406 2650 530 2707 notam
542 2637 633 2708 socri
646 2636 779 2707 lavacri
794 2636 959 2730 suscipit,
985 2659 1050 2705 re-
1098 2665 1168 2736 qua
1179 2641 1268 2731 lege,
1293 2662 1366 2735 quo
1379 2638 1583 2709 divinarum
1595 2638 1793 2710 litterarum
1806 2637 2008 2708 testimonio
2025 2660 2097 2705 neq

60 2762 137 2811 cnm·
156 2736 229 2809 Dei
249 2732 394 2831 Optimi
420 2739 569 2829 gratiam
595 2739 744 2808 minime
773 2740 843 2809 sibi
873 2738 1049 2808 conciliat.
1098 2744 1222 2813 scitur:
1237 2742 1307 2811 nisi
1319 2741 1411 2811 illud
1425 2764 1529 2811 suum
1542 2764 1683 2833 pugnax
1694 2754 1728 2810 et
1736 2752 1819 2809 vero
1828 2739 2090 2809 arietinumca-

61 2838 145 2913 Cur
163 2853 311 2933 peccato
333 2837 430 2909 enim
454 2840 517 2911 illa
546 2854 639 2911 stare
666 2866 741 2911 non
770 2854 905 2932 potest,
943 2839 1047 2913 sicuti
1096 2858 1162 2939 put
1170 2838 1458 2937 (utdiciassolct)
1467 2842 1655 2933 legemsibi
1665 2840 1821 2914 etDeum
1829 2841 1961 2914 fecerit.
1990 2836 2090 2909 Hoc·

62 2966 155 3013 ernor
186 2955 224 3013 et
245 2941 392 3025 odium,
426 2940 490 3011 lux
511 2944 730 3013 elecebrae
756 2944 862 3013 simul
887 2936 1047 3013 habitare
1100 2970 1146 3016 nc
1166 2944 1288 3016 docuit
1301 2940 1540 3035 Augustinus,
1563 2945 1625 3037 qui
1649 2958 1830 3037 peccatum
1853 2942 2029 3013 occultum
2049 2942 2089 3009 in

63 3067 127 3115 uun
140 3056 314 3136 possunt..
355 3039 437 3130 Quo
453 3043 494 3113 lit
507 3058 568 3130 ut,
588 3044 619 3113 si
634 3046 810 3138 quispiam
823 3068 896 3116 non
912 3045 1048 3114 contri·
1098 3046 1470 3119 notitiamSacerdotis
1479 3046 1704 3117 referendum
1715 3045 1854 3116 censet?
1878 3040 2003 3113 llocne
2021 3043 2088 3126 lex,

63 3158 132 3225 tos,-
157 3143 387 3215 nondulens
414 3158 556 3237 peccata
566 3148 748 3216 sacerdoti
764 3148 877 3217 tessus
899 3147 960 3231 sit,
983 3144 1045 3214 illa
1099 3172 1189 3243 quae
1222 3148 1343 3218 omnia
1367 3146 1586 3217 manifestari
1611 3146 1730 3219 iubet?
1785 3144 1856 3217 Sed
1877 3145 1961 3239 quia
1981 3140 2040 3213 hic
2066 3168 2087 3211 a

63 3244 291 3317 tonatim
301 3244 462 3316 confiteri
474 3270 549 3316 nun
562 3247 780 3338 obligabitur
794 3242 842 3345 Ψ),
860 3249 933 3333 sed,
948 3248 1045 3341 quod
1097 3250 1299 3322 Dialecticis
1310 3249 1446 3344 aliquid
1462 3248 1629 3319 suffurari
1642 3270 1761 3342 posses
1776 3261 1810 3318 et
1826 3245 2088 3320 restrictionum

64 3348 268 3419 obduratum
289 3346 472 3417 illius-cor
494 3360 529 3418 et
551 3344 669 3420 adhuc
690 3352 822 3420 scelera
852 3372 975 3420 amans
998 3350 1044 3420 ab
1097 3352 1248 3443 regulis,
1273 3352 1372 3445 quud
1392 3351 1612 3436 dictumest,
1637 3350 1758 3421 omnia
1783 3351 1829 3419 ad
1851 3348 1995 3443 publica
2018 3348 2089 3417 cri-

10 3492 23 3503 ·
64 3446 345 3519 illisabsolvatur
362 3462 398 3517 et
413 3464 532 3519 sancta
548 3444 718 3521 charitate
731 3452 932 3537 mollescat,
957 3453 1045 3521 adeo
1097 3456 1195 3524 mina
1220 3469 1415 3537 coarctare,
1451 3452 1635 3545 praevenit
1656 3465 1692 3523 te
1712 3452 1876 3524 divinum
1899 3449 2088 3521 consilium

63 3572 256 3643 repugnans
266 3564 322 3621 cst
336 3562 371 3619 et
385 3549 632 3643 impossibile,
646 3567 689 3623 ut
705 3554 824 3643 ignem
843 3554 961 3646 potius
979 3554 1046 3624 sri-
1099 3558 1258 3650 egitque,
1285 3568 1326 3625 ut
1352 3580 1373 3624 a
1393 3551 1623 3625 Sanctissimo
1654 3554 1805 3651 concilio
1834 3554 1901 3624 sub
1923 3549 2087 3641 Eugenio

64 3650 191 3739 gidum,
211 3652 327 3721 solem
346 3652 588 3737 tenebrosum,
613 3654 764 3725 calidam
793 3655 940 3744 glaciem
972 3656 1047 3725 exi·
1098 3672 1226 3751 quarto
1241 3654 1443 3727 Florentiae
1463 3651 1587 3725 habito
1603 3658 1659 3727 lex
1681 3657 1743 3727 illa
1762 3668 1996 3747 exponeretur
2020 3654 2089 3721 sci-

61 3751 193 3823 ttirnare
211 3752 399 3845 possimus.
433 3751 581 3848 ¹Neque
604 3780 693 3825 vero
711 3770 850 3827 tantum
872 3758 955 3825 fidei
980 3757 1046 3827 tri-
1098 3775 1249 3853 rentque
1267 3757 1408 3843 Latini,
1444 3755 1592 3842 Graeci,
1622 3754 1772 3828 Armeni
1798 3782 1839 3826 ac
1861 3780 1985 3826 omncs
2004 3757 2088 3823 har-

61 3852 237 3925 ltoendnm
261 3868 348 3937 esta.
371 3868 413 3924 ut
438 3878 504 3947 per
527 3880 606 3925 cam
634 3858 844 3927 sulam-sine
866 3853 1046 3943 charitate,
1098 3864 1205 3932 barae
1219 3860 1399 3944 nationes,
1423 3860 1543 3929 omnia
1562 3872 1718 3951 peccata,
1740 3882 1831 3953 quae
1850 3858 2020 3927 memorio
2035 3872 2087 3927 te-

60 3978 143 4048 cuae
156 3954 387 4025 contritionis
404 3958 578 4027 est-radix
591 3970 627 4028 et
640 3982 763 4044 causa,
790 3984 871 4029 cum
884 3955 962 4029 Deo
978 3982 1047 4029 no-
1098 3977 1241 4047 nentur,
1257 3962 1431 4032 sacerdoti
1447 3982 1520 4029 esse
1534 3959 1743 4031 confitenda.
1781 3956 1829 4029 Et
1844 3974 1961 4029 tamen
1977 3959 2087 4027 audes

60 4070 123 4125 stro
139 4055 346 4146 ingratiam
357 4058 474 4127 redire
490 4082 591 4150 posse
604 4063 805 4131 credamus:
831 4084 941 4153 quum
950 4057 1046 4131 Pou—
1097 4060 1311 4153 Theologus,
1326 4063 1387 4156 qui
1403 4057 1496 4132 hanc
1508 4062 1692 4131 veritatem
1705 4063 1843 4145 docent,
1857 4058 2088 4129 conscientia-

60 4154 108 4227 lus
129 4168 296 4241 testetur,
328 4158 393 4227 etsi
418 4183 563 4229 omnem
588 4160 695 4231 fidem
718 4157 899 4248 habuerit,
930 4163 979 4231 ita
1004 4176 1046 4233 ut
1097 4189 1178 4235 rum
1195 4164 1377 4235 carnifices
1393 4162 1593 4257 appellare?
1643 4162 1726 4252 Quo
1744 4164 1887 4232 tandem
1909 4176 1949 4231 tu
1969 4175 2004 4231 te
2022 4184 2087 4251 pa-

60 4272 190 4330 montcs
209 4258 416 4339 transferat,
440 4255 648 4332 charitatem
669 4277 788 4334 autem
809 4287 885 4334 non
908 4258 1045 4349 habeat,
1097 4268 1196 4338 lieris
1216 4267 1390 4335 vocabulo
1410 4264 1635 4355 nuncupari?
1684 4262 1808 4335 Dicam
1832 4278 1867 4332 tc
1887 4277 1979 4333 certe
2007 4263 2086 4331 ani-

60 4378 91 4427 ιι
101 4358 251 4431 omnino
267 4353 362 4429 nihil
376 4382 461 4445 esse,
486 4362 524 4431 id
538 4375 591 4431 est
603 4378 822 4455 peccatorem
839 4388 923 4447 esse,
942 4388 1043 4435 reum
1095 4369 1281 4451 micidarn,
1306 4367 1370 4461 qni
1384 4367 1455 4436 tuis
1466 4364 1542 4435 istis
1555 4367 1739 4435 venenatis
1753 4365 1979 4455 dogmatibus
1992 4365 2087 4435 mul-

60 4480 126 4535 tus
148 4460 583 4554 ‚triminihesqneprimis
606 4466 814 4541 obnoxium.
864 4464 970 4538 Unde
997 4466 1045 4536 li-
1095 4484 1215 4542 torum
1236 4469 1308 4538 iam
1322 4469 1458 4539 animas
1472 4468 1516 4535 ad
1531 4490 1665 4536 sacram
1679 4464 1756 4536 Iovi
1772 4467 1885 4560 stygio
1904 4466 2086 4538 victimam

61 4560 294 4633 ouatumm.
306 4564 509 4634 testimonio
519 4560 753 4656 Deusgcntes
772 4590 813 4637 ex
831 4568 900 4638 fide
917 4568 1043 4639 iustili—
1094 4570 1314 4641 mactaveris.
1381 4566 1500 4640 Macte
1521 4568 1631 4656 igitur
1658 4568 1836 4661 impietate
1867 4582 1901 4637 ct
1929 4568 2086 4645 saevitia,

10 4718 12 4743 ;
61 4676 128 4747 tet,
147 4686 229 4735 mn·
239 4679 378 4753 pugnat
390 4679 510 4735 tamen
528 4690 610 4737 cnm
618 4665 766 4753 Iacobo,
790 4669 852 4764 qui
866 4692 908 4739 ex
924 4669 1043 4761 operi-
1094 4668 1280 4755 Martine3
1303 4669 1472 4741 diuturna
1486 4665 1571 4739 hacc
1588 4683 1648 4739 tua
1662 4672 1737 4739 lore
1755 4670 1928 4739 confidis?
1956 4666 2085 4739 Liber·

10 4820 16 4853 ,
60 4758 118 4831 bus
145 4763 328 4835 iustificari
352 4760 532 4835 hominem
555 4792 630 4839 non
651 4794 693 4840 ex
712 4772 782 4840 lide
804 4772 879 4841 sola
904 4774 1043 4863 probat,
1094 4775 1175 4845 tatis
1196 4767 1419 4843 Christianae
1439 4785 1720 4841 conservatorem
1741 4785 1775 4843 te
1797 4772 1997 4864 praedicas,
2022 4771 2093 4861 qui.

62 4866 217 4951 quonism
232 4862 409 4937 Iustitiam
425 4862 517 4939 hanc
536 4866 684 4942 inchoat
707 4873 851 4966 quidem
872 4872 980 4958 tides,
1005 4886 1042 4942 at
1091 4873 1332 4969 Babylonicae
1360 4874 1538 4944 servitutis
1561 4872 1682 4963 iugum
1705 4898 1725 4942 a
1746 4872 1921 4945 Romanis
1946 4872 2082 4941 mundo

64 4960 293 5037 melnnitas
306 4968 443 5059 perlicit
455 4982 561 5062 atque
573 4988 768 5044 consumat.
818 4970 874 5043 Ex
890 4974 960 5043 lide
972 4974 1041 5063 igi·
1093 4974 1299 5068 impositum
1321 4991 1481 5046 excutere
1499 4988 1626 5067 potens
1654 4975 1725 5043 sis?
1774 4968 1889 5057 Proh,
1920 4994 2082 5063 supreme

10 5125 27 5162 c
64 5072 225 5161 hn-sttpte
243 5067 309 5138 illo
327 5069 443 5161 primo
464 5095 571 5163 opere
592 5074 689 5145 hono
707 5074 949 5161 contritionis,
973 5078 1040 5146 do·
1091 5076 1206 5161 Deus,
1243 5077 1499 5169 impudentiam
1530 5077 1744 5165 singularem
1773 5088 1808 5143 et
1843 5071 2080 5161 arrogantiam

211 5204 215 5211 '
430 5196 434 5207 '
531 5210 534 5215 ·
702 5212 705 5217 ·
1090 5204 1166 5249 non
1191 5181 1386 5250 terendam.
1443 5176 1582 5249 Videtis
1607 5192 1742 5260 autem,
1773 5175 1952 5268 quomodo
1981 5174 2082 5243 elatis

10 5269 20 5310 ²
1090 5281 1259 5353 cornibus
1273 5306 1313 5351 ex
1326 5276 1383 5351 his
1398 5304 1474 5350 non
1488 5278 1752 5349 commovetur?
1768 5300 1842 5345 non
1857 5276 1986 5368 pallet?
2005 5300 2078 5345 non

10 5340 27 5468 ἶ
92 5382 433 5467 'thalamus
447 5396 519 5457 liter
533 5402 656 5476 patmum
670 5404 887 5463 decantata.
922 5408 957 5464 ιι.
1090 5384 1288 5455 erubescit?
1327 5382 1506 5451 nerninem
1536 5379 1700 5451 veretur?
1746 5378 1925 5449 neminem
1956 5376 2080 5449 timet?
