4500 5782
157 208 234 285 m
310 278 317 290 ,
744 201 1417 283 EPlS.TOLdRUML1B.lI.
1472 136 1607 283 1521,
1922 244 1926 259 ·
2005 282 2014 291 ,
2118 148 2198 287 ³44

51 398 55 403 ·
155 376 417 475 gusbotninum
433 393 572 451 santum
585 379 809 451 nanadorat.
861 374 979 473 Atque
996 378 1147 464 utinam,
1201 380 1401 449 communis
1423 402 1498 449 esse
1519 377 1671 453 debebat
1687 392 1748 451 -res
1768 373 2004 471 theologica,
2027 376 2088 455 hie
2108 392 2199 475 pro-

155 484 348 578 prinsipes,
381 481 412 551 si
432 495 567 571 caetera
584 481 682 551 mala
705 480 901 551 remedium
920 505 997 550 non
1018 479 1149 551 admit·-
1200 480 1392 553 sessionum
1408 482 1546 552 vicibus
1558 481 1943 571 distinctis'paurorum
1956 484 2139 568 lana-em,
2158 497 2199 557 rt

156 600 250 670 tant,
272 585 395 655 saltem
410 582 446 651 in
463 582 690 655 restituendis
703 576 905 653 Academiis
924 583 1056 653 oculati
1073 604 1150 651 esse
1201 608 1242 653 ex
1255 578 1386 653 horum
1400 583 1534 655 iudicio
1550 583 1654 653 orbis·
1664 586 2113 674 tormrum-pernletennos
2123 587 2201 663 iam

156 687 288 771 velitis,
314 708 402 779 quas
422 697 583 775 parerat
604 684 801 755 accuratius
814 685 1026 769 instaurare,
1050 684 1148 776 quod
1201 687 1289 776 plus.
1307 699 1513 759 trecentos..
1556 680 1801 771 lli-assonciliis
1823 686 1915 774 leges
1928 688 2198 777 ›praescribuun

157 785 242 860 hinc
262 787 424 857 omnium
445 810 565 855 rerum
587 786 812 877 publicarum
837 786 927 855 sacri
951 799 985 855 et
1006 784 1148 877 profani
1201 782 1242 857 bi
1265 787 1309 855 de
1332 788 1438 857 rebus
1457 780 1671 859 Christianis
1694 786 1890 871 definiunt,
1926 801 2198 882 statuunt-pm

156 891 378 981 magistratus
402 901 584 978 petuntur,
611 911 651 955 cx
674 911 827 980 quorum
848 886 980 956 iudicio
1007 910 1149 978 cornpa-
1200 889 1351 959 libidine
1374 912 1446 961 sua.
1507 885 1558 957 Hi
1579 912 1645 978 pro
1665 888 2198 979 concionibusngaunerer-

155 994 231 1065 rari
246 992 404 1062 civitates
422 986 593 1057 videmus.
643 984 693 1057 Et
707 988 862 1079 primum
878 989 1024 1081 quidem
1041 1012 1148 1082 quam
1201 1004 1280 1059 cent
1294 991 1332 1058 in
1352 991 1522 1061 miserum
1538 990 1685 1077 vulgus,
1710 990 1972 1065 uoudocentes
1996 991 2197 1085 aisiaqmee

39 1158 46 1177 ,
159 1096 263 1183 lange
286 1091 443 1161 absimus
465 1114 483 1158 a
504 1085 665 1173 Christo,
706 1104 881 1183 quotquot
903 1113 1085 1159 versamur
1109 1089 1147 1157 in
1201 1092 1283 1161 dam
1304 1092 1420 1161 satiras
1440 1090 1642 1163 Aristotelis
1663 1086 1911 1182 philosophias.
1928 1090 2196 1167 esaboatifieias

157 1191 225 1266 hoc
246 1190 449 1263 scholarum
468 1213 610 1280 genere,
647 1214 794 1283 quaeso,
819 1193 1009 1281 diligenter
1030 1191 1149 1261 consi·
1201 1194 1305 1283 leges.
1356 1189 1491 1263 Annon
1510 1192 1549 1265 id
1569 1207 1635 1278 est,
1652 1192 1800 1283 quassit
1817 1188 2013 1284 Propheta:
2031 1188 2195 1275 -Νωίω,

156 1300 285 1368 derate.
337 1292 460 1365 Fuisse
483 1292 522 1362 in
540 1290 668 1361 iudaea
690 1316 806 1363 sacrae
827 1287 996 1363 historiae
1017 1306 1148 1363 testan-
1200 1292 1308 1365 nobis
1326 1318 1395 1392 pra
1416 1291 1553 1365 cisione
1574 1314 1648 1365 esse
1667 1289 1975 1389 elisachar-,pra
1991 1288 2196 1375 dieinms‘o·

156 1413 216 1470 tur
240 1395 466 1466 barbaricum
486 1408 520 1463 et
543 1394 820 1463 abominabilem
839 1396 949 1467 ritum
973 1392 1149 1465 lustrandi
1201 1419 1257 1465 ae.
1307 1397 1444 1469 Arnaon
1462 1396 1592 1465 dedere
1611 1396 1790 1486 specimen
1807 1394 1865 1465 sui
1879 1396 2195 1475 universitatum

157 1500 396 1571 adulescentes
414 1496 505 1584 igni,
531 1496 618 1563 valli
633 1491 717 1565 huic
733 1496 914 1585 sacrilegio
930 1496 1065 1565 dicantes
1081 1520 1150 1565 no-
1200 1494 1265 1567 hac
1289 1498 1363 1589 ipsa
1378 1489 1541 1567 Latheri
1557 1520 1696 1581 caussa,
1721 1518 1801 1569 cum
1815 1496 1948 1567 delirae
1965 1498 2049 1573 illae
2064 1496 2194 1573 Calon.

158 1625 240 1671 men
256 1599 412 1669 inditum
427 1611 479 1667 est
491 1623 510 1665 a
527 1594 769 1676 bliisEnnon‚
794 1600 890 1667 unde
907 1612 1025 1689 postea
1041 1592 1149 1668 Cbri-
1201 1625 1240 1670 ac
1254 1598 1393 1674 Lovan.
1414 1594 1555 1669 schalae
1579 1623 1654 1667 non
1672 1600 1780 1669 sanda
1793 1593 2194 1691 ChristiEvaugelium,

157 1716 231 1773 stus
244 1702 281 1769 in
296 1698 492 1789 Evangelio
510 1721 681 1787 geeunam
695 1698 789 1771 fecit.
840 1698 919 1769 Hac
938 1695 1028 1769 mibi
1049 1722 1147 1768 sacro
1200 1703 1262 1771 sed
1285 1703 1468 1793 plerasque
1493 1724 1572 1771 suas
1590 1699 1779 1790 opiniones
1798 1700 2049 1773 damnarunt?
2073 1696 2194 1775 ¹Adeo

156 1805 359 1896 praelusum
374 1794 729 1871 videturAcademiis
745 1801 972 1873 nostratibus.
1012 1798 1148 1889 Nempe
1200 1827 1246 1873 ne
1269 1816 1332 1873 s'ua
1353 1802 1498 1896 quidem
1523 1802 1739 1891 intelligunt.
1804 1799 1944 1889 Quodsi
1965 1802 2065 1873 orbis
2085 1799 2195 1879 Glari·

156 1906 221 1975 ubi
243 1914 494 1973 consecrantur
517 1913 551 1971 et
573 1901 804 1973 immolantur
824 1903 1016 1993 gentilibus
1041 1901 1149 1971 idolis
1200 1905 1306 1973 stiani
1323 1906 1484 1975 doctores
1499 1916 1597 1984 sunt,
1622 1928 1687 1972 cur
1702 1926 1776 1971 non
1791 1898 1832 1996 ³⁷)
1847 1895 2195 1977 revincendum·-

148 2006 413 2077 adulesceates.
805 2074 811 2081 ,
1201 2028 1283 2075 rum
1300 2001 1513 2077 Christianis
1533 2004 1749 2087 rationibus,
1773 2028 1856 2075 cum
1874 2004 2070 2079 denserent?
2095 2076 2099 2081 ,
2121 2004 2196 2079 Sed

259 2106 421 2177 Primum
436 2104 532 2174 caim
550 2104 580 2172 si
594 2103 746 2175 docendi
760 2127 869 2193 genus
886 2117 1035 2195 spectes,
1061 2102 1148 2197 quid
1200 2109 1288 2202 quid
1301 2103 1494 2177 Christiani
1516 2107 1697 2191 adferant,
1722 2104 1785 2198 qui
1806 2099 1900 2175 nibil
1917 2105 2195 2199 didicereprae-

157 2210 270 2299 magis
300 2208 468 2298 impium,
511 2231 616 2298 quam
644 2207 726 2274 illae
759 2206 1018 2297 professionum
1046 2206 1150 2290 vices,
1200 2224 1254 2279 ter
1279 2220 1382 2279 suum
1402 2204 1447 2279 V
1440 2229 1594 2278 errorem
1610 2200 1649 2300 ⁸⁵)
1680 2219 1715 2277 et
1734 2204 1909 2297 Capulata
1936 2208 2071 2283 bursae.
2086 2232 2193 2279 uton-

157 2304 384 2405 philosophia
411 2322 445 2379 et
471 2308 658 2398 disciplina
679 2305 1034 2392 Iurisconsultorum,
1060 2331 1150 2400 quae
1200 2312 1246 2383 tis
1262 2304 1334 2404 *”).
1385 2307 1434 2380 Et
1448 2311 1535 2383 tales
1547 2309 1693 2401 quidem
1709 2303 1867 2391 habetisp
1878 2308 2069 2400 principes,
2086 2305 2194 2389 fibri-

158 2436 239 2483 cum
256 2434 400 2503 prorsus
417 2434 496 2478 cum
507 2405 710 2481 Christiana
724 2408 886 2479 doctrina
900 2424 1072 2501 pugnent,
1094 2421 1149 2478 ta·
1201 2413 1335 2483 stiauae
1356 2408 1511 2503 Reipub.
1534 2424 1680 2494 nervos,
1711 2404 1843 2479 borum
1862 2409 1997 2485 iudicio
2016 2410 2194 2503 permitti-

157 2538 241 2583 men
261 2514 300 2581 in
319 2507 532 2582 Christianis
552 2506 683 2579 scholis
703 2523 906 2596 censentur,
933 2512 982 2581 ita
1006 2524 1046 2582 ut
1067 2534 1151 2580 eru·
1201 2514 1247 2585 tis
1264 2509 1597 2599 Christianismum,
1629 2512 1670 2581 in
1687 2511 1818 2605 quibus
1838 2510 2194 2587 etism-communem

149 2616 276 2699 ¹ditum
305 2613 486 2683 neminem
513 2626 657 2703 putent,
689 2613 761 2691 nisi
782 2611 846 2704 qui
874 2613 1005 2683 honam
1026 2612 1150 2681 aetatis
1199 2610 1343 2685 sensum
1370 2616 1477 2705 paulo
1498 2613 1891 2691 saniores-desiderant.
1957 2610 2079 2685 Porro
2103 2608 2194 2687 mibi

160 2731 295 2810 partem
319 2715 425 2785 stulte
451 2709 736 2806 philosophando
765 2714 971 2802 perdiderit.-
1026 2712 1150 2787 Rebus
1202 2717 1440 2789 consideranti
1470 2718 1577 2808 paulo
1607 2715 1777 2787 attentius
1805 2709 2058 2789 scholasticam.
2077 2715 2193 2799 irtam.

159 2818 312 2913 publicis
334 2841 440 2885 nemo
464 2816 703 2907 praeficiatur,
737 2815 808 2883 nisi
826 2815 887 2907 qui
915 2814 1151 2885 Iurisconsul-
1202 2844 1307 2913 qaam
1322 2830 1462 2902 vocant,
1486 2813 1733 2907 Theologians,
1751 2817 2058 2909 praeterpueriles
2069 2839 2191 2907 nugas,

158 2920 294 3004 tussit,
318 2914 388 2989 hoc
403 2930 470 3001 est,
496 2917 567 2985 nisi
582 2917 644 3009 qui
663 2918 709 2986 sit
731 2930 765 2987 et
782 2918 938 3006 egregius
960 2917 1085 2987 rabula
1117 2930 1151 2987 et
1201 2920 1346 2991 frivolas
1361 2919 1603 3012 quaestiones,
1627 2918 1752 2989 stultas
1776 2917 1964 3008 opiniones
1984 2919 2069 3009 plus
2092 2942 2192 2993 erm.

156 3023 248 3093 fumi
277 3021 414 3089 vendas
439 3043 661 3111 nequaquam
694 3018 858 3107 vulgaris.
926 3016 1032 3088 Tales
1055 3017 1149 3087 enim
1201 3046 1281 3092 rrrm
1303 3023 1430 3091 docere
1447 3021 1608 3105 videtur,
1635 3044 1741 3114 quam
1762 3020 1835 3089 ulla
1854 3042 2014 3110 uuquam
2034 3014 2192 3095 haeresis

157 3124 241 3195 facit
257 3124 318 3193 illa
333 3122 422 3191 iuris
444 3121 642 3212 disciplina.
693 3117 815 3203 Adde,
838 3121 933 3212 quod
954 3121 1084 3211 duplex
1100 3133 1151 3189 est
1202 3126 1360 3216 adeoque
1376 3123 1414 3190 iu
1431 3123 1638 3192 universum
1651 3117 1745 3191 nihil
1764 3120 1864 3191 aliud
1889 3142 1963 3191 esse
1982 3115 2193 3201 scholastica

159 3222 238 3309 lus,
261 3225 358 3293 aliud
373 3220 510 3306 Civile,
535 3223 634 3293 aliud
648 3218 880 3295 Canosricuna.
932 3218 982 3293 At
997 3221 1081 3316 quid
1100 3234 1152 3291 est
1202 3226 1381 3308 doctrina,
1407 3246 1515 3316 quam
1530 3224 1755 3315 impudentes
1769 3215 2011 3311 blasphemiae
2024 3224 2194 3295 aduersus

159 3328 199 3396 iu
219 3325 441 3407 universum,
470 3324 566 3433 quqd
581 3320 802 3396 Canonicum
821 3338 966 3407 vocant,
990 3323 1060 3391 nisi
1072 3319 1151 3397 Ro·
1202 3327 1383 3397 ver'uatem
1395 3322 1594 3415 Evangelii.
1640 3320 1693 3395 'Et
1706 3323 1866 3393 doctriua
1880 3321 2194 3414 quidemUniver·

158 3450 263 3499 mana
280 3424 484 3519 Tyrannis?
514 3425 572 3495 vel
590 3420 657 3493 hoc
676 3449 749 3495 uno
767 3438 975 3514 argumento
995 3424 1152 3495 declara-
1202 3430 1345 3499 citatum
1364 3427 1445 3495 tailis
1464 3442 1525 3500 est.
1578 3422 1635 3496 Ad
1651 3421 1755 3509 hanc,
1773 3423 1976 3516 principes,
1990 3440 2114 3497 utrum
2127 3450 2194 3519 pu·

159 3529 212 3599 vit
231 3526 344 3619 Papa,
372 3550 479 3619 quam
500 3521 594 3593 nibil
614 3519 750 3595 Christi
775 3527 898 3615 spiret,
925 3526 986 3618 qui
1009 3525 1152 3595 calidis·
1202 3530 1283 3600 tetis
1303 3528 1594 3613 connivendum,
1625 3541 1782 3599 vestrum
1804 3540 1877 3599 esto
1900 3525 2090 3605 iudicium.
2126 3523 2193 3603 alu

160 3629 267 3701 simas
298 3628 516 3720 minimeque
545 3625 688 3710 civiles,
728 3628 860 3695 nedum
884 3649 959 3695 non
978 3620 1152 3697 Ciuistia-
1203 3655 1312 3701 manu
1331 3643 1446 3699 restra
1461 3643 1532 3714 est,
1553 3630 1662 3701 modo
1678 3628 1794 3699 velitis
1814 3650 1920 3717 apem
1935 3629 2028 3697 ferre
2047 3620 2193 3703 adher

159 3754 224 3803 nas
250 3731 344 3820 leges
377 3731 422 3799 de
451 3726 662 3820 praebendis
697 3740 732 3797 et
755 3728 952 3818 rescriptis,
987 3729 1033 3796 de
1057 3727 1152 3803 iudi÷
1204 3746 1302 3823 parte
1317 3726 1692 3823 Christianopopnlo,
1716 3753 1823 3823 quem
1842 3727 1929 3797 fidei
1949 3738 2090 3802 nouae
2104 3730 2194 3805 deur

161 3856 284 3905 comm
313 3832 447 3915 forma,
489 3831 534 3905 de
564 3828 990 3901 excommunicationibus
1022 3843 1057 3899 et
1084 3823 1153 3899 lroc
1205 3830 1291 3925 Opt.
1300 3830 1397 3905 Max.
1414 3833 1686 3903 commendavit.
1734 3826 1916 3922 Equidem
1929 3823 2017 3901 haec
2030 3818 2195 3911 nansi&

160 3957 271 4025 genus
298 3934 377 4001 aliis
400 3932 526 4007 sanxit·
568 3928 758 4014 Mentiar,
790 3931 821 3999 si
840 3928 1018 4001 Bonisacii
1039 3929 1153 4000 octavi
1204 3958 1333 4025 magna
1361 3934 1472 4005 animi
1498 3934 1569 4004 mei
1593 3934 1718 4003 dolare
1742 3932 1801 3999 vel·
1825 3930 2021 4007 dicerene}
2040 3929 2194 4022 cogitare

162 4040 254 4127 leges
270 4034 327 4105 vir
342 4035 460 4105 baneas
473 4032 615 4124 probet,
640 4056 682 4101 ex
701 4056 773 4126 quo
795 4033 977 4103 aestimare
997 4032 1154 4125 reliquos
1205 4060 1359 4127 passum·
1429 4028 1549 4127 Atque
1579 4036 1718 4105 utinam
1745 4032 1895 4103 salutem
1913 4028 2193 4111 ,Academiarum

162 4138 318 4231 potestis.
385 4130 582 4223 Theologia
599 4176 603 4181 ·
620 4157 705 4203 vero
733 4130 1025 4218 Academiarum,
1066 4131 1153 4225 quid
1206 4135 1272 4209 hac
1288 4137 1405 4207 anima
1421 4160 1499 4207 mea
1514 4160 1643 4229 queam
1656 4147 1785 4205 emere.
1847 4178 1851 4189 ·
1901 4176 1906 4193 ·
2093 4180 2098 4193 ·
2180 4198 2185 4207 .

161 4239 278 4324 aliud,
317 4260 425 4330 mam
448 4236 588 4325 ineptae
612 4257 787 4324 nugarum
808 4231 1038 4326 rhapsodiae,
1069 4257 1156 4303 con·
1306 4236 1394 4317 Nan,
1408 4260 1505 4307 erem
1526 4239 1571 4307 de
1586 4238 1748 4309 moribus
1763 4248 1905 4320 eorum,
1925 4234 1994 4328 qui
2010 4234 2193 4327 degentia

163 4360 260 4412 sutae
275 4364 316 4408 ex
330 4335 532 4409 Aristotelis
549 4331 775 4429 philosophia
798 4350 833 4407 et
854 4337 917 4405 illa
938 4336 1046 4407 stulto
1068 4334 1156 4418 iure,
1206 4335 1426 4422 Academiis,
1451 4337 1627 4411 dictums:
1653 4338 1739 4409 :sed
1774 4330 1844 4409 huc
1871 4360 1931 4405 mo
1959 4337 2058 4428 rapit
2083 4335 2193 4415 dolor,

164 4442 262 4535 quod
278 4436 649 4515 vocantCananicum.
700 4437 901 4511 sententias
915 4451 1053 4521 vocam,
1068 4459 1156 4529 quas
1206 4440 1358 4513 maxime
1374 4464 1457 4510 cum
1466 4434 1526 4510 bic
1538 4454 1701 4532 peccetur
1714 4438 1866 4532 publicis
1878 4437 2062 4531 exemplis.
2080 4434 2194 4527 Quae-

164 4546 292 4613 doceat
316 4536 492 4629 Theologi
515 4538 832 4611 innumerabilium
851 4539 1062 4630 opinionum
1084 4538 1157 4631 syl·
1735 4588 1738 4593 .
2068 4556 2097 4615 ,p
2175 4608 2181 4613 ,

165 4668 257 4716 vam.
319 4637 369 4715 Et
388 4636 475 4715 haec
502 4664 610 4733 quam
638 4640 812 4715 abludunt
839 4635 1041 4724 aCbristo,
1072 4639 1157 4713 setis

1555 4698 1561 4715 .·
1633 4684 1639 4707 ¹
1892 4678 1916 4715 ,”
2006 4680 2131 4715 Ι,μειιμ
2161 4682 2164 4693 ·

166 4768 272 4837 supra
286 4744 403 4814 docui.
453 4737 673 4815 Christianae
686 4742 825 4825 literas,
850 4766 940 4834 quae
960 4766 1043 4811 vere
1063 4741 1157 4813 divi·
1242 4722 1352 4844 ‘lrlgm‘
1368 4692 1984 4844 Μζξῖἕῗεᾎξζ[τ’ξῃάζζζξῗζῶφέοέἑᾞ
2003 4717 2196 4843 'paim

166 4849 264 4921 nitus
278 4845 441 4938 proditae
461 4858 554 4928 suut,
579 4866 653 4912 non
671 4843 868 4913 modonou
884 4843 1076 4931 attingunt,
1096 4838 1157 4911 sed
1276 4831 1370 4919 „wis
1401 4808 1621 4932 Vhompoqibtr.
1658 4854 1691 4913 F.
1729 4858 1758 4909 ·,
1795 4914 1799 4925 Ι
1862 4910 1866 4917 ,
2051 4878 2058 4901 a

2012 4890 2030 4917 .,
2075 4896 2080 4907 .

167 4974 212 5020 ne
233 4949 358 5039 dignas
380 4944 523 5038 quidem
541 4956 683 5037 putant,
708 4944 747 5013 iu
764 4944 895 5037 quibus
916 4958 1050 5034 ponant
1071 4964 1158 5033 ope-
1223 4936 2197 5097 ”pgqppniffipgppptphwkppptgcoepessgril‘ffcffiffiffl

168 5076 243 5121 ram
260 5075 299 5118 ac
314 5048 482 5119 studium.
535 5043 616 5132 Quo
632 5045 763 5115 lacteam
779 5060 849 5129 est,
876 5059 917 5114 ut
932 5047 1159 5116 obscuratum
1277 5027 2101 5147 „em„wpxg,1;q„„b;b„,;„,c,.pm„cm1m
2138 5072 2196 5129 ,4

171 5153 216 5222 sit
235 5151 406 5241 insipiens
425 5172 486 5217 car
506 5171 638 5218 eorum.
688 5144 781 5215 Nam
803 5147 1098 5240 quotusquisque
1118 5168 1160 5214 ex
1277 5149 1333 5217 dir,
1366 5144 1643 5228 quibusintuendo
1668 5143 1818 5215 docrinas
1843 5162 1906 5203 aaa.
1930 5142 2061 5227 daeaipa
2079 5142 2197 5199 mm„

172 5252 355 5325 Laureatis
371 5249 476 5320 etiam
493 5262 559 5332 est,
586 5248 717 5341 quirel
730 5272 792 5318 sua
809 5247 1005 5337 intelligat?
1047 5244 1161 5318 Acce·
1278 5216 1313 5341 {J
1322 5218 1558 5353 ss'jilfflngffiul
1572 5210 2049 5336 ‚ssf'ss'ss'edjplghfifflffi‘f‘''³⁰2¹‘’
2061 5210 2198 5271 ΨΜ

173 5356 227 5429 dit
253 5354 298 5423 ad
326 5348 429 5436 baec,
463 5353 559 5445 quod
584 5374 667 5421 cum
690 5349 853 5421 omnium
874 5345 1161 5423 Christianorum
1261 5370 1310 5441 st)
1325 5368 1392 5425 tad.
1406 5386 1469 5440 opp.
1485 5367 1604 5442 meante
1623 5375 1661 5421 te.

2202 4898 2229 4957 le
