4500 5782
108 279 113 288 .
172 228 252 319 „a
743 176 1177 294 murenarum
1226 215 1336 293 mn.
1373 217 1441 296 tv,
1493 211 1626 311 mas.
1730 176 1733 183 ’
2127 205 2202 289 ott

175 414 253 485 ditu
276 378 451 478 Graecam
473 394 676 490 epistolam,
710 415 779 486 qua
809 392 854 460 de
877 386 1082 474 rescribis,
1122 411 1163 456 ea
1211 391 1368 482 tiquatus
1392 401 1454 463 est.
1516 387 1650 463 Verum
1672 389 1738 460 ubi
1761 392 1925 469 nondum
1949 388 2022 460 fuit
2043 387 2205 473 abolitur,

175 537 256 588 mm
271 510 317 579 sit
332 503 483 576 maxime
497 495 556 570 hic
572 497 715 578 caelata,
741 506 858 562 tamen
874 490 963 574 istic,
989 500 1030 559 ut
1045 489 1163 574 video,
1211 491 1263 559 ibi
1277 491 1385 560 rixari
1400 491 1514 560 nolim
1529 505 1686 583 pastores
1698 514 1779 560 eom
1793 494 1929 583 populo
1945 496 2044 563 dere
2058 491 2205 560 tantilla.

255 611 402 684 λλεῖται.
458 600 530 673 Sed
554 599 584 670 si
607 592 804 669 adhibebor
826 592 864 659 in
888 591 1094 689 comitatum
1111 583 1163 686 '),
1210 590 1415 677 Praeterea,
1444 593 1476 662 si
1496 615 1560 682 ego
1583 594 1657 684 ipse
1676 615 1785 662 essem
1803 606 1924 685 pastor
1941 590 2100 678 alicubi,
2132 615 2203 661 non

52 750 69 763 ·
175 718 215 788 ui
243 711 380 784 ilenim
397 699 513 776 adhuc
530 699 616 772 certi
631 697 777 780 scimus,
799 706 833 763 te
849 692 988 762 decrevi
1004 692 1136 786 videre.
1210 716 1427 778 recusarem,
1461 694 1519 762 vel
1540 694 1714 764 abolitum
1735 694 1839 764 illurn
1863 716 2061 779 renovare,
2094 693 2126 761 si
2144 716 2204 785 po-

276 804 375 905 Hspi
391 798 572 900 Δαρείου,
600 824 674 870 non
697 809 886 866 numerant
906 819 947 863 eo
964 795 1070 897 modo
1086 790 1162 897 lie-
1211 795 1317 886 pulus
1341 817 1555 886 magnopere
1587 794 1792 887 postularet.
1848 791 1962 866 Nihil·
1988 811 2111 867 tamon
2140 791 2204 866 tihi

52 992 55 997 .
173 918 293 1001 braei,
317 935 388 1007 quo
403 905 618 980 Herodotus.
659 899 752 972 Cum
768 897 834 966 erit
847 896 960 965 otium
976 917 1162 986 exponam,
1211 896 1430 988 praescribo,
1474 920 1539 965 nec
1559 918 1731 965 renovare
1751 910 1785 967 te
1801 896 1921 970 iubeo.
1973 891 2126 974 Nolite,
2151 896 2203 964 in-

175 1034 350 1117 quatenus
362 1008 571 1081 dissentiant
587 999 756 1072 aGraeca
771 994 931 1070 historia.
983 992 1049 1065 Est
1067 995 1161 1062 enim
1211 998 1290 1089 quit
1302 995 1456 1081 Paulus,
1487 991 1852 1095 pueriesficisensu‚
1876 999 2016 1092 etquid
2041 999 2203 1067 alludat

175 1126 214 1195 in
232 1129 385 1214 promtu.
436 1108 508 1192 Tu,
533 1106 626 1200 quod
645 1102 784 1170 veniam
799 1099 898 1192 petis,
921 1098 1016 1190 quod
1028 1094 1162 1166 Graece
1210 1099 1396 1190 pueriliter
1413 1099 1562 1183 sentire,
1593 1123 1699 1191 quam
1721 1102 1937 1171 contendere
1958 1101 2007 1172 de
2026 1112 2102 1168 mm
2121 1098 2201 1167 1275.

175 1217 375 1315 scripseris,
409 1234 482 1280 non
507 1222 597 1277 recte
619 1203 713 1275 sacis.
778 1198 855 1290 Ego
879 1200 975 1267 enim
1000 1198 1065 1270 etsi
1089 1197 1162 1288 ipse
1211 1200 1278 1269 bus
1302 1200 1432 1269 rebus?
1481 1197 1656 1269 Existimo
1680 1200 1783 1272 initio
1813 1202 1972 1293 pulsatas
2000 1224 2075 1271 esse
2099 1199 2202 1283 nolas,

176 1325 311 1398 Graece
332 1340 406 1387 non
426 1312 521 1382 soleo
537 1307 708 1388 scribere,
729 1317 846 1375 tamen
869 1300 932 1369 illo
954 1313 1015 1370 tuo
1037 1320 1162 1388 genere
1210 1314 1252 1370 ut
1268 1302 1313 1370 ad
1328 1302 1546 1391 precandum
1563 1294 1726 1370 homines
1740 1304 2069 1375 commonelierent.
2102 1298 2201 1390 Quod

174 1426 358 1497 literarum
381 1413 526 1483 mirifice
547 1409 720 1489 delector,
753 1403 945 1494 videorque
968 1396 1059 1469 mibi
1083 1422 1163 1469 eum
1211 1402 1241 1471 si
1263 1415 1298 1471 et
1319 1426 1415 1471 nune
1437 1402 1649 1472 retineretur
1670 1402 1748 1473 mos
1771 1405 1815 1474 ad
1842 1429 1926 1475 eum
1950 1427 2078 1489 usum,
2117 1384 2202 1471 nibil

173 1552 231 1599 eas
244 1528 340 1612 lego,
365 1529 524 1586 veterum
544 1508 692 1580 alicuius
708 1502 876 1595 scriptum
895 1504 1019 1591 legere.
1068 1499 1163 1570 Nolo
1210 1499 1356 1587 haberet
1373 1503 1463 1572 vitii.

174 1626 327 1700 scribere
348 1624 392 1690 de
407 1632 457 1701 te,
483 1613 580 1708 quod
593 1609 731 1680 Plinius
749 1607 791 1674 de
806 1599 984 1689 Adriano,
1011 1626 1055 1670 ne
1071 1603 1163 1693 ipsas
1193 1664 1196 1689 ,
1280 1647 1288 1658 ·
1310 1603 1366 1674 De
1381 1599 1746 1696 censibusparocbiae
1759 1602 1866 1692 scias,
1890 1597 1988 1693 lore,
2018 1618 2063 1677 ut
2078 1618 2202 1696 agatur,

175 1729 320 1826 quidem
338 1715 497 1792 Athenas
520 1727 591 1783 tam
616 1733 688 1779 esse
702 1705 848 1778 Atticas·
896 1703 967 1775 Sed
990 1698 1059 1773 hoc
1081 1725 1162 1772 vere
1212 1730 1292 1775 cum
1321 1706 1519 1776 visitatores
1552 1702 1682 1776 iterum
1712 1709 1938 1778 convenient.
2008 1705 2148 1778 Placuit
2168 1707 2200 1775 in

175 1831 350 1903 affirmare
366 1819 516 1913 possim,
539 1839 619 1884 cum
636 1812 681 1881 ab
697 1805 824 1879 Atticis
842 1806 1003 1891 discessi,
1029 1805 1163 1875 nullius
1212 1809 1304 1890 aula,
1325 1810 1423 1900 quod
1437 1807 1543 1876 vestri
1559 1808 1652 1876 cives
1667 1821 1739 1877 tam
1756 1810 1946 1899 diligenter
1960 1810 2111 1880 student
2125 1831 2201 1877 con.

175 1929 374 2001 orationem
394 1915 485 1990 mihi
505 1915 616 2004 magis
636 1935 742 2005 quam
766 1924 862 1980 tuam
884 1907 1031 1998 placere.
1081 1903 1163 1974 Non
1212 1909 1326 1977 sulere
1359 1909 1574 1983 utilitatibus
1605 1910 1768 2000 pastoris.
1828 1902 2024 1981 Coldicius
2054 1910 2203 1980 digessit

176 2030 331 2127 profecto
356 2020 496 2118 Synesii
527 2030 588 2087 aut
615 2013 804 2094 similium,
838 2032 989 2102 quorum
1012 2007 1163 2076 circum·
1213 2033 1254 2079 ex
1269 2011 1348 2079 aula
1369 2011 1468 2079 ducis
1487 2001 1650 2102 Georgii·
1704 2008 1787 2081 Me„
1806 2009 1900 2081 nihil
1922 2007 2043 2081 adhuc
2070 2035 2148 2080 cum
2168 2035 2201 2079 ω

174 2140 338 2206 feruutur
355 2123 533 2216 epistolae,
556 2119 595 2185 iu
614 2114 894 2209 quihuspraeter
910 2109 1162 2181 sententiarum
1212 2124 1329 2180 actum
1357 2125 1429 2196 est,
1469 2115 1529 2180 sed
1553 2122 1675 2198 agetur
1700 2136 1764 2203 per
1793 2113 2030 2185 occasionem.
2090 2108 2201 2180 Vestes

175 2235 355 2308 affectatas
368 2223 521 2314 argutias
541 2214 634 2288 nibil
653 2228 723 2299 est,
745 2214 840 2307 quod
863 2234 1074 2302 magnopere
1095 2208 1165 2277 mi·
1192 2236 1327 2297 ¹sacras
1341 2211 1464 2282 licebit
1478 2206 1672 2282 distrahere
1690 2214 1974 2303 magistratibus,
2008 2213 2072 2285 sed
2094 2226 2202 2284 nmen

175 2336 249 2407 rari
272 2331 458 2427 quisquam
480 2321 601 2415 possit.
658 2315 793 2386 Deme
818 2338 901 2383 vero
928 2309 1164 2382 hortibire-
1213 2336 1316 2397 cura,
1350 2325 1393 2383 ut
1416 2312 1491 2382 sine
1514 2313 1679 2382 seandalo
1705 2311 1966 2401 distrahantur,
2014 2338 2063 2383 ne
2095 2336 2202 2383 eoram

176 2436 354 2530 spondeo,
379 2451 442 2497 cur
464 2422 599 2495 Graece
621 2443 701 2490 raro
724 2416 893 2500 scribam,
928 2414 1024 2508 quod
1046 2410 1163 2481 Hora·
1214 2415 1345 2507 populo
1363 2415 1453 2483 ebrii
1469 2413 1592 2484 rustici
1606 2413 1758 2486 induant
1774 2440 1852 2503 eas,
1877 2416 1976 2509 quod
1995 2414 2202 2508 quibusdam

124 2571 131 2579 ·
175 2540 246 2609 tius
268 2533 338 2604 sibi
361 2527 526 2598 accidisse
546 2521 680 2614 inquit,
712 2517 891 2587 scribendi
909 2512 1063 2585 Graecos
1084 2537 1165 2582 ver·
1212 2516 1299 2586 loeis
1315 2516 1387 2585 scio
1406 2516 1592 2598 accidisse,
1625 2540 1705 2587 cum
1732 2541 1857 2608 magna
1877 2516 2080 2587 offensione
2095 2518 2202 2587 bono-

176 2663 252 2710 sus:
280 2628 387 2703 vetuit
410 2650 464 2696 me
489 2620 562 2694 toli
587 2644 663 2690 voce
685 2612 888 2713 (initiare,
915 2610 1005 2686 Post
1029 2622 1163 2684 noctem
1213 2642 1293 2687 rum
1309 2617 1479 2690 virorum.
1531 2613 1631 2684 Vale.
2012 2650 2017 2659 .

176 2733 335 2810 mediam
368 2729 485 2813 visae,
518 2748 596 2796 cum
619 2717 764 2792 somnia
790 2743 891 2799 vera,
932 2713 983 2786 In
1017 2713 1163 2810 sylvam
1357 2722 1360 2727 '
1726 2714 1759 2729 ”
1870 2722 1874 2775 ἶ
1952 2713 2157 2811 Philippus.

177 2830 499 2930 nonlignaseros.
551 2826 622 2898 Sed
638 2823 772 2895 desino.
820 2818 930 2890 Eram
953 2842 1037 2888 sane
1060 2843 1165 2888 occu·
2155 2876 2160 2884 ,

175 2959 294 3038 patus,
319 2959 399 3006 cum
415 2927 501 3001 haec
516 2927 651 3019 scripsi,
671 2948 780 3018 quare
794 2922 895 2992 dabis
906 2915 999 2991 mihi
1013 2921 1166 3004 veniam,

176 3046 207 3116 si
222 3043 346 3112 videor
360 3035 426 3106 tibi
446 3033 526 3125 plus
543 3031 625 3099 satis
641 3029 791 3116 ineptus.
842 3022 929 3091 Vale
952 3021 1164 3094 felicissime.
1223 3021 1290 3094 No.
1306 3017 1393 3093 511.
1955 3029 2106 3109 (fortun
2118 3028 2148 3088 b.
2161 3026 2201 3104 r.)

175 3141 339 3217 Christus
356 3147 470 3206 servet
483 3150 518 3205 te
533 3156 572 3201 ac
584 3152 730 3200 risorem
747 3139 856 3210 tuam,
873 3138 1164 3217 tuosqueomnes.
1220 3115 1391 3144 Μ
1948 3119 2196 3159 ...v—2

175 3242 232 3320 Ex
253 3242 357 3323 lena,
396 3236 454 3306 die
477 3232 540 3307 lll.
562 3230 747 3301 Nonarum
771 3223 878 3297 Mart.
940 3224 1067 3295 Noster
1095 3221 1134 3296 V
1133 3223 1166 3292 i-
1535 3184 1610 3273 Ge.
1642 3184 1888 3298 spalatino.

177 3355 237 3417 tus
247 3337 308 3439 1111)
322 3340 449 3412 salutat
465 3349 517 3417 te,
544 3347 578 3402 et
594 3331 695 3449 iussit
711 3328 777 3399 tibi
796 3326 1003 3445 significari,
1028 3350 1063 3395 se
1078 3351 1167 3395 uxo·
1300 3371 1321 3434 ,s
1339 3366 1443 3423 Sebeda
1456 3375 1561 3436 autogr.
1572 3364 1641 3420 Md·
1655 3368 1684 3421 in
1698 3366 1759 3421 cot.
1773 3367 1853 3423 basil.
1869 3366 1901 3421 a
1918 3367 1979 3423 ¹0¹·
1997 3387 2043 3442 ep·
2054 3368 2097 3424 99.
2109 3366 2201 3439 ‘m'

177 3472 274 3529 rem,
296 3440 451 3534 puellam
477 3431 755 3522 Thuringracarn
780 3452 866 3497 ervis
895 3424 1072 3514 lenensis,
1095 3427 1167 3497 viri
1335 3435 1376 3490 tae
1389 3435 1497 3490 cuibus
1512 3434 1545 3488 ad
1558 3434 1854 3505 spalatinomdnetuu.

179 3542 377 3625 mediocris,
398 3539 507 3608 filiam
523 3535 663 3605 ‘luxisse
677 3523 777 3624 ω),
803 3531 898 3621 11111111
915 3530 1140 3659 111111111111·
1199 3537 1279 3630 ?De
1295 3552 1552 3631 Cronsaicensi
1570 3558 1711 3652 negotio
1733 3554 1826 3627 nihil
1849 3552 1967 3627 adhuc
1990 3580 2094 3647 agere
2114 3557 2202 3625 volui

918 3625 1117 3722 Ph¹hPP⁰⁵‘
1199 3660 1360 3756 ‘propter
1388 3662 1561 3731 tumultus
1593 3671 1629 3728 et
1660 3658 1744 3728 belli
1768 3659 1913 3728 famam.
1980 3656 2088 3729 Nunc
2112 3680 2202 3746 agam

178 3798 1166 3839 .....----—-—------·
1200 3790 1298 3841 ¹cum
1319 3756 1494 3831 Lodoico.

186 3909 360 4043 Q
820 3901 905 3983 (l'ere
930 3903 990 3964 hoc
1015 3902 1131 3986 temp.)

783 3995 1162 4034 w-

481 4073 652 4159 Urbuno
685 4071 876 4155 otthoni.
1199 4100 1204 4129 ι
1287 4117 1296 4136 .
1388 4110 1398 4136 .
2005 4062 2203 4185 (Q

248 4225 285 4281 lix
305 4216 460 4304 apographo
483 4215 545 4270 eod.
568 4211 650 4265 Goth.
673 4212 731 4267 188.
762 4211 841 4282 epist.
859 4212 903 4268 63.
930 4212 1081 4285 descripta,
1112 4210 1167 4264 iam
1199 4208 1203 4269 ξ
1539 4222 1614 4309 Ge·
1644 4221 1891 4334 spalatino.

281 4292 352 4347 edita
372 4289 400 4343 in
421 4287 475 4338 deu
497 4281 647 4338 Unaebutd.
670 4281 768 4334 Nachr.
788 4279 862 4335 171⁸.
888 4300 915 4352 p.
933 4281 992 4337 519.
1016 4306 1049 4322 -
1091 4279 1172 4333 Haud
1198 4282 1203 4365 ἰ

282 4361 365 4415 dubie
386 4357 414 4409 in
436 4352 588 4407 visitatione
607 4349 708 4420 scripta
725 4357 783 4419 est,
808 4368 892 4422 quum
911 4348 1072 4405 Melanthea
1089 4348 1173 4404 lenae
1198 4374 1202 4409 ς

279 4435 446 4487 versaretur.
1198 4420 1202 4427 ’
1286 4410 1306 4473 1·
1323 4405 1361 4460 Er
1375 4413 1480 4476 autogr·
1492 4403 1560 4458 Met.
1573 4404 1602 4458 in
1613 4401 1675 4459 eod.
1688 4400 1771 4458 Basil.
1784 4400 1817 4456 F.
1830 4398 1891 4457 101.
1909 4400 1989 4473 epist.
2000 4400 2049 4457 86.

230 4518 436 4620 Domino
458 4536 650 4612 Urbano
677 4529 877 4620 Othoni,
910 4532 1064 4611 Pastori
1079 4536 1119 4610 in
1169 4618 1172 4623 ⁴
1220 4543 1425 4648 (Schedula
1443 4541 1559 4630 Mel„
1593 4538 1702 4617 haud
1716 4538 1829 4615 dubie
1848 4536 2015 4638 Gom-3,
2039 4540 2206 4643 Spala.

413 4637 554 4723 Auma,
580 4664 648 4712 suo
666 4639 803 4722 amico,
828 4638 867 4712 S.
883 4638 937 4713 D.
1570 4647 1668 4716 tino
1692 4641 1859 4742 scripta.)

93 4763 104 4773 .
179 4751 263 4862 ¹38⁰
280 4789 356 4836 ”⁰¹¹
376 4761 502 4878 1111111)’
518 4784 703 4879 ,1111011111
725 4783 860 4878 1111111111
885 4762 1051 4880 1111111111
1071 4761 1173 4833 110111
1201 4758 1467 4875 {concionator
1499 4768 1790 4851 Cronswicensis
1824 4756 1944 4845 manet
1975 4776 2077 4866 apud
2111 4777 2208 4867 virgi-

181 4875 219 4943 in
233 4862 499 4959 tempestatibus
516 4862 588 4931 dlis
604 4863 709 4946 locis,
743 4863 807 4932 ubi
829 4885 902 4935 ram
921 4886 998 4933 mos
1022 4863 1083 4934 dte
1108 4887 1173 4965 aug
1201 4878 1357 4980 3537),
1388 4906 1454 4953 ..ω
1467 4880 1603 4973 accepit
1616 4874 1827 4972 pmebpam
1835 4870 2140 4971 Nmpofflmm
2155 4880 2208 4948 de,

214 5055 243 5121 1¹)
263 5044 398 5119 Loquitur
416 5035 583 5092 hauddubie
599 5035 779 5109 teeomtttts,
801 5054 870 5107 quae
889 5034 1172 5094 Ratisbouteiudicta
1837 5060 1841 5071 ·
1997 5060 2007 5071 ·

250 5125 344 5182 eraut,
360 5121 387 5164 at
400 5126 455 5160 uon
470 5104 558 5159 babitu
572 5116 643 5159 sum
1231 5102 1285 5172 Ὗ)
1300 5102 1398 5156 Sermo
1414 5107 1456 5153 est
1472 5097 1506 5151 de
1526 5094 1692 5152 monasterio
1706 5091 1885 5167 emm-siu,
1900 5090 1957 5161 silo
1974 5110 2067 5167 prope
2081 5092 2206 5161 wilden-

194 5188 262 5252 β’)
279 5175 486 5238 Winsliemius.
522 5172 556 5231 C.
572 5172 629 5229 W.
1290 5170 1340 5224 sels
1359 5171 1385 5223 in
1406 5167 1514 5220 Minoia.
1558 5162 1619 5217 vid.
1636 5162 1745 5218 Listberi
1765 5182 1779 5216 e
1802 5201 1809 5216 .
1831 5160 1865 5215 ad
1885 5158 2042 5219 lotionem
2063 5162 2205 5237 Principem

214 5253 351 5334 111*ῌῶ
365 5266 394 5302 se
407 5245 591 5326 desponsasse.
630 5241 709 5296 Solet
722 5240 759 5298 ita
776 5232 852 5314 loqui
865 5240 1026 5323 Melanthea
1037 5241 1073 5299 cie
1084 5261 1172 5325 ppou·
1290 5239 1380 5318 Elect·
1387 5236 1413 5293 (1
1429 5240 1469 5290 14.
1482 5230 1622 5289 tute-1529.
1641 5233 1724 5304 (apud
1736 5233 1769 5285 de
1825 5229 1921 5284 attium
1931 5226 1975 5303 Τ.
1984 5230 2037 5286 ill.
2055 5252 2081 5305 p.
2090 5234 2206 5356 istm

250 5322 360 5376 salibus.
409 5312 525 5433 Nuptiae
552 5321 629 5366 eraut
655 5322 768 5367 exeunte
788 5316 920 5383 Augursto.
965 5311 1029 5368 th.
1049 5321 1125 5385 epist.
1143 5314 1171 5368 d.
1202 5346 1208 5401 Ι-
1291 5307 1407 5387 lteltmn
1428 5323 1502 5360 scurie
1522 5319 1580 5356 nou
1601 5311 1705 5373 potest,
1734 5319 1801 5373 quae
1821 5298 1907 5393 suerit
1928 5314 1998 5370 τοι,Ι
2025 5306 2060 5356 de
2078 5320 2131 5375 qua

254 5397 277 5445 1.
292 5387 366 5460 Sept.
381 5382 414 5437 ad
428 5382 448 5434 b
460 5389 511 5436 art.
525 5380 652 5435 fabrum.
1203 5440 1209 5463 ι
1293 5376 1398 5432 scribet.
1766 5396 1778 5407 =<
2162 5406 2165 5411 -
