4500 5782
59 256 140 333 su·
579 338 586 355 ,
640 245 1522 327 uo1.snotauuu·.ms.=1umas.-
2016 248 2094 323 sss·
2132 265 2167 339 ·.

53 433 122 501 bus
137 452 220 500 canu
237 428 483 521 desperatione
504 438 540 496 et
558 424 817 511 incredulitate.
868 422 927 494 Sic
950 422 1046 490 euim
1083 402 1359 495 'sanctificemur
1404 438 1439 493 et
1488 446 1706 521 renovemur·
1752 446 1806 493 ac·
1839 425 2095 514 gubernemur:

53 532 266 603 confirmare
280 552 348 602 nos
364 529 470 598 debet
485 527 528 596 ad
553 527 790 619 credendum,
815 526 1048 617 quemadmo-
1081 522 1148 595 'Et
1161 526 1252 597 sicut
1264 528 1415 595 verbum
1428 539 1628 609 externum,
1653 525 1811 619 quisquis
1826 528 1974 596 taudem
1985 550 2089 619 praes

54 636 143 705 dum
167 633 197 701 si
221 656 314 702 nova
337 630 509 700 miracula
526 629 571 697 de
585 630 685 698 coelo
699 628 986 698 ostenderentur:
1014 637 1049 694 et
1100 620 1211 712 dicat,
1233 628 1308 697 sive
1323 624 1515 711 lohannes,
1541 627 1615 694 sive
1623 621 1804 709 Christus,
1829 625 2088 720 sive'Apostoli,

53 732 308 806 utGedeoncm
322 733 434 801 vellus
448 733 494 801 ad
507 731 723 799 credendum
737 726 971 800 exsuscitavit.
994 724 1054 797 lta¹
1099 729 1193 797 idem
1216 741 1285 808 est,
1310 724 1358 799 ita
1383 743 1416 798 et
1437 729 1577 818 signnm
1593 727 1688 796 idem
1706 742 1767 801 est.
1817 728 1888 799 Sed
1908 726 1979 820 'hoc
2003 754 2087 821 pro-

55 850 91 907 et
121 858 188 906 nos
218 831 356 905 hortari
379 834 576 926 baptismus
603 833 707 901 etad
734 831 951 899 credendum
975 829 1048 897 eri·
1083 827 1318 925 ¹prieChristi
1332 852 1421 921 opus
1436 844 1498 909 est,
1521 827 1787 920 dareSpiritnm
1802 842 1972 902 sanctum.
2010 829 2088 918 Da·
2148 914 2151 921 Ι
2205 886 2209 895 .

56 958 142 1028 gere
162 938 279 1010 debet.
1083 946 1160 1002 tur
1180 949 1296 1003 autem
1319 931 1473 1024 Spiritus
1494 944 1653 1010 sanctus,
1683 932 1826 1023 quando
1841 928 1937 1001 Deus
1950 932 2010 1001 'uel
2025 956 2088 1023 per

158 1038 323 1111 Secundo
341 1033 400 1107 hic
415 1034 768 1104 animadvertendum
790 1045 860 1117 est,
885 1056 966 1102 cum
983 1033 1048 1100 ba·
1100 1030 1265 1113 verbum,
1294 1036 1351 1101 vel
1381 1058 1445 1125 per
1469 1034 1606 1122 signnm
1631 1033 1870 1121 perterrefacit
1899 1048 1934 1103 et
1961 1036 2086 1103 c'ouso-

54 1141 208 1234 ptismus
224 1139 269 1210 sit
280 1140 421 1229 signum
435 1135 727 1219 mortificationis,
746 1156 869 1229 omues
883 1134 1048 1203 afflictio·
1099 1137 1193 1205 latur
1213 1161 1252 1204 ac
1274 1135 1427 1205 vivificat
1449 1136 1565 1203 corda.
1628 1132 1719 1201 Nam
1746 1148 1781 1203 et
1810 1136 2014 1205 verbum-et
2039 1130 2096 1205 si&k

56 1266 131 1329 nes,
154 1243 308 1336 denique
325 1253 476 1309 mortem
493 1239 604 1329 ipsam
619 1237 846 1325 significaris
861 1234 1048 1324 baptismo,
1100 1256 1208 1327 guum
1225 1232 1459 1320 adhibentur,
1489 1250 1528 1305 ut
1548 1258 1611 1328 per
1634 1258 1672 1302 ea
1690 1232 1787 1304 Deus
1808 1252 1947 1307 moveat
1969 1238 2093 1323 corda,¹

55 1358 93 1415 et
114 1346 160 1415 ad
178 1339 247 1413 hoc
270 1342 441 1412 traditum
465 1363 555 1423 esse,
580 1354 621 1409 ut
637 1351 824 1409 testaretur
840 1337 1048 1407 afflictiones
1084 1338 1360 1430 perterrefaciat
1400 1362 1440 1407 ac
1470 1360 1592 1407 rursus
1617 1337 1726 1425 erigat
1752 1361 1815 1428 per
1842 1338 1966 1423 fidem,
2005 1348 2092 1407 cum'

56 1459 93 1515 et
107 1459 276 1529 mortem,
302 1467 392 1536 quae
413 1456 560 1512 naturae
583 1440 746 1531 imposita
769 1441 883 1509 fuerat
904 1451 1049 1528 propter
1099 1442 1285 1511 intuentur
1305 1439 1362 1507 vel
1386 1441 1532 1509 verbum
1560 1439 1617 1506 vel
1639 1439 1791 1527 signum.
1843 1436 1939 1508 Haec
1958 1441 2002 1508 de
2020 1462 2088 1513 usu

55 1556 267 1639 peccatum,
291 1568 388 1615 nunc
415 1545 604 1614 salutarem
628 1564 723 1626 esse,
754 1566 819 1609 nec
841 1540 951 1628 adfligi
974 1562 1048 1624 uos,
1083 1542 1399 1633 .baptismitenere
1422 1564 1487 1609 nos
1506 1566 1544 1608 ac
1567 1540 1656 1608 seire
1679 1543 1840 1631 prodest,
1864 1563 1911 1608 ue
1931 1541 2087 1629 somnis*

55 1662 99 1718 ut
127 1650 337 1740 perdamur,
376 1646 437 1715 sed
460 1659 501 1715 ut
530 1645 707 1712 salvemur
741 1655 776 1711 et
801 1642 949 1710 insertas
975 1662 1048 1709 esse
1083 1632 1178 1717 {uilis
1193 1643 1407 1735 baptismum
1424 1665 1514 1734 opus
1526 1662 1617 1725 esse,
1643 1642 1737 1733 quod
1755 1642 1797 1709 ad
1815 1665 1926 1710 uuum
1942 1641 2095 1735 aliquod'

56 1750 271 1822 afflictiones
298 1762 437 1819 nostras
467 1745 574 1814 morti
597 1739 742 1816 Christi.
805 1742 906 1813 Sicut
931 1756 1049 1811 antem
1083 1734 1238 1835 {tempus
1251 1744 1444 1836 pertineat,
1470 1745 1528 1812 sed
1547 1756 1644 1812 uteo
1660 1755 1801 1812 utamur
1820 1743 1859 1811 in
1881 1743 1979 1811 omni
2003 1744 2087 1829 vita,

56 1874 155 1925 mors
177 1845 313 1921 Christi
335 1848 544 1918 sacrificium
566 1859 645 1929 est,¹
666 1847 714 1915 ita
735 1858 770 1913 et
793 1858 933 1914 nostrae
956 1843 1048 1911 atui-
1083 1847 1195 1921 :itrxta
1204 1846 1307 1923 Pauli
1321 1846 1518 1916 doctrinam
1529 1834 1635 1914 Rom.
1645 1844 1690 1926 6.,
1706 1845 1857 1915 cumait:
1874 1835 2092 1943 Consepulti

57 1952 215 2039 stiones,
237 1952 320 2045 qnia
340 1964 425 2020 sunt
445 1949 596 2017 insertae
612 1942 755 2016 Christo
768 1970 832 2036 per
845 1946 966 2029 fidem,
992 1968 1048 2014 sa-
1083 1938 1227 2029 {snmus
1244 1970 1323 2017 cum
1342 1942 1412 2014 illo
1424 1967 1490 2042 per
1504 1942 1726 2041 baptismum
1742 1942 1781 2012 iu
1799 1954 1959 2015 mortem.
2052 2010 2056 2021 ,

57 2054 193 2123 crificia
214 2067 298 2124 suut
317 2050 396 2121 Deo
418 2065 526 2139 grata.
577 2046 625 2118 Et
648 2048 947 2140 quemadmodum
972 2047 1049 2136 glo·
1083 2044 1088 2133 ξ

57 2155 214 2225 rificatus
240 2168 291 2224 est
308 2150 490 2233 Christus,
526 2151 572 2219 ita
596 2150 768 2239 siguificat
788 2150 984 2239 baptismus
1009 2170 1049 2217 ac
1083 2150 1088 2227 ξ

56 2270 208 2326 testatur
221 2278 286 2325 nos
304 2254 481 2337 exaudiri,
505 2252 667 2336 liberari,
690 2251 824 2330 iuvari,
850 2249 1048 2340 glorificari.
1083 2238 1088 2263 '
1202 2244 1422 2337 Baptismum
1457 2244 1648 2314 infantium
1686 2250 1823 2313 constat
1856 2270 1875 2312 a
1912 2248 2099 2316 veteribus

60 2358 105 2427 ln
125 2357 293 2427 omnibus
316 2357 425 2446 igitur
446 2353 700 2431 afflictionibus
725 2352 898 2443 respicere
919 2351 964 2421 ad
986 2352 1050 2420 ba·
1084 2344 1332 2438 ¹scriptoribus
1348 2343 1526 2415 Ecclesiae
1547 2344 1703 2436 probari.
1748 2343 1846 2415 -Nam
1863 2340 2091 2443 Origeneset

56 2454 230 2552 ptismum
250 2460 437 2540 debemus,
465 2456 526 2548 qui
548 2456 714 2523 admouet
731 2454 869 2544 placere
884 2450 983 2535 Deo,
1008 2465 1050 2521 ut
1085 2446 1323 2539 ,Augustinus
1342 2449 1518 2530 scribunt,
1544 2449 1589 2516 ab
1603 2445 1790 2539 Apostolis·
1804 2462 1983 2539 receptum
2006 2458 2091 2522 esse.

56 2556 291 2635 humiliemur
305 2572 340 2630 et
356 2558 570 2646 affligamur,
596 2570 631 2626 et
647 2554 818 2645 significat
837 2554 996 2659 promitti
1010 2553 1050 2622 in
1101 2547 1150 2621 Et
1162 2548 1374 2645 Cyprianus,
1391 2543 1665 2643 Chrysostomus
1682 2560 1716 2616 et
1731 2546 1951 2637 Augustinus
1965 2552 2092 2621 adver·
2153 2542 2156 2553 ’

58 2661 228 2731 omnibus
250 2660 503 2731 afflictionibus
518 2657 703 2730 auxilium.
1102 2677 1161 2723 sus
1182 2650 1382 2734 lulianum,
1413 2650 1499 2721 item
1525 2653 1570 2718 de
1592 2664 1815 2741 peccatorum
1840 2652 1977 2723 meritis
1999 2654 2093 2745 clare

1103 2755 1266 2847 probant.
1311 2752 1395 2821 Hoc
1410 2751 1561 2842 praefari
1576 2752 1694 2835 volui,
1719 2775 1810 2843 quae
1830 2754 1975 2843 prodest
1994 2754 2093 2841 scire,

1103 2856 1190 2949 quid
1212 2868 1348 2924 veteres
1370 2852 1606 2923 iudicaverint
1629 2856 1673 2920 de
1687 2875 1726 2920 rc
1743 2864 1857 2937 tanta,
1884 2878 1948 2922 uec
1971 2867 2023 2923 est
2041 2858 2092 2926 ab

162 2956 340 3029 Externos
366 2957 582 3047 baptismus,
620 2977 725 3047 quem
748 2954 972 3057 administrat
992 2950 1051 3023 lo-
1103 2958 1174 3026 illis
1189 2957 1267 3025 sine
1280 2956 1438 3024 certiset
1451 2953 1645 3044 perspicuis
1668 2952 1862 3043 scripturae
1881 2956 2094 3025 testimoniis

59 3058 213 3145 hannes,
240 3054 334 3131 nihil
353 3059 474 3128 differt
492 3058 536 3126 ab
558 3068 702 3125 externo
725 3056 918 3145 baptismo,
946 3079 1051 3147 mem
1103 3057 1396 3128 dissentiendum.
1447 3053 1525 3125 Hoc
1543 3070 1700 3147 tempore
1723 3054 1927 3145 improbant
1947 3046 2093 3150 quidam

58 3156 224 3231 Christus
254 3161 479 3230 administrat
502 3157 577 3228 sive
601 3156 776 3247 Apostoli.
834 3152 932 3224 Idem
954 3156 1050 3224 enim
1102 3160 1320 3251 bapsismnm
1336 3156 1546 3240 infantium,
1572 3169 1607 3226 et
1620 3156 1803 3248 postulant
1817 3158 1957 3227 adultos
1973 3160 2092 3229 denuo

58 3263 202 3353 signum
225 3275 278 3331 est
301 3262 504 3331 institutum
528 3259 701 3328 divinitus
728 3280 789 3348 per
813 3257 1050 3328 ministerium
1102 3260 1284 3352 baptizari.
1334 3256 1433 3327 Haec
1445 3260 1628 3345 dogmata,
1654 3281 1735 3327 cum
1753 3259 1852 3327 nulla
1875 3259 1975 3329 huna
1996 3262 2094 3331 testi·
2135 3294 2138 3299 ·

61 3360 253 3448 lobannis,
279 3365 340 3456 qui
358 3377 410 3432 est
431 3362 593 3430 minister
613 3360 699 3428 novi
721 3357 936 3442 testamenti,
962 3358 1052 3429 sicut
1102 3362 1223 3431 monia
1240 3386 1281 3430 ex
1296 3360 1480 3450 scripturis
1495 3354 1798 3444 habeant,·tamen
1815 3359 1926 3454 aliqui
1941 3362 2094 3453 amplexi
2184 3358 2187 3363 ’

59 3466 180 3558 iuquit
195 3461 374 3534 Christus:
402 3456 489 3530 Lea·
509 3469 541 3532 et
558 3453 764 3555 Prophetas
782 3476 894 3555 cisque
914 3453 971 3526 ad
983 3455 1052 3529 Io-
1102 3476 1196 3534 sunt.
1246 3459 1294 3532 Et
1315 3457 1422 3532 huius
1451 3462 1582 3529 erroris
1605 3473 1766 3531 auctores
1798 3461 1868 3530 alia
1888 3464 2000 3532 multa
2024 3464 2095 3532 im-

59 3559 224 3635 hannem
241 3580 306 3638 etc.
356 3560 521 3634 Christus
542 3563 650 3651 igitur
672 3562 772 3650 signo
797 3562 867 3630 iam
889 3561 1050 3632 instituto
1102 3566 1161 3657 pia
1193 3566 1357 3653 dogmata
1384 3576 1590 3653 sparsemnt
1622 3565 1668 3632 de
1704 3574 1823 3631 rerum
1856 3566 2096 3635 communica·

60 3668 193 3761 etipse
220 3689 306 3737 usus
329 3678 391 3739 est.
459 3660 636 3734 lohannes
659 3687 744 3733 vero
767 3685 844 3732 non
865 3662 1053 3751 distinguit
1102 3668 1217 3751 tione,
1250 3667 1295 3735 de
1323 3664 1493 3735 tollendis
1519 3662 1791 3754 magistratibus.
1856 3662 1949 3735 Cum
1976 3679 2094 3738 autem

59 3782 245 3840 externum
267 3767 500 3857 baptismum,
533 3767 591 3834 sed
619 3788 722 3833 suum
746 3763 983 3834 ministerium
996 3764 1051 3833 ab
1103 3763 1190 3837 haec
1216 3766 1315 3855 sigua
1347 3778 1384 3836 et
1414 3759 1479 3834 has
1505 3779 1608 3835 notas
1639 3764 1832 3855 impietatis
1864 3765 1923 3835 isti
1949 3768 2095 3839 fanatici

59 3871 178 3942 officio
207 3865 359 3953 Christi,
402 3868 485 3961 quia
515 3861 691 3936 lohannes
722 3865 877 3957 baptizat
911 3878 1050 3935 tantum
1103 3868 1248 3961 spiritus
1262 3866 1547 3959 praeseferant,
1570 3866 1698 3936 merito
1714 3866 1838 3936 debuit
1853 3867 2096 3961 etiamsuspe-

59 3994 171 4067 aqna,
196 3966 264 4040 hoc
280 3984 348 4054 est,
374 3982 557 4039 externum
579 3967 793 4058 baptismum
814 3966 1052 4050 administrat,
1104 3983 1158 4041 cta
1171 3992 1244 4038 osse
1257 3969 1397 4038 novitas
1414 3967 1455 4036 in
1469 3967 1551 4035 aliis
1565 3968 1802 4059 dogmatibus.
1845 3964 2094 4041 SedChristus

57 4088 96 4146 et
111 4073 289 4166 praedicat
306 4072 475 4154 verbum,
501 4069 596 4137 idem
609 4068 746 4139 faciunt
754 4064 930 4159 Apostoli.
980 4066 1051 4138 sed
1087 4071 1277 4164 ‚praedixit
1291 4071 1337 4140 de
1355 4068 1558 4139 novissimis
1573 4070 1810 4160 temporibus,
1831 4070 1909 4139 fore
1929 4084 1969 4141 ut
1989 4072 2095 4143 multi

57 4170 227 4249 Christus
254 4176 335 4241 non'
356 4184 498 4241 tautum
528 4183 711 4239 aternum
740 4169 955 4259 baptismum
987 4170 1052 4237 ad·
1087 4174 1333 4273 jseducantur,
1359 4165 1429 4241 boc
1445 4170 1556 4259 magis
1574 4171 1720 4259 vigilare
1740 4168 1928 4256 debemus,
1953 4186 1988 4243 et
2010 4162 2095 4241 uul-

57 4276 257 4359 ministrat,
283 4274 345 4342 sed
366 4270 531 4341 satisfacit
553 4294 619 4362 pro
640 4270 957 4361 peccatisnostris,
981 4270 1052 4339 tol·
1087 4274 1178 4355 §lum
1194 4274 1322 4362 dogroa
1338 4270 1496 4361 recipere
1511 4270 1588 4339 sine
1607 4272 1711 4341 certis
1730 4284 1766 4341 et
1787 4272 2101 4364 perspicuums-

56 4379 104 4449 lit
127 4390 285 4470 peccam,
317 4378 379 4443 dat
397 4370 571 4465 Spiritum
592 4385 765 4442 sanctum.
815 4366 917 4441 Nihil
942 4370 1052 4460 igitur
1087 4373 1227 4466 ,pturis
1277 4370 1383 4442 Nunc
1403 4373 1449 4440 ad
1465 4395 1617 4441 causano
1667 4370 1746 4443 Hoc
1761 4382 1928 4458 constat,-
1941 4352 2097 4465 prumti-

57 4477 203 4570 sigu'um
235 4493 422 4548 externum
448 4471 736 4543 administratmu
759 4496 779 4542 a
802 4467 947 4541 Christo
980 4472 1052 4555 dil·¹
1087 4472 1238 4545 isirmam
1252 4474 1385 4563 gratiae
1398 4487 1434 4543 et
1450 4474 1551 4562 regni
1565 4470 1635 4551 Dei
1653 4473 1758 4543 etiam
1774 4474 1818 4545 'ad
1835 4474 1990 4546 infantes
2011 4496 2096 4571 per-

54 4583 129 4652 fert
145 4602 166 4652 a
182 4578 284 4669 signo
306 4575 552 4646 administrato
574 4596 594 4642 a
616 4568 794 4657 lohanne,
820 4572 915 4642 idem
940 4573 1051 4662 signi-
1088 4578 1226 4647 tinere.
1267 4573 1385 4645 Huius
1399 4574 1594 4644 sententiae
1609 4570 1780 4645 habemus
1793 4577 1977 4649 manifesta
1993 4581 2097 4651 testi-

56 4684 166 4753 ficant
190 4694 226 4749 st
245 4680 590 4769 efficiunt-utraque,
614 4676 674 4742 sed
694 4698 865 4767 personae
879 4674 1051 4746 differunt
1087 4677 1223 4759 'monia
1237 4678 1286 4747 'in
1311 4675 1504 4767 scripturis.
1555 4672 1734 4763 Primum,
1747 4677 1841 4771 ¹quia
1865 4694 2090 4771 praeceptum

57 4812 103 4855 ac
120 4776 246 4854 officio.
300 4776 477 4849 loharlne's
492 4775 589 4869 euim
605 4776 733 4845 mi'sstis
754 4790 806 4847 est
826 4789 985 4861 tantum,
1010 4782 1061 4847 ut²
1102 4792 1173 4865 est,
1196 4793 1245 4867 eut
1273 4778 1379 4847 'etiam
1411 4778 1563 4847 infantes
1593 4774 1940 4852 circumciderentur.
1986 4780 2100 4853 ‹Fuit-

59 4874 295 4979 praldicaret,
314 4883 407 4950 sieut
423 4875 649 4971 etApostoli.
686 4872 853 4948 Christus
864 4900 949 4969 ¹vero
963 4879 1050 4948 mis·
1088 4890 1219 4977 fantem
1239 4879 1460 4969 circumcisio
1480 4878 1624 4969 signum
1644 4882 1838 4972 promissae
1864 4880 2025 4971 gratiae}
2053 4897 2088 4955 st

58 5008 120 5058 sus
135 4998 206 5069 ¹cst,
228 4997 269 5053 ot
283 4983 556 5072 tollat‘peccata,
568 4991 612 5049 ut
625 4976 863 5070 detSpirituut
878 4986 1061 5055 sanctum?
1089 4983 1265 5073 promissi
1280 4981 1437 5063 seminis,
1452 4981 1491 5050 in
1506 4988 1577 5073 quo
1591 4980 1953 5053 benedicendaeisunc
1963 4992 2099 5054 omnes·-

58 5087 153 5160 Nou·
173 5086 289 5175 igiturv
308 5083 439 5153 uostris
467 5081 634 5171 operibus
660 5093 723 5151 ant
752 5080 1061 5152 satisfactionibus¹
1101 5096 1231 5172 gentes.
1282 5079 1331 5152 Et
1344 5081 1478 5152 Pauln's
1503 5079 1806 5153 circumcisionem
1820 5081 2086 5178 socot'siguum

60 5189 174 5259 deleri
210 5200 418 5278 peccatum,
467 5182 677 5272 significavit
716 5177 904 5252 Iohannes.
978 5179 1050 5253 Sed
1101 5181 1908 5275 iustitias,1iom.·4.,etGenes.17.scriptum
1925 5184 2096 5258 emEm·

59 5284 204 5372 docuit,
245 5287 336 5355 tilios
357 5286 425 5356 Doi
448 5283 524 5352 fieri
544 5306 620 5353 uon
639 5306 761 5375 posse,
795 5283 866 5353 nisi
887 5278 1061 5355 Christus¹
1088 5280 1208 5357 'Deus
1227 5288 1361 5357 lorum.
1420 5284 1526 5358 Item:
1553 5280 1883 5360 Masculus-cuius
1900 5284 2090 5387 praeputii

60 5394 180 5463 mittat
191 5390 233 5457 iu'
244 5389 354 5457 corda·
363 5400 484 5457 nostra
492 5382 666 5475 Spiritum
680 5396 852 5470 sanctum,
869 5408 933 5477 per
944 5410 1050 5479 quem
1101 5410 1189 5457 curo
1208 5385 1415 5483 adusserit
1420 5410 1424 5417 ·
1436 5384 1668 5485 sirsumcs‘sa,
1689 5382 1868 5459 delebitur
1880 5388 2010 5459 ouium
2036 5389 2087 5458 it-

114 5494 411 5563 Mesammones.
436 5487 563 5554 Vonl.
1229 5528 1234 5535 ·
1283 5486 1330 5558 61

1276 2108 1346 2181 De
1378 2106 1611 2208 baptismo
1637 2080 1914 2208 insontium.

109 2819 180 2915 De
207 2822 442 2921 baptismo
467 2814 703 2892 Iohannis
731 2828 771 2889 et
797 2810 999 2891 Christi.
