4500 5782
950 235 1417 359 ruauuottnnoa

156 400 234 488 tuni
257 411 340 484 'cum
356 410 521 503 'epistolis'
541 434 615 479 non
639 407 820 504 Stigelius
842 412 936 504 ipse,
968 413 1030 482 sed
1050 413 1153 497 alius,
1202 416 1363 501 videtur,
1388 418 1477 503 fide,
1502 434 1749 514 praeterquam
1770 426 1868 517 quod
1893 430 2066 519 quaedam
2090 433 2198 501 verba

157 518 255 609 Mag.
286 510 448 584 Iacobus
474 506 733 611 Roseuselder.
797 510 853 583 Ex
893 509 959 585 bac
997 514 1152 585 editione
1203 513 1367 588 hebraica
1399 543 1419 589 a
1451 518 1673 614 typographo
1708 526 1836 595 misere
1871 529 2067 601 desonam
2105 547 2197 606 ,ung

158 619 406 709 transscriptae
431 631 515 687 suut
538 616 578 685 in
598 609 801 685 cod.Gotl1.
823 615 905 687 188.
957 610 1017 685 An
1036 632 1058 685 a
1075 615 1154 688 110-
1202 618 1363 710 Neglexit
1387 645 1470 691 vero
1493 623 1677 716 inquirere
1701 626 1741 695 in
1763 651 1916 715 annum,
1942 657 2013 724 qno
2037 659 2198 728 quaeque

159 720 358 794 senfeldero
374 719 530 808 integrae
544 731 578 787 et
592 718 710 790 debita
726 718 794 787 lide
804 719 999 810 descriptae
1008 718 1152 802 fuerint,
1204 723 1303 813 epist.
1329 722 1456 814 scripta
1486 726 1549 811 sit,
1581 751 1698 820 neque
1723 731 1918 824 quidquam
1943 736 2131 827 adscripsit
2154 736 2198 806 ad

156 847 254 896 nunc
269 822 341 894 dici
354 845 428 891 non
442 833 573 911 potest,
601 845 712 914 quum
733 816 949 913 autographa
973 821 1153 911 perierint,
1205 824 1433 895 illustrandas
1455 850 1510 897 res
1531 828 1686 918 privatas
1703 830 1823 902 minus
1848 835 2023 922 cognitas,
2045 860 2198 932 quarum

156 920 358 1019 apographa
390 924 430 992 in
449 920 564 994 Codd.
593 946 669 992 non
701 923 875 1012 legantur.
942 919 1046 993 Certe
1075 923 1152 992 sine
1204 926 1242 994 in
1260 927 1417 1017 epistolis
1433 928 1472 997 tit
1490 931 1634 1003 mentio.
2130 916 2143 943 ⁸

158 1031 250 1100 iusta
272 1025 455 1116 diligentia
477 1025 570 1118 typis
592 1024 781 1115 exscriptae
801 1039 894 1094 sunt.
947 1023 1153 1117 „Squalent

157 1131 283 1217 „enim
306 1129 363 1224 (ut
379 1125 537 1197 Danzins
552 1123 655 1220 dicit)
671 1150 745 1196 non
762 1128 877 1196 solum
893 1127 1033 1196 mendis
1049 1141 1152 1220 typo·

156 1225 380 1324 ,graphicis,
406 1230 468 1299 sed
492 1242 526 1298 et
550 1242 717 1322 typorum
742 1241 839 1298 tanta
863 1242 914 1299 est
935 1229 1153 1313 deformitas,

157 1328 419 1427 ,inaequalitas
445 1343 478 1401 et
502 1331 649 1400 omnino
672 1330 909 1419 ingratitudo,
942 1344 982 1400 ut
1006 1332 1151 1400 lectores
1413 1408 1426 1428 ·
1800 1417 1807 1433 ·
1848 1417 1855 1435 ⁹
1935 1418 1942 1436 .
2132 1422 2141 1430 .

150 1437 289 1526 „longe
311 1433 454 1511 facilius
479 1433 638 1522 abigere,
679 1456 785 1525 quam
816 1433 957 1502 allicere
985 1431 1151 1524 possint.''
1232 1410 1297 1507 13)
1323 1407 1469 1529 1511131
1480 1409 1585 1531 ΟῙξΠ
1593 1439 1661 1483 “m
1714 1408 1939 1516 Phlllppt
1998 1417 2200 1542 Melon,-

155 1536 233 1611 ttae
249 1537 325 1628 ipsa
341 1536 385 1604 de
401 1558 521 1615 causa,
548 1549 582 1604 et
597 1532 846 1626 qnodVolum.
861 1532 926 1608 lll.
948 1537 1151 1626 po'e'matum
1255 1507 1479 1584 0111101113
1504 1512 1627 1585 hbet
1650 1511 1877 1613 Quartus:
1900 1532 2098 1621 postquam
2116 1548 2199 1622 pn·

145 1639 297 1730 stigetii
313 1638 372 1707 vix
394 1631 509 1709 adhuc
527 1636 564 1703 in
582 1630 807 1706 bibliothecis
822 1637 1035 1728 reperiatur,
1062 1635 1097 1706 S.
1110 1633 1152 1703 V.
1255 1640 1353 1733 ”tum
1378 1625 1410 1685 ‘f
1432 1612 1627 1734 Stftmdtmf
1650 1614 1704 1688 D·
1726 1611 2092 1741 C⁰⁸WQP5116571152
2126 1636 2199 1697 ltr-

155 1728 360 1824 1111111111,Ι
390 1734 525 1808 Ductor
554 1732 770 1826 Theologiae
801 1739 840 1806 in
866 1733 975 1810 Acad.
1000 1735 1153 1821 lenensi,
1255 1726 1346 1786 imm
1366 1741 1446 1833 ⁶⁶s⁰
1459 1714 1512 1787 D·
1529 1711 1743 1838 (j'ht'tslqpb
1759 1715 1926 1841 Ptzelms
1949 1722 2038 1794 oltm
2064 1725 2198 1845 vulgu-

158 1843 312 1927 erravit,
338 1853 444 1926 „uta
459 1839 598 1909 mendis
615 1852 784 1931 purgatae
802 1836 859 1937 (nt
878 1840 954 1909 eius
975 1840 1092 1909 verbis
1113 1839 1151 1907 in
1259 1827 1361 1901 ''m‘'
1392 1843 1468 1887 tam
1483 1844 1644 1939 P'W'f‘m
1668 1847 1707 1890 m
1726 1819 1839 1893 lucem
1856 1821 1993 1942 editus,
2018 1825 2144 1946 studeo
2167 1840 2198 1899 et

158 1946 333 2040 „praefat
353 1938 450 2038 utar)
475 1941 568 2035 typis
591 1941 866 2030 elegantioribus
888 1964 1088 2031 expressae,
1114 1940 1153 2009 in
1256 1942 1344 1988 ⁶¹¹?st
1373 1917 1403 1988 Ῑ
1408 1915 1497 1989 0110
1507 1947 1615 1992 ”¹²¹5
1647 1919 1678 1994 S
1685 1949 1741 1992 Μ
1751 1921 1848 1994 besl
1858 1953 1890 2008 1,
1925 1926 2091 1999 eccle-ttae
2114 1927 2199 2002 No-

164 256 232 317 ῑίῑ
263 296 269 303 -
2147 277 2195 331 tx

1304 1091 1429 1163 Postea
1460 1095 1611 1165 multum
1644 1098 1776 1168 meruit
1803 1101 1847 1170 de
1874 1103 2031 1196 epistolis
2056 1103 2198 1177 Melan-

1204 1190 1324 1264 thonis
1351 1188 1413 1264 Ios
1433 1191 1648 1268 Suubertus.
1715 1197 1855 1273 Prodiit
1884 1205 1980 1272 enirn
2008 1205 2084 1275 eins
2115 1233 2198 1277 cura

1204 1321 1377 1389 primum:

157 2047 232 2134 „iis
246 2046 351 2131 locis,
375 2045 438 2136 qui
460 2066 501 2113 ex
517 2043 596 2113 aliis
611 2043 795 2112 autoribus
810 2042 907 2112 allati
922 2056 1025 2127 sunt,
1049 2065 1149 2112 accu-

159 2163 303 2236 „ratae,
344 2160 379 2216 et
409 2144 536 2215 ordine
567 2136 818 2234 chronologico
846 2144 1035 2234 dispositae
1068 2167 1153 2235 pro-

158 2247 329 2338 „ditent”
355 2248 469 2339 iisque
486 2245 625 2314 addidit
638 2247 822 2336 epistolam
832 2244 919 2347 Mel.
935 2246 981 2314 ad
990 2241 1153 2316 Christo-

49 2362 51 2367 '
159 2350 314 2447 phorum
342 2347 609 2432 Hofmannum,
649 2348 811 2419 nondum
842 2347 983 2421 editam.
1055 2346 1155 2419 Fecit

161 2452 228 2525 hoc
245 2454 283 2523 in
299 2450 423 2521 libello
441 2448 659 2519 academico:

143 2649 150 2667 Ι
210 2567 419 2661 „Epistulae
436 2562 595 2657 Philippi
612 2561 903 2639 Melanchthonis
924 2568 969 2635 ad
983 2563 1154 2637 loannem

211 2672 415 2763 Stigelium,
430 2671 542 2738 multo
557 2669 777 2739 emendatius
791 2682 826 2738 et
838 2669 1034 2739 sceleratius
1048 2691 1154 2761 quam

212 2769 364 2845 antehac
386 2772 518 2856 editae,
552 2795 573 2840 a
593 2769 639 2842 D.
663 2767 697 2843 1.
719 2765 766 2845 Τ.
787 2763 837 2841 L.
857 2766 1003 2839 Dauz.”
1045 2768 1154 2846 lenae

169 2964 177 2982 ‚
216 2874 327 2949 1824.
362 2872 398 2945 4.
432 2869 500 2967 (48
519 2870 636 2965 pagg.)

163 2995 285 3084 Quum
307 2992 439 3060 multae
463 2986 591 3058 harum
612 2988 857 3079 epistolarum,
886 2989 960 3059 imo
981 2988 1155 3079 plurimae

162 3102 235 3168 fere
251 3089 515 3175 nihilhabeant,
533 3115 573 3159 ex
590 3114 660 3182 quo
676 3112 801 3173 annus,
823 3115 894 3182 spuo
913 3090 1061 3181 scriptae
1074 3092 1155 3175 sint,

164 3197 328 3288 cognosci
349 3195 477 3286 possit,
510 3191 717 3284 perdifficile
739 3193 896 3281 profecto
921 3206 989 3276 est,
1021 3215 1078 3260 eas
1101 3216 1156 3262 sc-

164 3301 322 3371 cundum
351 3318 464 3371 annos
489 3296 691 3384 disponere,
727 3317 835 3384 quare
866 3295 970 3363 etiam
998 3291 1156 3364 Danaius

164 3413 284 3495 postea
307 3394 402 3467 baud
419 3418 530 3489 pauca
549 3396 587 3461 in
604 3394 729 3463 ordine
749 3395 976 3484 epistolarum
996 3390 1157 3465 mutavit.

165 3502 238 3574 Nos
255 3500 398 3594 quidem
414 3520 453 3566 ea
468 3497 506 3564 in
524 3519 563 3564 re
580 3493 755 3563 Danzium
770 3496 916 3589 'sequuti
930 3518 1070 3578 sumna,
1095 3496 1155 3565 sed

165 3621 301 3686 tamen,
335 3625 445 3693 quum
466 3597 572 3667 nobis
592 3618 716 3685 agmen
741 3597 968 3687 epistolarum
994 3601 1156 3667 nondum

163 3708 343 3778 'editarum
358 3704 404 3772 ad
415 3721 543 3770 manns
560 3698 686 3781 fuerit,
710 3721 849 3768 causam
868 3695 1060 3769 habuimus
1077 3726 1157 3770 nru-

167 3808 269 3879 tandi
298 3804 428 3897 passim
461 3801 599 3873 ordinis
634 3813 669 3869 et
701 3800 905 3870 discedendi
934 3825 955 3869 a
984 3803 1157 3872 sententia

168 3909 307 3981 Danzii.
358 3905 480 3997 Neque
502 3902 702 3983 omisimus,
726 3903 823 3994 quod
839 3899 996 3971 Damius
1014 3928 1089 3974 non
1105 3905 1159 3972 fe-

168 4014 236 4094 cit,
261 4008 410 4097 singulis
435 4006 522 4075 locis
544 4004 671 4072 afferre
694 4003 860 4073 lectiones
878 4028 918 4073 ex
941 4005 1061 4095 priore
1082 4004 1160 4075 edi-

124 4167 130 4174 .
169 4117 287 4195 tione,
318 4133 404 4204 quas
428 4104 583 4176 Danzius
606 4105 793 4174 mutandas
817 4128 889 4175 esse
914 4102 1068 4192 censuit,
1099 4130 1160 4177 ex-

171 4215 279 4306 ceptis
317 4212 433 4281 solnm
468 4208 575 4277 modo
605 4205 801 4276 manifestis
829 4207 968 4277 mendis
995 4223 1161 4303 typogra-

170 4314 296 4410 plricis.

273 4449 395 4538 Quum
413 4445 518 4537 paulo
535 4455 613 4534 post
622 4434 791 4509 Derides
804 4432 1032 4536 Chytracus‚
1057 4443 1163 4526 filius,

174 4559 293 4625 ederet
308 4549 472 4641 epistolas
488 4546 531 4614 ael
549 4558 683 4635 patrem
697 4556 731 4611 et
748 4566 767 4611 a
783 4557 882 4634 patre
894 4545 1057 4636 scriptas:

112 4728 118 4743 .
202 4672 266 4759 te)
293 4664 358 4740 Io.
382 4661 499 4733 Dav.
523 4653 770 4756 Chytroet‘,
800 4653 967 4754 theologi
980 4655 1163 4731 erc-histo-

118 4754 121 4759 ’
228 4771 297 4843 aas
323 4762 602 4839 eminentissimi·
618 4756 878 4831 nauatam
899 4762 939 4839 a
964 4758 1162 4833 asama

212 4865 456 4971 ·mecssoris
479 4861 674 4964 quondam·
689 4862 881 4961 primarii,
909 4862 1164 4963 epistolae,

227 4972 346 5046 addae
358 4996 384 5038 a
397 4966 512 5039 Duo.
528 4959 768 5061 Chytruso
791 4962 1045 5058 autorisfilio.
1077 4964 1165 5037 Hu-

229 5077 357 5147 aour’oc
377 5068 486 5146 1614.
511 5070 546 5138 8.

180 5199 292 5267 edidit
316 5193 423 5263 simul
442 5190 527 5258 inde
549 5213 568 5257 a
592 5211 672 5279 pag.
697 5186 960 5258 1218-12411
991 5191 1166 5283 quinqua.

180 5304 274 5392 ginta
293 5284 874 5389 epistolasPlrilippiMelanthonis
892 5285 1168 5385 adbetraeurn,

182 5419 334 5498 patrem,
364 5395 528 5486 scriptas,
558 5406 661 5462 antea
682 5414 757 5461 non
777 5392 952 5482 cognitas,
985 5394 1097 5475 bone,
1127 5407 1169 5464 ut

1252 2017 1511 2114 rimbergeusis
1525 2019 1581 2092 ud
1591 2020 1645 2094 D.
1660 2022 1819 2095 Sebaldr'
1832 2023 2014 2100 Pastoris.
2137 2028 2143 2039 ’

1310 2133 1465 2188 Praeteriti
1482 2137 1551 2190 secti
1564 2137 1679 2202 privato
1700 2147 1728 2190 et
1743 2141 1856 2204 publicu
1870 2151 1963 2209 gesta,

1310 2202 1397 2257 Crede
1413 2205 1497 2272 1111111,
1516 2202 1634 2273 Lector,
1656 2206 1722 2259 trine
1738 2209 1794 2260 sr'dr'
1808 2212 1904 2262 tumen
1918 2213 2032 2265 uatem

1255 2287 1541 2387 Norimbcrguc,
1568 2301 1609 2390 ty
1634 2293 1667 2364 is
1685 2303 1716 2365 et
1737 2296 1943 2395 sumptibus
1960 2293 2201 2399 Wolsgangi

1257 2388 1428 2464 Endteri.
1474 2389 1591 2468 MJ)
1625 2391 1806 2470 ,XXXX
1846 2401 1924 2470 207
1946 2425 2044 2493 pagg.
2087 2405 2122 2477 8.
2147 2442 2198 2456 -

1257 2494 1308 2567 In
1320 2492 1403 2590 stne
1426 2491 1560 2566 additu
1583 2507 1633 2568 est
1659 2499 1774 2570 versio
1788 2524 1929 2587 cortem,
1954 2526 2048 2599 quac
2070 2527 2199 2598 graece

1255 2601 1296 2668 in
1315 2594 1480 2695 epistolis
1498 2596 1679 2693 leguntur.

1309 2730 1436 2802 lnsunt
1449 2734 1616 2826 epistolae
1631 2734 1731 2806 CXX
1746 2762 1870 2808 omnes
1884 2744 1926 2808 ad
1937 2739 2061 2811 Vitum
2076 2740 2200 2814 Theo-

1207 2837 1355 2917 dorum,
1382 2833 1448 2929 (sic
1465 2836 1558 2905 enim
1577 2836 1616 2905 in
1631 2836 1858 2931 autographis
1871 2840 2117 2914 Melanthonis
2131 2843 2200 2917 hoc

1208 2961 1340 3006 nomen
1360 2951 1564 3008 constanter
1579 2940 1762 3026 scribitur,
1787 2966 1971 3035 nunqnam
1988 2940 2027 3014 Τ
2025 2939 2201 3016 heoderi-

1209 3062 1288 3122 cus,
1313 3052 1354 3108 ut
1368 3038 1562 3110 Sanbertus
1577 3042 1716 3132 saepius
1733 3054 1768 3111 et
1782 3044 1842 3111 alii
1851 3044 1877 3138 ,)
1889 3043 2201 3136 *Norihergensem

1208 3141 1292 3208 inde
1309 3140 1354 3210 ab
1367 3164 1463 3210 anno
1482 3137 1578 3211 1535
1593 3143 1758 3233 scriptae,
1780 3148 1978 3215 secundnm
1995 3150 2121 3218 seriem
2134 3176 2200 3220 an·

1208 3266 1337 3328 ruirrrm
1369 3243 1567 3334 dispositae.
1631 3240 1777 3316 Dicatus
1807 3260 1857 3317 est
1879 3247 1971 3317 liber
1994 3247 2086 3343 (Cal.
2108 3251 2200 3322 Maii

1211 3340 1327 3433 1640)
1352 3338 1539 3435 Arrgusto,
1583 3342 1675 3415 Duci
1700 3345 1972 3437 Lunehurgensi
2001 3365 2035 3420 ct
2062 3348 2220 3424 8111115·Ι

1210 3446 1374 3527 wrcensi,
1400 3459 1504 3539 atque
1525 3440 1570 3515 (le
1585 3470 1627 3515 eo
1643 3441 1730 3516 haec
1749 3449 1888 3539 scripsit
1905 3449 2114 3523 Sanbertus:
2179 3490 2186 3503 x

1260 3556 1530 3646 „Bibliothecae
1553 3562 1654 3631 urbis
1676 3577 1816 3632 nostrae
1838 3566 2034 3655 praefectus
2056 3586 2201 3663 exopta-

1258 3663 1456 3747 „tissimam
1472 3678 1595 3734 nactus
1609 3687 1687 3733 sum
1703 3665 1933 3750 occasionem,
1955 3669 2201 3764 antiquitatem

1260 3764 1496 3850 „litterariam
1527 3766 1708 3859 aliquanto
1739 3767 1933 3836 studiosius
1955 3770 2201 3864 investigandi.

1260 3864 1387 3950 „lnter
1403 3862 1467 3935 has
1491 3890 1592 3935 curas
1613 3844 1764 3936 feliciter
1784 3863 1874 3937 mibi
1897 3871 2102 3961 obtigerunt
2126 3879 2202 3968 epi-

1263 3969 1400 4051 „stolae
1413 3967 1520 4037 MSS.
1535 3963 1694 4059 Philippi
1710 3964 2000 4040 Melancbthonis
2016 3977 2062 4044 ad
2077 3975 2201 4048 Vitum

1261 4063 1522 4153 „Theodorum
1563 4068 1650 4138 olim
1685 4070 1830 4155 missae,
1878 4098 1964 4166 quas
1992 4076 2063 4144 viri
2094 4073 2201 4150 huius

1260 4171 1418 4263 „optimi
1434 4171 1471 4237 in
1487 4165 1659 4254 Parochia
1676 4186 1796 4241 nostra
1812 4172 2002 4243 Sebaldina
2019 4183 2201 4270 quondam

1262 4268 1472 4358 „Antistitis
1494 4272 1746 4357 laudatissimi,
1776 4269 1945 4344 haeredes
1965 4291 2035 4346 tam
2061 4282 2123 4351 diu
2149 4284 2202 4351 la-

1263 4389 1367 4459 „tere
1393 4373 1473 4443 idco
1500 4375 1709 4458 voluerunt,
1743 4375 1888 4465 opinor,
1921 4382 2017 4471 quod
2048 4383 2093 4451 ab
2123 4385 2202 4455 aliis

1265 4477 1365 4561 „iam
1389 4476 1499 4545 editas
1523 4477 1715 4545 crederent.
1739 4514 1791 4528 -
1814 4515 1866 4529 -
1914 4477 2109 4553 Confestim
2135 4487 2202 4577 igi-

1267 4593 1354 4660 „tur
1377 4578 1413 4646 id
1436 4602 1562 4669 operae
1580 4570 1668 4646 mibi
1688 4578 1818 4663 sumsi,
1843 4591 1884 4648 ut
1899 4605 2022 4651 omncs
2039 4587 2202 4657 omnium

1264 4680 1475 4762 „editiones
1496 4693 1670 4773 quotquot
1685 4679 1838 4772 reperire
1853 4680 1992 4766 licebat,
2014 4686 2204 4777 diligenter

1266 4782 1510 4865 „c0nferrern,
1545 4783 1657 4850 donec
1687 4782 1826 4876 liquido
1849 4800 2049 4874 appareret,
2093 4816 2204 4882 quae-

1265 4907 1376 4965 „nam
1386 4879 1543 4974 Philippi
1561 4883 1728 4973 epistolae
1744 4884 1856 4952 luceru
1879 4882 2025 4955 antebac
2049 4895 2204 4982 aspexis-

1269 4997 1397 5068 „sent,
1420 5008 1509 5076 quae
1524 5009 1598 5053 non
1611 4985 1706 5054 item.
1757 4979 1855 5055 Nihil
1879 5010 1919 5055 ex
1942 4992 2072 5059 nostris
2093 4988 2205 5063 lrabe-

1268 5087 1357 5168 „bat
1386 5086 1478 5154 liber
1503 5088 1648 5177 primus.
1699 5082 1800 5157 Nihil
1820 5090 2005 5161 secundus.
2059 5092 2205 5165 Tertius

1266 5188 1500 5273 „continebat
1517 5189 1728 5271 octodecim,
1754 5189 1860 5257 etiarn
1880 5191 1918 5259 in
1933 5191 2064 5263 Codice
2082 5214 2204 5268 nostro

1267 5291 1461 5380 „scriptas,
1501 5313 1588 5383 quas
1620 5291 1657 5357 in
1687 5285 1754 5361 hac
1790 5291 2012 5380 evulgatione
2042 5302 2204 5371 consulto

1268 5392 1492 5476 „assisinos
1543 5391 1728 5465 Manliana
1748 5392 1826 5461 aliis
1847 5393 1978 5478 invisa,
2004 5393 2093 5467 milri
2112 5426 2205 5470 non-
