4500 5782
575 160 1022 313 ‚nersconanou
1057 224 1183 303 aar.
1214 223 1286 319 uc
1336 218 1473 299 mro

96 395 295 495 Comitem,
325 397 474 477 haberes
494 400 727 499 adSenatnm
747 400 881 476 literas.
927 397 1001 473 sea

89 526 197 575 smum
212 504 377 590 redierit,
410 529 451 579 ea
472 509 721 577 tamen·de.re
741 505 880 577 videro·
928 490 1022 572 Ve-'

97 602 140 677 in
154 600 212 677 his
228 606 399 698 tempnrls
410 609 587 698 angustiis
609 633 686 679 non
706 620 792 681 aunt
811 605 881 685 tibi
906 604 1021 675 ultae:

89 728 127 779 re
153 710 419 800 exspectandae.
480 709 605 803 Neque
637 733 703 799 cgo
734 732 811 789 non
835 708 1021 799 aliquam,

89 830 119 879 n
135 809 207 881 titi
228 833 374 926 operam
387 809 580 903 polliceor.
643 810 682 883 si
706 809 861 883 Senatus
883 821 1001 879 vester

89 921 238 983 maun
251 934 275 981 a
295 911 457 1003 prmcipe
478 911 696 1004 impetrarit,
710 972 714 983 .
729 920 806 983 non
827 909 1000 1001 gmvatim

89 1033 136 1081 oc
152 1010 374 1101 proficiscar.
416 1009 604 1085 &dmihi
628 1038 703 1103 uun
722 1014 905 1085 videretur
915 1024 1001 1083 'ma-
1019 1008 1022 1017 '

1053 411 1115 469 net
1127 410 1237 473 totam
1252 422 1327 469 rem
1343 411 1378 469 et
1393 397 1569 470 custodiat
1591 420 1654 468 vos
1673 395 1885 481 universos,
1909 408 2048 489 patron

1053 524 1094 571 ac
1111 502 1258 571 domum
1271 514 1435 575 vestram.
1487 499 1622 574 Valetc.
1671 496 1727 569 Ex
1742 496 1885 571 lslebia.

1511 616 1701 743 Philippus
1716 642 1997 721 MelanchtlaoN.

1067 1048 1073 1057 -
1102 994 1291 1101 (Rediit
1316 966 1613 1074 Mel'ancho'n
1646 992 2003 1093 Witabargam.)¹

89 1134 156 1181 iere
176 1110 418 1203 periclitatura
440 1110 562 1189 schola
575 1129 723 1201 mestre,
763 1116 796 1185 'si
816 1115 885 1186 tibi
905 1114 1001 1183 alins
1050 1196 1052 1201 ,
1109 1202 1112 1207 ,
1176 1176 1182 1191 ,

89 1212 336 1305 piaminterea
359 1215 512 1287 vicarius
535 1218 651 1290 detm.
701 1215 785 1287 Scio
808 1217 908 1287 euim
920 1239 1001 1306 gra-

89 1338 112 1389 n
131 1314 332 1406 principem
351 1310 443 1387 mihi
467 1331 703 1391 commeatum
724 1321 895 1389 daturum
914 1340 999 1390 esse.

89 1429 151 1489 est
172 1410 365 1489 honestum
383 1431 526 1491 ,vestrae
547 1421 650 1501 nubi,
682 1423 728 1493 de
750 1420 823 1490 suis
843 1419 1000 1512 aliquem

90 1542 130 1591 re
145 1518 327 1607 legationi.
370 1518 631 1595 ‚VoletComes
650 1523 704 1593 uti
725 1535 937 1615 operatua,
968 1521 999 1589 si

89 1642 229 1714 qumque
250 1620 351 1713 cupis
370 1621 484 1707 scire,
512 1624 647 1697 alicubi
665 1625 856 1695 scribendo
878 1622 999 1708 latine,

89 1744 147 1797 nte
171 1721 366 1815 aliquando
391 1737 426 1795 et
448 1726 675 1814 germanice..
728 1724 997 1819 Nonnunquam

89 1835 251 1915 iterprete
272 1836 308 1895 te
327 1836 460 1913 utetur,
525 1824 605 1919 Ipse
626 1826 774 1922 quidem
793 1824 849 1899 tui
873 1852 1000 1918 percu-

89 1937 191 2010 oest,
223 1938 260 1995 ct
276 1926 420 2015 ingenio
437 1927 581 1999 liberali
597 1942 659 1999 est.
709 1928 782 2001 Sed
808 1944 846 1999 tn
867 1931 911 1999 de
932 1925 999 1999 hac

89 2051 130 2099 re
147 2051 230 2097 cum
246 2040 308 2097 tuo
324 2028 530 2123 propinquo
546 2030 882 2124 consilinmmpias,
913 2046 949 2103 et
961 2032 999 2102 id

89 2152 154 2215 aa,
185 2130 283 2221 quod
308 2123 599 2203 honestissimum
613 2133 775 2218 videtur,
804 2157 881 2203 non
902 2134 997 2225 qnod

89 2230 153 2299 ime
178 2231 290 2321 cupis.
349 2228 426 2319 Ego
450 2235 594 2326 quidem
616 2234 743 2304 malim
762 2248 804 2304 te
823 2232 999 2305 Noriber·

89 2353 231 2412 nanere,
252 2333 313 2401 sed
328 2328 426 2405 nihil
440 2337 521 2406 vulo
539 2337 606 2407 tibi
622 2337 871 2428 praescribere.
891 2335 998 2431 ⁸Vale.

89 2433 159 2506 cine.
203 2428 274 2503 Die
290 2432 419 2507 Martis
433 2452 515 2530 post
528 2438 642 2527 lanias
652 2436 811 2509 dimonia
825 2452 861 2509 nt
877 2435 999 2512 ludae.

89 2548 165 2607 stus
179 2536 357 2637 custodiat
373 2549 419 2611 te.
434 2600 437 2605 ,

618 2692 621 2697 -
747 2637 948 2735 Philippus.

475 3086 479 3091 ³
567 2982 652 3063 (st.
670 2980 742 3045 Oct.
771 2980 936 3067 lsleblee.)

159 3168 420 3277 Hieronymo
451 3156 835 3259 Cammcrmeister.
900 3208 903 3213 ¹

89 2965 183 3095 Q

89 3346 156 3423 pist.
174 3346 222 3403 lib.
236 3346 287 3403 Vl.
309 3366 339 3419 p.
356 3345 401 3405 41.
444 3349 527 3407 Naue
543 3370 576 3407 ex
597 3352 768 3425 autographo
790 3354 858 3413 Mal.
880 3354 910 3411 in
930 3353 995 3413 eod.

101 3414 217 3472 Monac.
233 3417 255 3470 l.
276 3436 305 3489 p.
319 3416 381 3476 291.

89 3554 242 3631 >dalaima
264 3558 363 3643 viro,
400 3557 457 3637 D.
480 3557 770 3656 Hieronymo
802 3559 996 3639 Comer-

89 3669 203 3748 sler,
230 3654 528 3750 Camerario,
559 3659 797 3763 Bamdcrgae
815 3668 1000 3771 Episcopi

374 3759 626 3837 Cancellario.

89 3908 105 3971 t
152 3891 250 3987 Ego,
282 3898 334 3968 mi
349 3896 504 3971 Domine
519 3900 756 3998 Hieronyme,
789 3908 895 3999 cupio
912 3931 995 3979 sane

89 3998 185 4069 ficari
202 4013 236 4069 et
252 4001 355 4071 vobis
371 4004 538 4073 omnibus
555 4018 588 4074 et
611 4004 787 4097 imprimis
807 4010 908 4081 fratri
933 4036 996 4081 ve-

89 4093 327 4199 [Ioachimo]
344 4098 389 4199 ¹),
422 4106 483 4174 sed
502 4107 547 4174 de
560 4130 660 4190 meo,
687 4122 728 4177 ut
742 4110 860 4193 aiunt,
885 4114 995 4200 corio,

95 4204 142 4271 de
167 4204 297 4278 alieno.
352 4204 461 4277 Nunc
481 4208 521 4277 id
542 4209 683 4309 quoda
706 4235 764 4279 me
785 4215 994 4303 postulatur,

89 4303 211 4375 ¹iorum
232 4320 284 4377 est
304 4320 475 4398 potestate
496 4304 673 4400 positum,
707 4324 748 4381 ut
772 4313 862 4383 istuc
885 4316 995 4407 profi-

1058 1310 1126 1433 No.
1142 1356 1230 1433 416.
1352 1302 1356 1309 Ι

1064 1456 1238 1487 Μ

1882 1358 2036 1429 ll.Nov.
2070 1432 2081 1445 ,

1336 1548 1761 1667 perceperamus.
2082 1508 2089 1523 ’

1119 1692 1226 1789 nina.
1241 1708 1314 1787 'nm
1336 1732 1372 1787 n.
1401 1751 1429 1804 p.
1447 1730 1507 1787 aas.
1534 1730 1611 1813 eata·
1630 1749 1646 1785 ι
1664 1725 1817 1797 sategero
1837 1725 1869 1807 jn
1887 1723 1944 1781 va.
1965 1722 2048 1844 capp.

1175 1798 1256 1856 .212.
1291 1800 1373 1857 Nunc
1390 1821 1420 1855 er
1434 1798 1532 1855 eodem
1548 1800 1662 1871 codice,
1684 1806 1712 1850 et
1724 1814 1817 1869 apogr.
1836 1812 1866 1848 an
1884 1791 1947 1848 cod.
1960 1788 2005 1845 Ge
2037 1829 2045 1846 .

1218 1889 1246 1942 p.
1258 1868 1300 1925 88.
1319 1865 1720 1941 etcot.Metn.1tt.p.otb.

1050 2006 1276 2113 Philippo
1297 2004 1598 2085 Ebcrbachio
1624 2005 1769 2082 docenti
1780 2004 1899 2079 bonas
1917 2001 2046 2077 literas
2161 2090 2175 2112 δ

1456 2108 1635 2208 Ceturgi.

1049 2238 1096 2330 S·
1108 2258 1155 2335 Ι).
1206 2260 1368 2351 Gaudeo,
1392 2278 1427 2335 te
1442 2265 1615 2358 accepisse
1626 2263 1826 2357 pecuniam.
1851 2256 1934 2350 Ego
1950 2259 2045 2329 enim

1049 2363 1187 2441 invitus
1219 2379 1295 2437 ttmr
1329 2368 1394 2437 diu
1419 2366 1564 2441 retinui.
1631 2364 1766 2436 Verum
1793 2363 1877 2458 quia
1905 2361 2047 2433 nullum
2084 2372 2087 2377 '

1049 2467 1220 2539 nuntium
1234 2468 1317 2539 satis
1332 2470 1506 2540 idoneum
1519 2464 1651 2557 habui,
1677 2480 1864 2561 postquam
1880 2477 1916 2534 te
1938 2464 2047 2534 resei-
2078 2482 2102 2537 1

1050 2566 1088 2634 vi
1111 2567 1191 2641 istic
1214 2592 1304 2657 esse,
1336 2572 1448 2642 serius
1469 2572 1553 2641 misi
1574 2594 1682 2667 quam
1700 2568 1859 2642 vellem..
1895 2563 1945 2637 Et
1967 2589 2046 2637 sero

1050 2670 1196 2759 rescivi,
1221 2686 1256 2743 te
1270 2670 1478 2764 Coburgum
1494 2674 1752 2765 commigrasse.
1800 2668 1907 2741 Nunc
1925 2683 1961 2740 te
1979 2663 2049 2740 hoc

1050 2784 1156 2869 rogo,
1185 2776 1237 2845 mi
1246 2770 1434 2869 Philippa,
1466 2790 1508 2848 ut
1530 2777 1569 2846 in
1587 2775 1757 2847 docendis
1770 2770 1797 2868 ¹)
1823 2771 1944 2865 pueris
1967 2794 2046 2841 eam
2156 2832 2165 2845 ,.

940 2884 966 2905 “·
1049 2875 1158 2945 fidem
1183 2893 1361 2969 praestes,
1410 2894 1517 2973 qnam
1546 2880 1670 2950 abste
1700 2876 1834 2970 requiri
1864 2872 2046 2962 intelligis.

1049 2974 1161 3050 Vides
1170 2986 1188 3063 ,'
1214 2982 1332 3075 qualia
1349 2981 1422 3050 sint
1434 2978 1465 3076 ²)
1486 2993 1665 3073 tempora,
1699 3002 1805 3073 qnam
1828 2974 2047 3060 turbulenta,

1049 3081 1215 3175 nepullis
1230 3082 1340 3153 latere
1353 3083 1491 3153 felicius
1499 3079 1530 3176 ³)
1553 3081 1775 3162 conceditur,
1807 3100 1914 3172 quam
1928 3077 1983 3148 tui
1998 3077 2048 3146 si·

1049 3180 1214 3268 milibus,
1253 3184 1316 3278 qui
1345 3209 1476 3277 pueros
1503 3187 1632 3257 docent
1644 3180 1687 3278 ⁴).
1743 3179 1896 3253 ¹Utinam
1917 3201 1982 3270 ego
2005 3179 2046 3248 in

1048 3281 1159 3354 simili
1171 3307 1283 3355 essem
1298 3287 1383 3357 ludo
1398 3282 1427 3384 ⁸)
1443 3287 1568 3380 procul
1583 3310 1604 3357 a
1617 3283 1909 3357 contentionibus
1921 3275 1953 3378 ⁸)
1967 3284 2047 3355 τῶν

1047 3379 1312 3488 ματαιολόγων
1332 3403 1502 3462 remotus.
1558 3386 1628 3458 Hic
1650 3388 1767 3473 enim,
1800 3385 2002 3479 etquidem
2024 3408 2045 3453 a

1049 3490 1180 3560 nostris
1209 3491 1333 3561 amicis
1359 3490 1606 3580 indignissime
1632 3504 1775 3563 tractor.
1839 3485 1923 3558 Non
1944 3487 2045 3575 libet,

1049 3614 1090 3663 ea
1105 3590 1150 3663 de
1163 3618 1202 3663 re
1217 3594 1382 3668 scribere.
1412 3594 1415 3599 ’
1432 3592 1530 3664 Haec
1546 3590 1723 3688 tantum⁷)
1741 3591 1823 3662 ideo
1835 3589 1978 3683 scripsi,
2003 3602 2045 3661 nt

1048 3693 1216 3787 aequiore
1232 3696 1353 3766 animo
1378 3709 1477 3767 tuam
1498 3696 1680 3768 fortunam
1703 3696 1814 3765 serres
1835 3705 1870 3763 et
1891 3692 2045 3763 delecta·

1048 3797 1137 3867 reris
1157 3792 1224 3868 hac
1239 3811 1303 3869 tua
1328 3799 1544 3869 conditione.
1595 3792 1694 3894 Περὶ
1708 3789 1895 3879 amttam
1910 3818 2041 3889 quaeso

1047 3922 1093 3969 ne
1106 3900 1235 3991 litiges.
1285 3896 1388 3972 Nihil
1401 3903 1497 3972 enim
1513 3914 1665 3993 prosunt
1678 3900 1764 3971 istae
1780 3899 1897 3984 rixae,
1918 3911 1954 3968 et
1968 3921 2044 3968 non

1048 4014 1101 4071 est
1113 4002 1205 4071 -lsuni
1219 4002 1308 4087 viri,
1341 4016 1473 4073 temere
1496 4028 1516 4073 a
1537 4015 1698 4072 veterum
1719 4003 1933 4094 scriptorum
1960 4022 2044 4069 sen·

1046 4098 1156 4175 tentia
1165 4099 1196 4200 ⁸)
1208 4105 1399 4179 discedere.
1449 4102 1534 4175 Dixi
1548 4118 1666 4175 autem
1687 4104 1774 4175 alias
1798 4102 1883 4187 tibi,
1916 4125 2044 4194 perre-

1047 4218 1155 4275 terem
1172 4202 1263 4275 mihi
1275 4206 1393 4276 videri
1407 4208 1617 4277 sententiam
1633 4230 1705 4277 esse
1720 4208 1765 4276 de
1778 4203 1914 4300 synaxi,
1935 4226 2042 4296 quam

1045 4301 1215 4378 hactenns
1246 4309 1354 4379 secuti
1385 4333 1517 4381 sumus.
1568 4307 1740 4383 Rescribe
1770 4330 1883 4399 saepe.
1941 4303 2043 4378 Vale.

89 4428 117 4475 r.
176 4404 266 4477 Sum
287 4409 451 4499 alligatus
474 4405 534 4480 hic
557 4408 763 4505 aPrineipe
785 4415 844 4485 cni
866 4418 993 4504 servio,
1044 4406 1112 4478 Die
1129 4410 1355 4487 domin-sest·
1367 4410 1408 4487 S·
1422 4405 1627 4508 Marlissl⁹)·

89 4504 187 4577 illius
202 4509 385 4583 volontate
401 4534 464 4602 ego
488 4514 594 4583 domo
620 4514 719 4585 abire
742 4540 817 4589 non
838 4542 993 4611 possum,

89 4604 257 4695 tschola,
288 4615 496 4703 praesertim
517 4628 590 4684 tam
611 4614 693 4703 diu,
726 4618 858 4694 abesse.
912 4618 990 4713 Ego

89 4710 197 4780 rabac
221 4713 368 4783 fratrem
392 4730 550 4785 vestrum
573 4716 731 4811 aliquam
752 4720 858 4795 aliam
879 4725 992 4815 magis

89 4813 296 4884 ›endiariam
309 4816 405 4885 viam
418 4817 649 4889 inventurum
662 4842 747 4907 esse,
767 4846 875 4917 quam
887 4821 991 4913 hanc,

89 4918 260 5005 anegotii
284 4917 506 4992 conficiendi.
561 4914 619 4990 Ad
645 4915 738 5017 hanc
761 4924 900 5019 siquid
926 4924 990 4998 a‘d-

89 5018 232 5087 consilii
259 5033 435 5111 superest,
463 5044 539 5092 non
561 5018 657 5117 nihil
678 5030 989 5125 restattemporis.

89 5117 325 5209 §significavi
341 5136 516 5218 quantum
532 5123 597 5207 sit,
631 5140 691 5212 ut,
714 5126 745 5198 si
760 5130 848 5202 'velit
869 5144 990 5202 tamen

89 5240 190 5308 rrerc,
210 5224 294 5295 satis
306 5224 513 5317 tempestive
524 5228 656 5322 possit*
679 5226 844 5305 Christus
859 5234 990 5327 guber·

89 5336 214 5375 ...a-

89 5408 231 5471 ludim
241 5430 299 5469 uon
312 5413 412 5489 buitur
421 5414 453 5473 in
463 5424 571 5490 antoff.

1079 4744 1107 4812 1)
1126 4743 1300 4799 nocendo
1312 4762 1369 4798 non
1383 4741 1483 4799 habent
1496 4762 1520 4799 c.
1536 4744 1569 4798 B.
1583 4751 1609 4796 et
1621 4761 1645 4797 c.
1658 4740 1704 4799 28.

1075 4828 1108 4892 2)
1122 4827 1188 4883 cod.
1200 4826 1295 4881 Melan.
1311 4836 1387 4880 sunt.

1076 4915 1107 4985 8)
1125 4916 1188 4971 cod.
1201 4915 1268 4970 Bav.
1281 4915 1432 4982 speluncis.

1075 5003 1105 5072 4)
1122 5020 1149 5058 e.
1162 5001 1194 5055 B.
1205 5003 1322 5055 dmm.

1076 5087 1107 5154 5)
1126 5106 1152 5143 c.
1164 5086 1209 5141 28.
1222 5088 1299 5142 nido.

1076 5172 1106 5235 6)
1124 5190 1150 5228 e.
1159 5168 1204 5227 Β.
1216 5170 1405 5237 mamam.

1075 5255 1105 5327 7)
1121 5274 1146 5313 c.
1160 5254 1376 5325 Matutam.

1076 5342 1106 5407 8)
1121 5360 1149 5401 o·
1162 5341 1195 5398 B.
1207 5343 1360 5399 sementem.

1020 5468 1028 5477 .
1075 5424 1107 5481 Φ
1121 5426 1207 5484 Auno
1218 5427 1297 5483 1⁶26.
1311 5426 1369 5483 diet
1382 5425 1498 5485 nonin.
1511 5428 1556 5483 tt.
1568 5428 1708 5502 p.'‘l'rinit.
1718 5430 1772 5488 ruta
1782 5428 1868 5493 alles.
1878 5432 2000 5491 Martini.
