4500 5782
58 211 134 286 sss
649 212 1086 294 netsronanun
1137 220 1243 294 nin.
1279 219 1324 291 11.
1380 218 1514 295 1521.
2024 151 2100 321 aaa

57 387 292 481 prudentiam
308 388 424 460 voluit
442 381 633 480 Apostolos
650 389 782 459 imitari
793 385 966 474 Christus,
985 416 1055 485 quo
1079 384 1085 439 ¹
1109 392 1178 478 tia,
1215 394 1345 488 quibus
1367 387 1575 465 Lutlzerum
1605 396 1775 487 proscidit
1807 398 2097 472 mendacissimus

59 490 220 582 exemplo
243 491 398 561 libenter
416 491 546 582 patiar,
572 487 704 562 hunca
728 506 762 561 te
781 505 976 583 serpentem
991 518 1056 561 vo·
1108 496 1266 565 omnium
1284 499 1489 566 mortalium
1520 493 1651 569 hircus.
1708 498 1869 585 Caetera,
1896 502 1978 592 quia
1996 515 2030 571 et
2046 503 2135 597 le-¹

58 592 145 666 cari.
202 595 306 662 cuius
337 618 401 663 vos
429 594 617 684 prudentia
643 589 811 662 hactenus
836 607 908 662 tarn
930 590 1061 663 misere
1106 596 1206 666 viora
1231 612 1265 667 et
1282 601 1327 667 ad
1355 623 1513 669 caussam
1535 624 1609 669 ιιοιι
1626 600 1674 669 ita
1688 604 1841 669 multum
1862 605 1975 671 facere
1994 604 2096 673 ricle-

56 694 214 776 eruciat,
240 719 321 762 cnm
343 690 436 764 nihil
464 719 537 764 non
559 710 676 779 caute,
709 691 801 764 nihil
822 719 896 763 non
914 698 1055 786 sapien·
1105 699 1253 782 bantur,
1288 714 1328 769 ut
1347 703 1492 771 auribus
1516 702 1640 771 vestris
1661 726 1901 791 parceremus,
1932 706 2093 776 consulto
2202 728 2207 735 ⁴

59 808 114 866 ter
135 795 223 866 facit
243 821 282 865 ac
303 796 407 881 dicit,
439 810 543 890 atque
564 799 611 866 ita
629 798 774 867 dimicat
796 799 978 866 vobiscum
1000 794 1054 892 ἣ,
1104 801 1391 890 praeterivimus,
1422 804 1575 872 maxime
1598 828 1678 871 cum
1706 803 1753 871 ita
1776 804 1872 873 vivat
1892 799 2094 892 Lecturus,

58 912 101 969 nt
115 898 258 968 obiecto
274 922 337 968 suo
355 923 515 989 corpore,
542 899 580 966 id
596 901 690 992 quod
711 923 853 990 serpens
870 900 971 982 solet,
995 923 1054 968 ca·
1104 915 1143 970 ut
1159 926 1237 970 eum
1253 904 1431 994 poenitere
1445 905 1499 973 sui
1512 907 1672 974 nondum
1690 906 1826 977 debeat.

58 999 163 1093 pitis,
188 995 258 1069 hoc
274 1014 343 1083 est,
368 995 591 1069 Christianae
612 1001 793 1071 doctrinae
814 1001 964 1089 gloriam
990 1002 1053 1068 ad-

58 1114 165 1173 serat.
233 1099 342 1189 Quod
370 1126 454 1173 vero
487 1115 520 1170 et
541 1100 761 1172 Hussiticum
803 1103 923 1185 addis,
959 1103 1052 1169 invi·
1297 1131 1364 1202 DE
1390 1133 1577 1206 CAUSSA
1604 1130 1902 1208 poqqqqflffl¹

59 1204 160 1274 diose
186 1203 349 1296 quidem,
383 1207 445 1272 scd
469 1205 555 1274 citra
579 1205 839 1276 contumeliam.
906 1202 1051 1291 Quanto

59 1305 192 1377 rectius
209 1306 305 1375 enim
321 1308 365 1374 de
383 1306 513 1397 pietate
534 1306 642 1374 sensit
663 1307 720 1375 vir
742 1306 820 1390 ille,
844 1329 951 1399 quam
969 1306 1052 1375 uni·
1204 1301 1307 1373 Nunc
1331 1305 1433 1373 renio
1455 1308 1500 1374 ad
1522 1330 1597 1374 eam
1620 1307 1768 1374 actionis
1784 1320 1936 1396 partem,
1962 1311 2006 1378 de
2022 1325 2092 1403 cpia

60 1430 160 1477 versa
190 1402 481 1477 scholasticorum
508 1408 639 1479 factio?
699 1406 740 1475 ln
767 1430 903 1476 summa
926 1431 1053 1499 parum
1104 1405 1332 1474 certissimam
1367 1407 1551 1476 victoriam
1584 1408 1653 1476 sibi
1694 1410 1907 1497 promittunt
1943 1411 2092 1498 inimici,

60 1510 268 1600 religiosum
284 1523 397 1600 putas,
413 1505 521 1593 hirce,
544 1523 651 1578 atam
669 1509 835 1599 gravibus
850 1509 1052 1579 auctoribus
1104 1531 1230 1598 nempe
1253 1510 1298 1576 ad
1323 1532 1478 1577 caussam
1506 1509 1741 1598 pontificiam,
1773 1511 1838 1580 uhi
1866 1514 2092 1601 cognoscetis,

62 1610 260 1683 dissentire.
307 1608 404 1700 Ergo
430 1625 463 1679 et
492 1612 649 1699 extingui
677 1611 731 1679 vis
759 1610 905 1702 spiritus
929 1622 1052 1679 contra
1102 1606 1303 1699 Principes,
1343 1604 1439 1678 haud
1472 1612 1579 1700 paulo
1610 1610 1756 1694 certius,
1796 1637 1902 1704 quam
1932 1637 2092 1702 magnae,

62 1710 226 1806 Apostoli
256 1714 456 1797 oraculum,
498 1712 527 1779 si
563 1709 654 1780 nihil
689 1735 808 1782 censes
844 1702 1053 1795 docendum,
1102 1735 1208 1803 quam
1224 1711 1303 1801 piae
1318 1713 1473 1780 rationes
1488 1703 1906 1802 impulerintLutherum
1922 1717 1967 1783 ad
1981 1717 2092 1785 susci-

62 1840 169 1909 quam
191 1815 290 1907 quod
314 1815 359 1882 ab
378 1814 449 1881 illis
470 1815 656 1904 posteritas
680 1814 822 1904 accepit.
886 1811 961 1882 Cur
981 1813 1052 1881 illis
1103 1812 1273 1901 piendum
1299 1808 1366 1880 hoc
1387 1808 1630 1881 Christianum
1650 1814 1805 1899 bellum,
1836 1829 1876 1885 nt
1897 1817 2018 1901 vobis,
2050 1831 2091 1887 ut
2212 1804 2219 1819 ’

62 1917 145 2009 ipsis
170 1940 247 1984 non
269 1915 524 2006 praecipiebas,
556 1917 708 2008 nequid
732 1929 929 2005 practerea,
962 1938 1051 2006 quae
1103 1913 1182 1981 orbi
1198 1927 1370 1983 terrarum
1386 1912 1838 2005 Pontifices-imposuerint,
1860 1932 1901 1987 ut
1922 1919 1995 1986 suis
2017 1932 2090 1988 tra-

63 2020 104 2089 ab
122 2014 330 2108 Apostolis,
363 2017 635 2101 asacrosanctis
658 2018 818 2107 patribus
838 2029 1053 2107 acceperant,
1102 2015 1298 2083 ditionibus
1322 2040 1361 2084 ac
1387 2016 1538 2104 legibus,
1563 2039 1625 2084 sua
1651 2019 1838 2109 tyrannide
1860 2013 2092 2104 Christianis-

63 2113 414 2190 conscriberentur
430 2118 593 2210 iniquum
609 2118 842 2201 eratalienae
858 2118 1051 2187 industriae
1102 2141 1200 2184 mum
1224 2116 1449 2200 extinxerint5
1484 2118 1639 2186 breviter
1660 2121 1890 2207 cognoscetis,
1921 2122 2019 2213 quod
2046 2123 2091 2192 sit

63 2223 209 2291 modum
227 2219 478 2312 praescribere.
529 2217 603 2288 Cur
625 2220 732 2308 igitur
756 2220 794 2287 in
810 2211 978 2287 Luthero
998 2219 1052 2286 vis
1103 2219 1193 2285 illud
1218 2219 1457 2286 abominabile
1483 2214 1695 2288 Antichristi
1722 2242 1891 2308 regnum,
1942 2223 2089 2314 dequo

64 2346 215 2417 aequum
240 2345 331 2404 esse,
363 2323 460 2413 quod
484 2320 522 2387 in
543 2321 623 2388 aliis
650 2322 813 2414 iniquum
841 2318 1053 2389 videbatur?
1102 2333 1173 2387 tam
1198 2321 1310 2387 multa
1335 2320 1424 2387 sacri
1447 2334 1544 2389 vates
1569 2334 1602 2389 et
1627 2322 1702 2411 ipse
1722 2317 1884 2391 Christus
1908 2324 2088 2393 vaticinati

63 2422 262 2507 lllalebam,
293 2423 431 2515 inquis,
465 2414 656 2490 lutherus
676 2418 937 2516 Pythagoreum
963 2421 1054 2510 egis-
1102 2434 1196 2491 sunt.
1248 2418 1387 2507 Quaeso
1411 2436 1545 2504 autem,
1565 2421 1604 2489 in
1620 2445 1739 2490 caussa
1764 2423 1821 2514 pia
1849 2426 2006 2517 adeoque
2027 2450 2114 2519 reg

64 2541 120 2601 set.
171 2521 314 2614 Egisset
331 2524 391 2592 ille
411 2523 573 2616 quidem,
598 2525 629 2591 si
646 2519 791 2593 scholici
815 2524 872 2593 isti
885 2537 945 2592 aut
959 2518 1051 2590 nihil
1102 2535 1190 2605 stra,
1216 2545 1255 2590 ea
1272 2546 1330 2590 me
1344 2522 1511 2593 facilitate
1529 2523 1697 2606 audiatis,
1722 2548 1827 2616 quam
1844 2520 2013 2595 hactenus
2030 2550 2090 2596 ex-

64 2642 119 2699 aut
146 2628 291 2697 saniora
325 2626 538 2697 docuissent.
601 2639 636 2694 et
664 2626 708 2692 iis
733 2626 875 2718 quidem
919 2639 1051 2718 quanto
1102 2637 1222 2713 pertus
1244 2646 1333 2695 sum.
1391 2620 1444 2693 Ac
1467 2624 1623 2715 primum
1643 2626 1785 2717 quidem
1807 2629 1945 2716 peccari
1967 2622 2087 2698 aLu-

65 2730 183 2801 utilius
197 2729 324 2812 fuerat,
337 2722 608 2820 Pythagoricam
623 2721 830 2818 ἐχεμυθίαν
845 2727 1052 2817 imperatam
1101 2717 1204 2793 thero
1220 2740 1336 2795 censet
1349 2719 1486 2809 hircus,
1512 2729 1606 2818 quod
1627 2741 1747 2795 contra
1761 2729 1835 2812 tas,
1856 2744 1976 2799 contra
1998 2731 2090 2820 leges

66 2825 271 2901 hominibus
288 2831 374 2899 adeo
393 2829 529 2919 inepte,
555 2830 642 2897 adeo
662 2829 810 2917 frigide,
834 2831 921 2897 adeo
944 2827 1051 2918 impie
1102 2828 1221 2895 sedem
1249 2823 1489 2910 Pontificiam,
1534 2851 1642 2917 penes
1679 2852 1786 2919 quam
1824 2829 1919 2900 iuxta
1955 2827 2090 2902 Christi

66 2932 231 3024 zemulis!
266 2928 379 3000 Porro
397 2954 470 2998 non
486 2929 565 2999 vult
579 2925 784 3020 Apostolus,
806 2929 964 3019 extingui
979 2929 1052 3018 spi-
1101 2928 1312 2997 sententiam
1343 2930 1421 2997 vult
1449 2953 1568 2997 rerum
1599 2925 1884 3001 Christianarum
1915 2956 2090 3001 summam

67 3035 168 3119 ritus,
192 3035 256 3103 sed
277 3032 433 3123 probari.
486 3029 584 3099 Idem
602 3056 698 3101 nunc
718 3055 799 3121 ego,
824 3030 852 3099 si
869 3030 967 3100 nulla
982 3030 1050 3098 alia
1101 3054 1194 3113 esse,
1220 3030 1376 3120 impetat.
1428 3028 1499 3098 Sed
1521 3043 1694 3122 quatenus
1721 3030 1821 3099 liceat
1846 3033 2089 3122 magistratum

67 3159 117 3221 re,
140 3149 237 3206 oerte
249 3132 421 3204 Paulinae
442 3133 538 3202 vocis
557 3134 700 3202 oraculo
717 3132 854 3201 avobis
869 3130 1052 3222 impetrari
1103 3157 1122 3199 a
1143 3130 1285 3199 subdito
1311 3130 1460 3219 corripi,
1485 3145 1604 3220 postea
1624 3155 1814 3221 exponam,
1837 3132 1903 3200 uhi
1923 3136 2089 3221 docuero,

68 3261 160 3329 posse
182 3236 346 3319 conlido,
369 3251 411 3305 ut
433 3234 580 3304 istorum
603 3235 887 3307 doctorculorum
913 3248 945 3303 et
966 3224 1052 3299 Lu·
1101 3232 1217 3325 qualis
1238 3227 1294 3299 hic
1317 3233 1362 3299 sit
1384 3232 1626 3318 magistratus,
1662 3233 1765 3324 quale
1793 3257 1961 3323 regnum,
1991 3238 2090 3330 quod

67 3331 158 3411 deri
173 3339 323 3432 spiritus
342 3338 551 3406 discernatis
573 3336 824 3428 iudicetisque,
857 3359 930 3404 non
955 3335 1050 3403 iuxta
1102 3335 1151 3402 sic
1172 3333 1384 3424 pertimescit
1404 3347 1455 3402 tot
1475 3334 1612 3402 saecula
1634 3332 1948 3428 inloelixEuropa.
1997 3336 2090 3409 Nam

68 3456 247 3513 anctorum
268 3439 414 3508 nomina
434 3438 618 3521 titulosve‚
645 3440 705 3506 sed
722 3439 817 3506 iuxta
834 3433 1052 3506 Christianus
1101 3428 1268 3503 Luthero
1289 3434 1432 3504 interim
1453 3436 1606 3504 arbitror
1627 3435 1752 3519 licere,
1777 3433 2012 3527 Evangelium
2033 3440 2090 3509 vel

68 3543 191 3629 literas.
250 3537 351 3611 Nihil
373 3541 466 3609 obsit
487 3531 674 3622 Lashom,
700 3541 795 3632 quod
818 3552 934 3608 tantae
957 3538 1052 3607 mul·
1101 3537 1374 3607 reclamantibus
1392 3560 1465 3603 non
1481 3539 1587 3605 modo
1607 3536 1681 3605 istis
1699 3537 1830 3607 fictitiis
1847 3537 2090 3625 Pontificibus,

69 3644 210 3717 titudini
232 3645 329 3711 solus
349 3644 573 3724 adversatur,
611 3636 704 3709 nihil
731 3643 826 3734 quod
854 3639 1048 3710 contentio·
1102 3641 1163 3709 secl
1194 3639 1300 3708 etiam
1334 3639 1567 3707 daemonibus
1605 3639 1798 3730 predicare.
1873 3639 2089 3712 Docebimns

68 3769 155 3833 tom,
185 3747 285 3837 quod
309 3745 570 3834 impudentem,
598 3744 694 3835 quod
721 3744 928 3833 superbum,
955 3742 1051 3834 quod
1101 3755 1238 3824 autem,
1264 3740 1410 3831 idquod
1428 3740 1466 3806 in
1490 3736 1610 3807 haere
1634 3741 1855 3829 potissimum
1880 3756 1946 3827 est,
1972 3745 2089 3834 primo

13 3852 18 3869 ¹
67 3850 229 3932 cutum,
267 3847 363 3938 quod
392 3859 589 3936 serpentem
623 3858 657 3912 ct
687 3844 774 3935 quid
799 3869 873 3913 non
908 3844 964 3912 isti
987 3843 1052 3911 ad·
1103 3845 1199 3926 loco,
1238 3865 1312 3910 non
1342 3865 1415 3908 esse
1436 3841 1562 3908 debere
1584 3864 1693 3930 penes
1711 3839 1916 3911 Romarmm
1940 3842 2089 3914 Pontili-

67 3952 216 4040 pellant‚
248 3971 376 4037 nempe
408 3971 481 4016 non
506 3959 577 4015 tam
598 3937 778 4028 Lulheri,
810 3970 917 4038 quam
941 3944 1052 4034 ipsius
1103 3968 1176 4014 cem
1199 3966 1318 4012 rerum
1338 3937 1620 4012 Christianarum
1640 3965 1831 4028 summam,
1856 3946 1985 4013 deinde
2009 3946 2090 4015 ohi-

66 4048 295 4141 livangelicae
315 4048 472 4117 veritatis
500 4047 644 4115 inimici.
696 4046 843 4131 Vincat,
870 4046 897 4115 si
920 4069 961 4113 ex
984 4047 1050 4113 deo
1102 4060 1155 4114 ter
1175 4044 1288 4134 capita
1309 4044 1485 4111 malorum
1501 4043 1778 4128 recensebimus,
1806 4070 1895 4136 quae
1911 4042 2017 4115 liuius
2032 4060 2090 4140 ty-

66 4155 134 4225 eius
148 4153 298 4244 spiritus
315 4164 387 4233 est,
412 4150 442 4218 si
461 4174 541 4218 cum
552 4144 686 4218 Christi
703 4149 814 4219 literis
827 4147 1051 4217 consentiunt
1100 4145 1245 4215 rannidi
1274 4146 1459 4223 debemus,
1496 4167 1536 4211 ex
1566 4144 1695 4235 quibus
1723 4146 1888 4234 colligere
1918 4149 2090 4236 poteritis,
2149 4174 2155 4181 ·

65 4256 134 4327 eius
155 4256 349 4341 dogmata,
379 4275 482 4341 quem
512 4274 624 4319 unum
644 4251 844 4340 profitetur.
903 4262 943 4317 ut
971 4272 1049 4317 cum
1102 4271 1209 4340 quam
1224 4242 1316 4313 nihil
1331 4240 1465 4314 Christi
1480 4245 1654 4327 reserant,
1680 4247 1741 4336 qui
1763 4270 1798 4313 se
1820 4247 2090 4319 illius'vicarios

65 4353 271 4437 Aristotele,
297 4377 377 4420 cum
398 4347 639 4432 Tlromastris,
671 4376 749 4418 cum
773 4349 906 4417 insanis
926 4347 1052 4417 Ponti·
1101 4349 1263 4436 religiose
1291 4346 1470 4414 nominari
1496 4347 1728 4437 praecipiunt.
1787 4344 1835 4415 Et
1863 4349 1945 4440 quia
1968 4352 2012 4420 de
2032 4351 2090 4421 di-

63 4456 165 4529 icum
197 4452 513 4524 constitutionibus
541 4453 770 4533 conveniant,
807 4474 882 4520 non
904 4451 1051 4520 laborat.
1102 4449 1283 4531 vinoiure
1306 4447 1496 4541 disputatio
1520 4460 1588 4529 est,
1612 4447 1715 4516 mitto
1737 4442 1922 4518 hominum
1946 4442 2090 4522 s'enten—

63 4555 271 4630 lndicabitis
294 4568 410 4623 autem
432 4578 472 4622 eo
500 4554 643 4634 fortius,
675 4555 770 4646 quod
800 4576 873 4621 non
891 4543 1056 4619 Lutheri
1102 4552 1169 4619 tias
1207 4564 1269 4619 urit
1299 4561 1513 4633 commenta,
1547 4550 1651 4617 mitto
1681 4550 1779 4639 vulgi
1808 4551 2013 4641 opinionem
2044 4556 2089 4621 de

60 4659 246 4752 privatim,
279 4657 342 4725 sed
366 4669 498 4738 vestra,
539 4656 598 4722 sed
620 4651 815 4725 Christiani
843 4654 967 4745 populi
996 4675 1052 4721 res
1102 4650 1368 4722 consuetudine.
1431 4648 1556 4742 Neque
1587 4648 1683 4719 enim
1710 4652 1754 4720 de
1780 4675 1822 4722 eo
1853 4656 2089 4739 contenditur,

61 4774 206 4854 agatur,
244 4758 365 4850 siqua
388 4756 549 4848 publicae
572 4757 694 4825 salutis
716 4779 795 4839 vos,
829 4769 869 4824 ut
891 4758 994 4823 debet
1018 4767 1052 4822 et
1102 4754 1198 4847 qnod
1222 4752 1277 4835 lit,
1308 4753 1369 4820 sed
1393 4754 1490 4847 quod
1511 4750 1588 4821 lieri
1608 4752 1770 4825 debebat.
1834 4750 1927 4823 luris
1945 4769 2089 4825 contro·

58 4864 241 4956 principes
266 4872 301 4928 et
321 4855 559 4941 Christianos,
585 4882 668 4927 cura
688 4857 812 4945 tangit.
871 4855 1052 4926 Hactenus
1102 4854 1214 4924 versia
1239 4866 1305 4936 est,
1339 4874 1413 4922 non
1437 4847 1998 4953 humatimmdrel'upinionum,
2031 4856 2087 4925 rel

60 4980 185 5037 cunm
211 4956 455 5031 scholasticam
486 4960 683 5028 doctrinam
723 4972 757 5027 et
789 4953 1052 5049 philosophiam
1103 4955 1410 5052 consuetudinum.
1445 4950 1532 5016 tv
1554 4991 1558 5014 ’-
1579 4989 1607 5012 ·
1640 4993 1641 5002 ι
1672 5039 1677 5054 ,
1715 4948 1899 5051 “quites
1913 4958 2090 5025 veteribus
2123 5030 2145 5049 ⁶

61 5068 146 5140 tatis
157 5064 275 5136 multa
291 5062 384 5147 dixi,
406 5064 579 5154 quaedam
598 5062 713 5130 obiter
733 5060 907 5151 attingens
928 5059 1052 5129 convi—
1103 5058 1317 5149 optimorum
1338 5081 1377 5125 ac
1403 5054 1553 5147 sapien'
1589 5052 1615 5112 ἰ
1637 5083 1640 5100 ³
1663 5057 1694 5102 ⁵3²
1729 5054 1767 5130 ἶ,
1824 5056 1952 5123 tentias
1972 5069 2011 5125 et
2033 5080 2091 5127 res

1104 5174 1215 5248 gestas
1234 5156 1421 5247 diligenter
1439 5156 1584 5229 consid
1616 5165 1628 5212 4
1793 5231 1794 5234 ,
1846 5154 1940 5247 ¹nius
1956 5158 2091 5251 intelli-

1038 5270 1043 5287 ’
1104 5275 1162 5350 get
1179 5259 1488 5373 luissepquondam
1506 5282 1528 5327 ιι
1793 5254 1870 5362 2⁸²⁵·
1902 5252 1969 5363 hoc
1984 5246 2093 5353 Papi-

109 5396 158 5463 ιι)
173 5390 336 5460 vomam]
356 5388 423 5446 mc
439 5407 519 5462 oppa
540 5386 692 5443 noriam.
1105 5362 1333 5532 ⁸¹³⁰{ls‘i¹¹⁰e
1356 5360 1414 5429 vel
1426 5369 1468 5428 ut
1484 5358 1565 5451 inti·
1611 5379 1612 5382 ‘
1803 5365 1818 5444 Ϊ
1891 5395 1896 5418 ⁴
1913 5360 2093 5453 primatu.
