4500 5782
106 251 206 307 exvtt
532 231 563 327 5.
587 232 622 306 8.
663 226 852 305 RATIO
887 210 1408 301 flums'ssmrlottls
1442 219 1557 295 EPP.
1589 220 1721 297 MEL.
2019 219 2142 292 cuerit

125 407 215 504 106)
240 397 761 497 Autographa'Zostngensio.
819 401 961 492 Septem
993 395 1101 469 habet
1153 384 1275 466 eodem
1300 398 1359 468 die
1383 409 1418 466 et
1441 398 1485 465 de
1500 396 1621 464 eadem
1644 418 1683 465 re
1701 395 1755 464 bis
1771 392 1919 485 scripsit,
1945 404 1988 478 et,
2012 406 2053 463 ut
2070 398 2141 462 una
2212 366 2216 383 ¹

97 538 102 549 ·
151 509 306 582 Senatus
335 507 447 598 ampl.
469 508 570 577 urbis
591 499 770 599 Zofingen
794 504 832 572 in
851 501 1013 572 Helvetia
1037 526 1100 571 au·
1152 512 1245 569 certe
1259 501 1474 579 traderetur,
1498 498 1602 566 binas
1617 497 1780 589 epistolas
1794 518 1858 587 per
1874 495 2031 564 diversos
2047 502 2141 565 mui-

153 604 584 702 tographaMelauthonis
601 610 640 676 in
655 601 868 676 bibliotheca
883 604 994 688 urbis,
1012 594 1101 697 quae
1153 601 1225 671 cios
1240 600 1354 687 misit,
1380 625 1472 694 quae
1492 600 1608 692 itaque
1631 598 1700 667 sibi
1721 598 1864 691 quidem
1887 596 2086 666 simillimae
2109 611 2144 667 et

152 711 242 783 mihi
261 710 437 781 benevole
459 710 644 802 descripsit
661 706 714 778 Pl.
730 706 821 780 Rev.
839 702 896 779 Io.
913 702 993 779 Iac.
1009 699 1102 774 Fri-
1153 717 1269 774 tamen
1294 702 1453 773 diversae
1473 713 1573 785 suut;
1600 702 1697 795 quod
1713 698 1934 791 potissimum
1953 712 2028 768 tum
2051 700 2145 784 iecit,

153 811 305 895 karta,
341 811 469 882 Pastor
501 811 656 902 Zoling.‚
693 834 807 880 unum
839 811 885 876 ad
915 804 1103 892 Bucerum,
1152 793 1218 876 ubi
1239 805 1442 889 dubitabat,
1471 827 1516 872 an
1541 803 1641 895 prior
1660 801 1813 871 nuncius
1833 800 1969 869 litteras
1994 801 2145 889 fideliter

155 930 311 1012 quatuor
324 909 756 1009 adEutych.Musculum,
778 935 891 982 unum
907 912 951 979 ad
959 909 1103 998 Wolsg.
1153 908 1200 977 sit
1219 909 1417 998 perlaturus
1435 918 1468 975 et
1490 904 1697 975 traditurus.
1754 899 1925 993 Exempla
1948 896 2056 972 habes
2079 903 2146 972 ali-

153 1018 385 1096 llluseulum,
424 1040 540 1086 urium
567 1016 612 1084 ad
634 1010 775 1087 Eobau.
798 1011 972 1096 Hessum,
1013 1034 1102 1105 quae
1155 1032 1224 1102 qua
1258 1008 1297 1077 in
1325 1033 1403 1100 epp.
1431 1006 1518 1075 anui
1551 1002 1647 1076 1546
1681 1017 1715 1074 et
1747 998 1844 1074 1547
1872 1017 2031 1095 tempore
2059 1004 2146 1093 belli

155 1120 308 1212 epistola
337 1131 457 1211 postea
486 1116 637 1187 Psalmis
672 1113 776 1184 Hessi
812 1114 1000 1207 praemissa
1042 1126 1102 1184 est.
1155 1106 1424 1182 Schmalealdici
1439 1108 1587 1199 scriptis.
1638 1105 1758 1195 Quare
1779 1106 1901 1198 utique
1920 1107 2149 1197 vituperandi

156 1221 248 1291 Tres
266 1221 439 1315 epistolae
456 1221 617 1290 nondum
634 1218 749 1288 editae
766 1231 876 1290 eraut.
1156 1227 1238 1283 sunt
1261 1214 1320 1282 isti
1341 1211 1473 1281 morosi
1491 1210 1642 1293 iudices,
1669 1209 1731 1302 qui
1750 1232 1878 1297 magno
1903 1209 2044 1277 crimini
2066 1232 2147 1277 ver-

1157 1328 1277 1385 terunt
1301 1308 1343 1383 de
1374 1308 1518 1384 Wettio
1541 1311 1688 1403 aliisque
1716 1311 1797 1403 qui,
1825 1309 1925 1401 epist.
1943 1306 2090 1380 Luthcri
2114 1325 2148 1381 et
2194 1308 2199 1316 ’

1159 1416 1244 1485 Mel.
1263 1416 1496 1505 collegerunt,
1522 1414 1615 1506 quod
1640 1413 1679 1480 in
1703 1406 1769 1481 hac
1791 1436 1828 1480 re
1853 1411 2039 1505 aliquoties
2058 1413 2149 1504 lapsi

563 1486 595 1580 l·
624 1489 659 1561 ⁸⁶
1158 1518 1239 1587 sint.
1286 1517 1449 1586 Produnt
1467 1515 1543 1599 isti,
1569 1515 1629 1609 qui
1650 1528 1776 1604 putant
1797 1514 1969 1602 eiusmodi
1993 1538 2150 1584 errorem

118 1636 260 1711 tario
293 1660 387 1736 qua
423 1642 633 1706 versutus
663 1656 758 1702 som
797 1630 845 1701 in
884 1628 1106 1728 epistolis
1159 1619 1332 1690 committi
1354 1619 1458 1711 plane
1485 1640 1559 1686 nou
1590 1639 1689 1708 posse
1718 1616 1834 1695 debita
1865 1611 2022 1686 adhibita
2056 1640 2150 1701 cura,

439 1750 553 1825 Meg
585 1746 785 1824 edendis·
1160 1719 1860 1810 sedifficultatesreiuouexpertoscsse.
2125 1806 2128 1813 Ι

668 1876 673 1884 -
1261 1821 1398 1891 Deinde
1408 1844 1630 1911 summopere
1640 1820 1829 1904 elaboravi,
1850 1832 1891 1889 ut
1906 1843 2151 1909 cognoscerem

209 1926 410 2018 Postquam
424 1920 613 1993 consilium
628 1944 787 2011 ceperam
802 1923 1018 1993 edendarum
1035 1922 1110 2015 epi·
1161 1912 1283 1995 omues
1299 1924 1421 2008 libros,
1440 1924 1477 1990 iu
1493 1923 1623 2016 quibus
1635 1921 1780 2014 epistola
1796 1922 1913 2015 aliqua
1930 1923 2001 1991 sive
2015 1925 2153 2014 praela-

123 2033 284 2101 stolarum
317 2020 583 2107 Melantlronis,
613 2024 788 2114 primum,
821 2025 917 2117 quod
948 2025 1111 2107 instruxi,
1161 2029 1213 2097 tio
1244 2025 1330 2099 Mel.
1365 2027 1519 2115 legatur,
1551 2024 1588 2091 in
1621 2048 1692 2117 quo
1721 2024 1842 2093 labore
1876 2025 1920 2111 ab
1945 2019 2153 2107 hominibus

123 2134 178 2203 luit
191 2132 302 2201 index
318 2128 484 2197 omnium
508 2124 655 2194 omniuo
673 2125 870 2195 litterarum
891 2140 924 2195 et
943 2128 1112 2197 consilio-
1161 2129 1276 2201 doctis
1292 2127 1425 2222 ubique
1443 2127 1490 2196 ita
1506 2127 1647 2196 adiutus
1659 2149 1755 2209 sarm,
1779 2139 1820 2195 ut
1838 2125 2007 2195 beneficia
2031 2149 2176 2203 eorume

125 2259 190 2305 rum
222 2230 315 2303 Mel.
340 2222 591 2320 'alphabeticus
627 2228 821 2295 secundum
851 2230 957 2298 verba
987 2231 1113 2321 prima,
1162 2234 1308 2302 laudare
1324 2254 1399 2300 nou
1421 2228 1504 2299 satis
1523 2228 1666 2319 possim.
1718 2224 1832 2297 Utiles
1854 2223 1920 2297 hac
1940 2226 1979 2314 iu
2002 2251 2041 2295 re
2064 2222 2154 2296 milri

127 2336 243 2429 quibus
257 2330 409 2426 quaevis
423 2329 570 2421 epistola
585 2328 729 2420 incipit,
754 2343 795 2400 ut
816 2352 1025 2420 cognoscere
1041 2344 1112 2402 sta·
1162 2336 1308 2405 fuerunt
1345 2332 1480 2402 iudices
1520 2330 1745 2420 epistolarum
1789 2353 1808 2397 a
1845 2323 2156 2408 Ballanstuedtim

127 2440 179 2507 tim
196 2459 359 2529 possem,
383 2456 431 2501 an
453 2431 571 2523 aliqua
592 2431 738 2522 epistola
756 2445 791 2502 ct
806 2432 869 2501 ubi
885 2433 978 2502 edita
992 2434 1054 2519 sit,
1079 2448 1114 2504 et
1165 2428 1439 2515 Olshauseaio,
1479 2427 1634 2500 Damio
1663 2431 1760 2514 iacti,
1804 2430 2017 2523 quibus'uti
2046 2432 2158 2523 potui.

128 2563 251 2609 aream
267 2538 343 2607 iam
364 2534 405 2601 iu
425 2556 504 2602 mea
524 2532 657 2625 sylloge
677 2527 825 2603 habeam
845 2557 910 2604 uec
930 2558 994 2621 ue,
1019 2549 1053 2606 et
1074 2550 1114 2606 ut
1165 2536 1246 2608 Non
1264 2537 1402 2606 minore
1413 2559 1496 2604 cura
1508 2557 1591 2602 vero
1606 2533 1711 2602 etiam
1722 2533 1887 2624 epistolas
1896 2558 2003 2619 mauu
2014 2534 2160 2625 scriptas

123 2643 283 2722 ritatem,
309 2660 358 2704 ne
377 2636 501 2705 eadem
523 2634 672 2729 epistola
693 2629 750 2703 his
775 2636 934 2722 daretur,
960 2640 1057 2731 quod
1076 2638 1113 2705 in
1166 2664 1208 2709 ex
1225 2633 1451 2709 bibliothecis
1467 2648 1501 2706 et
1516 2634 1700 2705 tabulariis
1713 2634 1866 2725 publicis
1883 2640 2069 2726 congerere
2086 2648 2161 2704 stu-

79 2814 81 2827 ,
131 2742 273 2837 epistolis
297 2736 389 2810 Mel.
416 2734 585 2806 facillime
606 2735 681 2804 fieri
707 2759 809 2827 posse
827 2761 883 2807 res
904 2739 978 2831 ipsa
1003 2741 1115 2823 docet,
1167 2742 1241 2825 dui,
1259 2764 1328 2834 qua
1343 2741 1380 2808 in
1395 2764 1434 2809 re
1449 2761 1584 2808 summa
1597 2732 1817 2807 humanitate
1832 2738 1875 2806 ab
1890 2736 1945 2825 iis,
1964 2738 2026 2830 qui
2040 2751 2162 2808 aucto-

131 2844 317 2937 quumfere
333 2861 461 2910 omnes
475 2832 545 2906 hoe
561 2838 668 2906 modo
687 2840 930 2929 peccaverint,
954 2842 1016 2934 qui
1037 2865 1116 2934 epp.
1167 2844 1306 2913 ritatem
1334 2836 1469 2911 habent
1499 2840 1537 2908 in
1559 2837 1741 2928 tabularia,
1757 2839 1916 2930 publica,
1950 2839 2163 2925 utetiama

131 2944 202 3021 ttet.
216 2943 426 3014 ediderunt.
475 2937 547 3010 Sed
561 2963 626 3008 nec
640 2938 689 3008 sie
703 2962 757 3008 res
772 2955 823 3010 est
839 2941 914 3010 siue
931 2944 1031 3012 omni
1046 2944 1118 3013 dii·
1169 2945 1281 3015 doctis
1304 2944 1466 3012 omnium
1487 2941 1645 3011 locorum
1661 2940 1912 3025 somadiutus,
1933 2955 1975 3012 ut
1991 2940 2163 3026 exiu'diee

132 3047 282 3119 leuitate.
352 3043 468 3133 Saepe
499 3039 594 3109 enim
622 3041 736 3111 variat
765 3042 868 3112 lectio
897 3045 1057 3115 coelicum
1078 3046 1119 3114 iu
1170 3048 1273 3121 codd.
1291 3046 1516 3115 manifestum
1536 3057 1597 3115 est.
1636 3042 1805 3112 Precibus
1820 3036 1886 3110 bae
1903 3042 1941 3131 iu
1958 3066 2060 3112 causa
2076 3043 2164 3112 meis

133 3149 202 3240 ipsis
215 3145 348 3241 primis
365 3143 484 3215 verbis
499 3142 745 3233 epistolarum,
771 3167 872 3236 saepe
889 3169 959 3215 una
979 3149 1119 3217 eadem·
1171 3163 1308 3220 tautum
1334 3145 1485 3218 Senatus
1508 3136 1839 3214 Hildeslsemieasis
1859 3168 1932 3213 nou
1955 3145 2100 3233 annuit,
2125 3137 2163 3229 iu

133 3274 188 3342 que
208 3248 366 3342 epistola
381 3244 546 3337 pluribus
562 3245 769 3315 inscribitur
791 3261 825 3316 et
840 3248 877 3315 in
893 3248 997 3318 libris
1015 3250 1119 3319 editis
1172 3251 1271 3320 cuius
1284 3248 1459 3320 tabulario
1478 3258 1528 3315 est
1542 3246 1713 3315 iudicium
1721 3240 1967 3316 Melontlronis
1980 3244 2168 3335 etBugen-

134 3354 206 3423 ein
219 3348 428 3432 oodicibus'3
454 3368 557 3437 saepe
567 3342 571 3353 '
581 3346 697 3415 ιιιιιιιιιΙ
722 3361 757 3417 et
781 3350 874 3434 dies,
898 3375 968 3442 quo
991 3351 1120 3443 scripta
1172 3348 1288 3444 bagii,
1312 3347 1591 3421 aLaueusteinio
1607 3346 1759 3431 editum,
1786 3350 1881 3441 quod
1898 3348 1969 3418 vid.
1986 3334 2021 3418 d.
2035 3350 2070 3422 2.
2081 3342 2167 3441 apr.

134 3453 369 3539 dieitur-:non
386 3461 472 3519 sunt
488 3447 599 3517 iidem
615 3448 654 3517 in
669 3448 773 3519 libris
787 3451 891 3521 editis
906 3465 939 3521 et
955 3476 1030 3521 non
1045 3454 1122 3523 edi·
1176 3451 1285 3524 1549.
1345 3450 1433 3522 ltem
1458 3450 1608 3521 Senatus
1634 3444 1923 3544 Vitebergensis,
1950 3451 2054 3544 'quod
2084 3450 2169 3541 pro-

133 3557 182 3639 tis,
204 3578 314 3647 saepe
335 3552 473 3623 multae
493 3550 660 3641 epistolae
678 3550 804 3620 iisdem
827 3570 973 3643 prorsus
992 3556 1122 3640 verbis,
1172 3558 1264 3625 fecto
1285 3555 1415 3623 mimm
1433 3553 1593 3635 videtur,
1619 3577 1728 3645 quum
1745 3547 1957 3622 Melantlion
1979 3572 2169 3637 ornamen-

133 3660 244 3727 eoderu
259 3656 382 3738 dieto,
407 3654 531 3723 eadem
545 3653 717 3721 sententia
737 3653 934 3745 incipiunt,
953 3658 1049 3747 quod
1065 3656 1123 3726 iu·
1174 3673 1250 3728 tum
1272 3655 1500 3748 praecipuum
1525 3655 1625 3724 urbis
1649 3668 1682 3722 et
1704 3651 1916 3723 Academiae
1941 3652 2171 3744 l’itcbergcn-

79 3806 82 3817 ·
133 3759 247 3848 primis
269 3759 310 3826 in
335 3754 497 3847 epistolis
523 3754 732 3842 germanicis
761 3756 891 3825 iactum
917 3771 985 3843 est;
1022 3782 1123 3851 saepe
1176 3760 1223 3829 sis
1237 3758 1354 3831 luerit.
1405 3753 1597 3848 Postquam
1612 3755 1706 3824 enim
1722 3756 1925 3825 audiveram
1942 3756 1978 3823 in
1994 3755 2171 3826 tabulario

133 3862 277 3955 denique
297 3857 470 3950 epistolae
490 3879 564 3923 non
585 3868 668 3925 sunt
687 3857 864 3946 integrae,
886 3861 944 3928 sed
964 3884 1005 3928 ex
1025 3875 1124 3953 parte
1176 3857 1513 3946 SenatusViteberg.
1531 3880 1602 3927 esse
1616 3858 1789 3950 quaedam
1804 3852 2021 3949 autographa
2030 3856 2173 3933 Melan-

133 3978 261 4033 tantum
278 3961 338 4029 vel
352 3958 469 4028 editae
483 3957 540 4025 vel
552 3956 590 4024 iu
604 3957 785 4029 codicibus
797 3960 1000 4053 descriptae,
1017 3986 1124 4055 quare
1175 3957 1316 4047 thenis,
1348 3960 1465 4030 statim
1489 3960 1612 4051 scripsi
1633 3959 1775 4052 quidem
1796 3960 1838 4029 ad
1853 3958 2026 4030 Senatum
2042 3958 2174 4046 Vitch,

133 4065 293 4135 facillime
310 4060 391 4130 lieri
410 4058 548 4151 potuit,
570 4072 607 4127 ut
632 4060 752 4128 eadem
776 4062 922 4152 epistola
945 4064 1000 4133 bis
1022 4066 1125 4134 dare·
1178 4067 1236 4134 sed
1255 4086 1464 4154 responsum
1483 4085 1667 4155 nunquam
1685 4061 1811 4152 accepi.
2159 4084 2162 4089 ·

133 4178 201 4250 tur,
220 4166 318 4258 quod
339 4187 382 4233 eo
406 4160 588 4230 difficilius
608 4160 810 4245 vitandum,
832 4189 941 4256 quum
963 4167 1126 4256 plurimis
1278 4164 1508 4233 Liberalitate
1537 4177 1653 4232 autem
1683 4184 1836 4247 summa,
1875 4186 2058 4255 nunquam
2090 4164 2174 4233 satis

134 4290 259 4352 annam,
280 4290 356 4359 quo
371 4263 524 4352 scriptae
541 4276 639 4347 sunt,
666 4266 949 4356 nouadscriptus
966 4268 1021 4338 sit.
1056 4264 1127 4338 Ac·
1178 4266 1430 4362 praedicanda,
1456 4289 1525 4359 qua
1550 4265 1588 4333 in
1610 4263 2174 4375 inspiciendiffdescribendisque

135 4370 239 4454 cedit,
278 4367 378 4459 quod
415 4359 629 4435 Melanthea
663 4365 848 4457 aliquoties
886 4368 999 4437 eidem
1039 4371 1127 4454 viro,
1179 4369 1358 4440 codicibus
1387 4365 1658 4459 manuscriptis
1682 4366 1824 4436 adiutus
1852 4388 1948 4450 sum,
1975 4365 2110 4451 evcnit,
2134 4382 2174 4437 ut

1179 4495 1252 4540 uon
1297 4471 1411 4539 solum
1446 4491 1607 4558 magnam
1643 4468 1909 4537 multitudinem
1944 4467 2174 4559 epistolarum

1180 4573 1342 4643 nondum
1358 4571 1549 4657 editarum,
1570 4572 1642 4639 scre
1660 4567 1845 4655 MDCCC,
1868 4570 2086 4656 describere,
2113 4574 2173 4642 sed

201 4720 323 4786 adolete
341 4721 371 4773 ιιι
388 4716 490 4783 fistuli
505 4715 548 4770 ter
562 4715 650 4779 §britte
668 4716 719 4770 uob
732 4713 865 4774 chtenlea
882 4717 986 4782 tuticus
1003 4720 1054 4774 ung
1067 4722 1127 4776 pp„
1181 4688 1216 4744 el
1238 4675 1348 4744 editas
1371 4673 1536 4763 epistolas
1560 4685 1593 4741 et
1616 4671 1762 4742 consilia
1786 4696 1865 4742 cum
1888 4668 2114 4764 autographis
2142 4692 2176 4744 et

201 4790 325 4853 ιιιιιιοιι
339 4800 372 4854 ιιι
385 4786 509 4851 cotum
527 4785 603 4840 sueta
619 4796 653 4839 oo
666 4786 817 4852 scrutano·
829 4789 1131 4855 ttotocrpttttbttttottet
1182 4771 1394 4868 apographis
1414 4776 1487 4869 fide
1506 4774 1623 4865 dignis
1646 4775 1827 4859 conserte,
1854 4788 1887 4844 et
1909 4776 2055 4859 menda,
2078 4800 2177 4849 erro·-

202 4851 1130 4995 ,lfflggffifflffllss‘fffiuagfff‘gfgnssolffl‘lffgaffiffiffiffi
1180 4902 1237 4946 res
1253 4891 1287 4946 et
1302 4878 1531 4962 nudationes,
1557 4877 1687 4970 quibus
1704 4877 1790 4945 libri
1811 4876 2098 4961 editi'laboraut,
2120 4902 2177 4947 re-

202 4996 257 5061 tem
281 4994 339 5060 aaa
353 4992 560 5121 tabemque
573 4990 670 5045 ιιιιιιι
683 4990 881 5056 enatarunt.
924 4993 973 5057 :tu
993 4995 1056 5058 tote
1073 4999 1129 5063 tet:
1181 5004 1322 5050 movere
1348 4994 1382 5049 et
1404 4981 1512 5048 verba
1531 4973 1776 5049 Melanthouis
1800 5002 1880 5048 suae
1906 4978 2100 5067 integritati
2120 5004 2177 5049 re-

201 5059 1129 5215 {9⁰1¹}{22⁸¹ffgffi‘ssffllgffffilgffffffih”sslgffflmlssflzssgP*
1181 5083 1326 5202 stituere
1353 5106 1502 5200 possem.
1554 5078 1631 5150 Hoc
1654 5081 1748 5200 enim
1771 5080 1901 5200 duplex
1925 5079 2114 5150 eonsilium
2136 5082 2176 5151 iu

204 5195 1074 5338 pppaemffiqmqnzpppoppptqen‘ptpppptpppppppp'eaemgptou
1166 5222 1169 5228 ·
1245 5264 1261 5281 ..
1298 5209 1328 5255 rs
1352 5197 1490 5276 scriptas
1510 5179 1754 5252 Melantlroms
1777 5185 1999 5276 altorumque
2018 5206 2175 5255 summo-

205 5338 425 5478 :ltpppmp'n
438 5334 540 5459 Spem
554 5330 619 5386 nihil
632 5341 768 5463 praeterea
780 5337 947 5408 acceperim,
964 5336 1036 5456 haud
1053 5426 1074 5443 .-

1261 5274 1521 5376 *theologorum
1539 5310 1604 5357 sec.
1618 5283 1716 5355 XVl.
1734 5286 1838 5354 nobis
1852 5286 2111 5378 proposuimus,
2137 5300 2178 5356 ιιι

1236 5382 1321 5460 ‘hoc
1348 5386 1505 5479 Corpore
1527 5385 1816 5461 Resounatorum
1844 5384 1904 5485 (ut
1933 5376 2088 5480 socantq
2108 5410 2197 5453 nou

1293 5484 1355 5591 (¹¹)
1382 5484 1401 5524 *
