4500 5782
105 197 183 277 etr
696 182 1129 275 sersrooanoos
1165 182 1283 273 ‘mn
1313 194 1362 274 11.
1424 193 1552 272 asco.
1805 288 1817 311 Ι
2063 205 2145 283 css

110 368 397 456 dem-Martiae,
411 395 512 441 mens
526 386 586 442 tua
600 373 676 443 est?
708 372 784 461 Qui
805 372 968 443 animus?
993 370 1101 461 Quod
1150 395 1229 442 sum
1249 370 1381 441 ducens
1403 393 1446 440 ex
1468 365 1688 443 homunculo
1709 369 1995 447 robustissimum
2021 377 2148 469 gigan·

109 474 321 545 consitium?
356 471 456 561 Quid
474 474 636 543 moliris?
675 472 775 563 Quid
792 474 957 565 pugnas?
1003 474 1102 563 Quid
1150 488 1222 544 tem
1240 472 1336 557 fieri,
1367 496 1443 542 non
1462 494 1699 567 quencunque
1720 497 1764 544 ex
1787 476 1856 560 eis,
1886 480 1949 549 sed
1965 475 2150 573 Typhone

1 593 3 600 '
110 590 256 667 pugnas,
272 575 429 668 inquam,
442 599 517 644 non
532 600 681 661 mecum,
695 601 769 646 non
785 600 867 646 curn
875 572 1102 661 Themistou,
1151 576 1266 667 ipsum
1281 570 1448 645 exhibere
1462 574 1600 646 nititur.
1647 572 1738 644 Nam
1753 580 2150 670 ,quemadmoduudlle't

109 678 172 747 sed
195 676 283 770 quid
306 698 440 768 pugnas
463 677 611 763 tecum?
652 674 727 767 Qui
746 678 885 748 decreta
902 692 937 749 et
951 676 1103 749 Pontifi-
1149 701 1220 770 quo
1244 677 1370 745 fratres
1390 702 1411 744 a
1433 673 1516 745 love
1531 676 1738 747 fulminatos
1757 679 2151 775 ulcisceretur,·.ipeun

109 780 182 849 cias
197 779 292 867 leges
305 781 406 869 prius
420 779 590 848 laudabas
609 791 643 848 et
662 779 906 859 venerabaris,
930 782 1038 849 modo
1057 781 1104 848 il·-
1149 801 1340 871 provocare
1360 775 1480 847 Iovem
1495 800 1600 847 ausus
1616 792 1667 849 cst
1684 779 1730 847 ad
1747 794 1941 866 certamen,
1966 784 2151 857 sic-eliste

111 882 163 950 las
181 881 362 970 vituperas
384 893 419 947 et
436 880 657 949 contemnis?
708 876 745 951 0
763 882 938 951 insensate
955 875 1103 966 Latere,
1149 876 1330 949 Ioannem
1352 893 1386 949 et
1406 875 1677 972 Hieronymum
1692 877 2151 979 Hassitasaliosqueiffl

110 982 241 1075 ‹priste
256 981 441 1051 fascinavit
454 1006 528 1050 non
541 983 686 1051 obedire
700 983 865 1053 veritati?
896 981 972 1053 Cur
991 984 1101 1053 alium
1150 998 1220 1053 tres
1234 980 1528 1051 suoslfaereticos
1548 1006 1569 1050 a
1583 996 1726 1053 terreno
1734 981 1811 1053 Deo
1820 983 1924 1055 Pont-
1932 985 2150 1059 Man-cotie

112 1078 291 1153 Thomam
306 1082 351 1151 in.
361 1081 479 1167 Italia,
500 1085 611 1154 aliurn
627 1084 664 1151 in
683 1082 893 1171 Germania,
917 1087 974 1154 vel
988 1108 1103 1178 neque
1150 1084 1232 1154 buri
1248 1084 1361 1152 iussos
1376 1082 1679 1174 impatientissime
1694 1086 1829 1169 ferens,
1848 1087 2150 1161 eidem-simmae

111 1210 132 1253 a
153 1180 370 1253 Themisteis
392 1180 588 1270 Thomam,
613 1210 728 1279 neque
751 1211 772 1256 a
795 1183 936 1257 Thema
951 1183 1104 1257 Thomi-
1151 1186 1315 1279 potestati
1334 1185 1470 1255 bellum
1486 1185 1618 1254 inferre
1638 1210 1713 1256 non
1735 1186 1853 1272 timet,
1878 1188 2032 1259 similem

111 1300 204 1355 steos
218 1285 369 1375 intelligi
387 1288 544 1356 evomis?
594 1287 732 1358 Siccine
753 1302 897 1377 argutus
916 1302 950 1359 et
970 1290 1103 1359 facetus
1151 1287 1263 1357 dubio
1285 1287 1409 1377 procul
1430 1284 1562 1356 exitum
1583 1283 1781 1359 habiturus.
1834 1286 2051 1379 {indignatus-
2065 1308 2151 1363 sarae

111 1387 183 1457 dici
205 1387 328 1477 cupis?
378 1385 449 1457 Sed
471 1412 534 1458 cur
553 1403 592 1458 tu
617 1389 748 1458 aliusa
779 1391 889 1482 teipso
919 1414 1035 1484 neque
1062 1404 1104 1461 tn
1151 1386 1310 1480 luppiter
1325 1382 1503 1482 Typhona
1521 1388 1648 1459 itidem
1666 1389 1817 1459 fulmine
1838 1393 2011 1481 perennet
2029 1406 2072 1464 et·
2085 1400 2151 1465 νύ·

111 1484 342 1572 Martinam,
368 1513 482 1582 nespre
501 1505 537 1560 te
550 1486 747 1559 tlfartr'nas
766 1492 957 1583 intelligit?
1007 1489 1103 1562 Esne
1151 1502 1221 1560 stas
1240 1512 1389 1578 magnae
1414 1489 1552 1559 insulae
1570 1491 1683 1559 moles
1701 1512 1808 1581 supra
1829 1492 2010 1584 imponet,
2036 1516 2149 1589 mrum

112 1606 183 1661 tam
199 1614 336 1674 excors,
363 1605 403 1660 ut
423 1592 634 1683 scriptorum
648 1606 791 1661 tuorum
810 1616 884 1662 non
904 1595 1024 1663 videas
1044 1617 1104 1662 re-
1151 1586 1331 1661 Luterum
1359 1588 1540 1661 Pontificis
1567 1590 1665 1661 Man
1697 1588 1942 1664 authoritas'a
1968 1608 2149 1685 tergo-,as

2 1736 6 1745 -
111 1691 368 1784 pugnantiam?
425 1691 559 1761 Verum
585 1694 671 1786 qnid
702 1718 783 1763 cum
810 1696 878 1764 isto
905 1696 1051 1788 loquor,
1081 1720 1102 1763 o
1149 1695 1287 1777 fronte,
1327 1692 1545 1762 alateribus
1571 1692 1723 1776 tenebit,
1761 1694 1958 1787 ardensque
1980 1696 2149 1787 instita

47 1800 51 1815 '
112 1791 199 1863 Viri
223 1791 414 1879 Germani,
461 1795 524 1886 qni
569 1818 793 1888 nequaquam
830 1797 957 1865 melius
994 1797 1102 1865 verba
1152 1819 1273 1865 mucro
1297 1795 1336 1861 in
1357 1788 1529 1862 Μανίἱηί
1545 1794 1777 1884 pulmonibus
1803 1820 1844 1864 ac
1863 1796 2150 1879 visceribus-sd·

111 1918 188 1965 mea
209 1919 315 1988 quam
334 1918 395 1965 sua
415 1896 594 1988 percipere
608 1897 748 1967 valeat?
798 1895 883 1983 Vos,
906 1920 969 1967 vos
984 1898 1104 1988 potius
1151 1893 1311 1965 haerebit
1343 1907 1377 1964 et
1398 1895 1534 1965 aeterni
1555 1895 1737 1965 dedecoris
1758 1900 1978 1988 ponderibus
2004 1900 2149 1973 oberat.

112 1997 315 2089 appellabo,
341 1996 404 2088 qui
421 2012 455 2067 et
470 2022 525 2065 me
545 1998 742 2086 intelligere
757 2013 791 2068 et
805 1998 910 2069 istum
928 2000 1102 2070 furiosum
1152 1994 1336 2068 Attendite
1364 2010 1481 2067 autem
1503 2020 1612 2089 quam
1633 1998 1742 2067 stulte
1762 2011 1798 2068 et
1822 2000 1956 2069 furiose
1983 2015 2032 2071 ut³
2052 2001 2150 2091 gigas

112 2120 272 2169 coercere
292 2099 448 2189 potestis.
500 2097 620 2188 Quam
644 2123 788 2192 nanque
810 2101 858 2170 ob
882 2124 1022 2170 cansam
1043 2123 1104 2169 su·
1152 2099 1301 2168 exsultet
1315 2099 1360 2167 ad
1381 2093 1473 2167 hanc
1494 2098 1590 2166 viam
1607 2098 1791 2189 pravitatis
1806 2103 2150 2187 curresrdam‚·.etut

112 2200 299 2292 spicamini
320 2195 501 2269 hominem
519 2200 627 2270 istum
644 2201 693 2270 sic
716 2226 736 2269 a
757 2203 904 2271 veritate
928 2226 968 2271 ac
990 2202 1104 2293 pieta-
1151 2223 1234 2269 vere
1267 2200 1313 2279 ab
1343 2200 1414 2267 imo
1449 2211 1580 2269 tartaro
1611 2201 1760 2288 egressio
1790 2201 1864 2271 eius
1896 2217 1933 2273 et
1959 2204 2149 2296 usquead

113 2316 148 2371 te
176 2302 392 2371 abductum?
442 2299 584 2371 Credite
611 2298 721 2386 mihi,
759 2304 889 2373 credite
911 2302 1104 2395 Principes,
1152 2324 1330 2370 summurn
1352 2301 1489 2371 coelum
1511 2301 1731 2370 concursatio
1757 2302 1870 2385 illius,
1896 2302 2149 2396 queteb-poi·

113 2425 225 2496 quum
266 2403 422 2494 primum
457 2404 578 2475 statuit
611 2399 808 2474 Martinus
841 2405 1105 2475 dilectissimam
1153 2399 1216 2495 sit)
1236 2402 1358 2471 nullus
1378 2401 1424 2471 ab
1447 2396 1514 2471 hoc
1536 2401 1728 2491 impietatis
1753 2404 1869 2473 calore
1889 2429 1926 2473 se
1944 2406 2149 2477 obsoofulal»

113 2499 247 2575 Christi
264 2526 430 2594 sponsam
446 2505 695 2596 superbissime
713 2520 820 2599 atque
840 2506 1104 2577 seditiosissime
1153 2503 1279 2572 Petrus
1295 2498 1443 2595 (inquit)
1459 2498 1652 2593 Apostolus
1666 2517 1728 2574 out
1742 2502 1930 2575 Romanus
1942 2504 2149 2579 Pont'uni·

115 2605 336 2697 perturbare,
369 2606 453 2699 quia
479 2607 570 2676 tanti
594 2602 701 2677 huius
723 2608 862 2676 sceleris
882 2631 1014 2699 poenas
1038 2602 1106 2675 ho-
1152 2604 1298 2674 versalis
1312 2601 1493 2673 Ecclesiae
1512 2618 1620 2695 capnt
1642 2628 1716 2673 non
1735 2605 1824 2690 fuit,
1847 2631 1917 2677 nee
1939 2623 2010 2693 est,
2032 2630 2149 2703 necpe

113 2708 227 2775 mines
242 2732 318 2775 non
335 2708 509 2792 inflixere,
537 2708 748 2777 iustissimus
760 2706 859 2778 Deus
880 2710 955 2801 ipse
973 2710 1104 2778 vindex
1153 2705 1230 2775 iure
1250 2706 1375 2775 divino
1397 2706 1590 2797 primatum
1611 2700 1707 2775 hunc
1722 2707 1877 2794 obtinet,
1902 2709 2014 2779 immo
2032 2726 2147 2781 satem

115 2832 188 2877 esse
209 2809 325 2879 voluit
342 2824 461 2903 atque
479 2809 582 2878 illum
603 2812 647 2879 de
671 2808 819 2879 sanitate
842 2834 883 2879 ac
903 2826 1022 2880 rnente
1041 2811 1105 2879 de·
1153 2810 1252 2878 dotes
1283 2829 1406 2877 omnes
1437 2806 1493 2875 illi
1523 2820 1607 2876 sunt
1630 2808 1811 2900 aequales,
1835 2834 1961 2902 nequo
1982 2808 2148 2883 Romu

114 2911 282 2980 turbavit.
346 2909 448 2998 Quae
471 2912 565 2978 enim
589 2935 702 3003 poena
724 2912 840 2980 maior
867 2912 1104 2981 conscelerate
1152 2906 1310 2979 Ecclesia
1331 2932 1491 3001 unquam
1505 2908 1592 2992 fuit,
1616 2932 1682 2978 nec
1704 2923 1775 2994 est,
1800 2928 1867 2981 nec
1889 2912 1957 2982 erit

116 3009 254 3080 homini
269 3026 469 3104 essepotest
483 3013 603 3081 furore
619 3027 724 3106 atque
740 3014 940 3081 dementia?
986 3004 1105 3080 Late·
1154 3034 1261 3102 super
1282 3034 1405 3079 omnes
1424 3005 1611 3081 Ecclesiae.
1677 3007 1759 3080 Non
1778 3012 1876 3081 enim
1897 3013 1967 3083 fuit
1986 3030 2147 3107 niufara

116 3136 180 3181 rus
200 3138 297 3183 nunc
322 3138 383 3182 sna
407 3115 573 3197 audacia,
607 3137 672 3184 suo
696 3115 871 3199 facinore,
897 3138 959 3183 sua
982 3136 1106 3206 snper·
1154 3135 1260 3203 super
1273 3109 1460 3196 Graeciae,
1481 3105 1660 3202 elphricae
1680 3125 1742 3181 arnt
1755 3108 1862 3183 Asiae
1877 3114 2148 3197 ecelesiam-:net

1 3227 2 3234 ’
116 3216 176 3283 bia
205 3230 368 3304 urgetur,
409 3215 606 3306 impellitur
641 3240 680 3285 ac
710 3230 879 3310 tanquam
910 3216 1021 3285 taedis
1048 3240 1106 3284 ar·
1155 3236 1278 3283 corum
1290 3210 1487 3305 Episcopos
1500 3212 1732 3286 confirmavit.
1766 3210 2148 3289 lfaecfurentisMan»

63 3376 67 3385 .
116 3316 282 3387 dentibus
308 3317 560 3389 inflammatur.
627 3316 718 3387 Nam
750 3342 861 3411 quum
892 3318 1038 3388 furiales
1067 3317 1106 3385 in
1156 3310 1229 3383 tint
1250 3315 1358 3384 verba
1389 3336 1510 3384 nonne
1541 3314 1733 3383 immanem
1765 3316 1949 3408 quendam·
1968 3312 2147 3410 Typhonis

116 3418 245 3506 vulgus
271 3439 373 3486 voces
397 3416 540 3501 emittit,
573 3442 683 3511 (prum
705 3419 784 3511 pias
805 3420 950 3490 illorum
971 3432 1107 3489 mentes
1156 3429 1217 3486 aut
1238 3417 1387 3485 alterum
1412 3416 1530 3507 potius
1552 3410 1814 3488 Nembrothum
1838 3426 1925 3487 ante:
1940 3418 2148 3489 oculos-rb

119 3519 302 3587 fallacibus
317 3518 436 3587 verbis
452 3520 592 3603 evertit,
616 3543 727 3613 quum
742 3534 880 3591 sanctos
896 3533 932 3590 et
951 3521 1108 3589 eruditos
1156 3531 1248 3586 stros
1268 3529 1445 3600 statuunt,
1470 3517 1531 3609 qui
1555 3517 1683 3585 turrim
1694 3514 1807 3587 Babel
1821 3517 1952 3588 iterum
1963 3520 2148 3591 aedifico

119 3619 215 3688 viros
239 3620 463 3689 contumeliis
485 3620 636 3703 lacessit,
669 3644 779 3712 quum
802 3644 979 3691 sacrorum
1001 3619 1108 3689 Prin·
1156 3631 1323 3701 conetur,
1348 3642 1422 3686 non
1436 3632 1477 3688 ut
1494 3617 1655 3688 omnium
1676 3619 1820 3688 tandem
1842 3620 2004 3709 linguas,
2027 3621 2150 3693 ndmt

114 3721 257 3813 ¹cipibus
283 3716 454 3803 detrahit,
489 3746 599 3813 qsrum
630 3717 850 3792 Christianae
878 3723 1109 3792 caerimonias
1157 3720 1319 3788 omniurn
1345 3719 1570 3807 religionem,
1601 3719 1796 3809 pietatem,¹
1820 3721 1966 3789 ordines
1988 3721 2149 3815 ritussp

122 3824 280 3916 ritusque
292 3824 489 3906 conturbat,
515 3847 625 3915 quum
641 3825 763 3892 eodem
779 3826 898 3909 modo,
925 3848 996 3918 quo
1013 3847 1108 3894 nunc
1158 3820 1377 3890 confundat?
1424 3817 1496 3891 Sed
1511 3844 1557 3887 ne
1572 3820 1675 3889 illurn
1688 3820 1835 3890 fortasse
1851 3823 2048 3893 acrimonia
2061 3828 2149 3917 quar·

111 3924 202 3994 eum
218 3926 328 3995 latum
344 3925 525 4013 cingulum
544 3920 739 3994 trahentem
751 3926 889 4011 videtis,
908 3922 1111 4010 bacchatur,
1159 3923 1292 3991 damet
1315 3921 1518 3993 excellentia
1537 3920 1671 4008 ingenii
1687 3916 1773 3991 haec
1794 3922 1970 3993 invenisse
1989 3923 2147 4007 credatis

122 4049 233 4118 qarnrn
246 4027 351 4110 furit,
376 4041 452 4095 turn
466 4028 526 4095 dat
540 4049 598 4095 eas
611 4050 751 4117 poenas,
774 4028 1002 4121 quaesibiab
1020 4029 1109 4097 irato
1159 4024 1282 4093 scitote
1304 4024 1411 4093 istum
1443 4023 1587 4092 nonnisi
1615 4046 1656 4090 ex
1682 4017 1952 4093 haereticorum·
1972 4024 2148 4101 damnati

123 4125 199 4196 Deo
221 4129 431 4198 constitutae
452 4141 545 4200 snnt.
597 4126 672 4198 Vos
693 4128 797 4199 illurn
815 4154 888 4200 non
910 4128 1111 4212 vecordem,
1159 4123 1420 4194 commentariis
1442 4147 1580 4215 sapere,
1613 4119 1776 4193 Ioannis
1802 4120 1847 4196 V
1842 4119 2004 4222 uiclsffi,
2032 4121 2147 4197 loon·

33 4236 36 4251 '
126 4252 200 4297 non
221 4231 456 4313 malesanum,
481 4252 555 4297 non
576 4244 693 4299 mente
709 4244 867 4321 captum,
891 4254 966 4299 non
984 4225 1110 4300 Oreste
1160 4222 1220 4294 nis
1241 4223 1344 4305 Hos,
1382 4219 1560 4293 Marsils'i
1577 4217 1778 4315 Paduam',
1813 4221 1977 4295 Ioannes
1995 4222 2146 4297 {affl

125 4331 349 4401 furiosiorem
362 4332 503 4422 putetis,
525 4330 587 4423 qari
605 4331 650 4400 sit
663 4356 768 4401 ausus
784 4332 875 4421 loges
889 4354 1013 4415 sacras,
1030 4331 1111 4423 qui·
1161 4324 1285 4396 nensis
1301 4341 1337 4396 et
1357 4326 1526 4409 aliorum,
1551 4348 1640 4417 quos
1653 4326 1711 4419 (ut
1724 4327 1852 4395 stultus
1872 4341 1908 4399 et
1921 4328 2146 4424 furcam-in·

125 4427 391 4503 husChristieni
408 4455 531 4501 omnes
544 4455 666 4522 parere
680 4432 827 4503 aedicto
844 4431 1025 4502 audientes
1040 4454 1112 4500 esse
1159 4428 1238 4520 pios
1254 4441 1288 4497 et
1311 4428 1496 4497 sceleratos
1519 4427 1650 4495 imitari
1671 4427 1816 4513 maluit,
1839 4452 1947 4520 quarn
1967 4430 2146 4521 pientissi·

126 4534 272 4615 debent,
296 4534 344 4603 ita
358 4556 496 4625 pessum
512 4532 672 4618 deiicere,
697 4548 738 4604 ut
753 4535 899 4603 omnino
914 4534 1011 4627 quod
1027 4532 1113 4602 alibi
1160 4553 1238 4598 mos
1259 4528 1365 4598 Viros
1385 4542 1490 4621 atque
1517 4528 1765 4600 sanctissimos.
1822 4525 1874 4600 At
1893 4532 2147 4623 quihus-erg*

126 4634 311 4725 scripserat
333 4634 482 4715 oblitus,
511 4658 548 4702 se
565 4630 808 4703 Christianum
832 4658 922 4720 esse,
952 4638 1114 4704 sacerdo-
1160 4630 1309 4713 mentis,
1334 4654 1441 4722 qnam
1460 4630 1587 4698 validis
1609 4627 1808 4699 rationibus
1828 4654 1964 4702 errores
1984 4633 2147 4727 antiqua

114 4748 198 4805 'torn
221 4750 313 4819 esse,
347 4731 554 4804 heremitam
576 4756 650 4804 esse
674 4760 749 4803 non
769 4737 988 4807 attenderet?
1043 4734 1117 4814 Sed
1160 4730 1319 4802 tutatur?
1368 4730 1526 4800 Novisnc
1548 4744 1582 4799 et
1604 4726 1774 4799 inauditis
1787 4744 1823 4800 et
1842 4733 1968 4802 saltem
1985 4733 2148 4825 ingenio·

27 4853 31 4861 '
125 4838 215 4931 qnid
245 4862 327 4906 erun
355 4838 570 4905 sacerdotem
600 4852 661 4909 aut
692 4832 899 4907 heremitani
929 4830 1114 4930 appellavi,
1162 4834 1221 4919 sis,
1235 4832 1373 4902 tametsi
1387 4832 1506 4901 falsis?
1532 4830 1694 4902 ¹Minime.
1727 4829 1853 4927 Neque
1865 4833 1962 4903 enirn
1975 4828 2148 4919 Lotum

128 4940 190 5034 qai
212 4941 333 5009 lurore
358 4952 392 5007 et
417 4937 551 5006 insania
572 4938 741 5009 acerrime
762 4954 927 5029 argente,
964 4939 1113 5009 militem
1161 4959 1266 5028 quem
1284 4933 1474 5003 multitam
1489 4933 1632 5002 doctum
1658 4945 1800 5026 tamque
1816 4948 1959 5005 acutum
1975 4937 2148 5021 dictitant,

127 5042 359 5111 fortissimum
375 5063 411 5108 se
427 5040 530 5108 faciat
545 5054 579 5109 et
602 5040 800 5129 gigantem?
850 5037 999 5110 audivit
1018 5041 1113 5108 enim
1162 5037 1259 5105 illius
1274 5048 1325 5106 est
1339 5034 1544 5122 ingeniiaut
1554 5034 1731 5103 solertiae:
1746 5058 1870 5105 verum
1881 5036 2149 5131 antiquiorem»

130 5143 186 5236 (ut
198 5140 344 5237 opinor)
358 5141 520 5210 divinum
537 5139 722 5209 Platonem
744 5154 896 5211 statuere
917 5164 975 5209 eos
993 5143 1037 5211 de
1054 5164 1114 5231 ge-
1162 5138 1249 5207 cidis
1273 5151 1309 5207 et
1330 5136 1475 5206 cariosis
1495 5148 1634 5206 tantum
1655 5132 1947 5227 sophismatibus,
1964 5151 2007 5210 ut
2024 5140 2056 5209 si
2071 5162 2149 5211 eru-

131 5268 213 5314 nere
227 5243 399 5315 Titanum
414 5238 592 5328 homines,
618 5242 682 5336 qrri
697 5257 739 5313 ut
748 5241 804 5310 illi
817 5244 1041 5328 coelestibus,
1065 5243 1114 5312 sic
1162 5239 1353 5309 ditissimos
1373 5234 1557 5323 authores,
1582 5235 1645 5330 qni
1661 5237 1706 5307 de
1720 5234 1902 5307 Pontificis
1922 5251 1958 5310 ot
1972 5236 2149 5313 Ecclesiae

131 5344 168 5415 hi·
189 5346 450 5435 magistratibus
469 5348 753 5415 adversarentur:
785 5357 897 5447 atque
911 5346 958 5417 ita
982 5346 1115 5437 glorio-
1161 5354 1331 5433 potestate
1354 5341 1570 5432 scripseramt
1591 5352 1697 5430 atque
1717 5339 1812 5411 inter
1832 5340 1923 5413 alios
1946 5341 2028 5413 loco
2045 5342 2148 5415 [trio
