4500 5782
551 236 988 317 EPISTOLARUM
1040 239 1146 313 [ΑΒ.
1182 237 1238 312 lll
1293 235 1423 311 1525.

1926 234 2002 307 788

89 426 202 507 iperet
216 408 284 482 boc
298 412 463 495 officiolo,
484 414 533 483 sic
549 415 643 481 enim
660 414 860 497 arbitratur,
879 414 969 482 bene
1019 435 1088 505 que
1110 412 1285 504 praesidio
1308 436 1486 479 sacrarum
1511 409 1702 480 literarum.
1759 408 1881 503 Neque
1908 410 2003 478 enim

89 515 229 585 mereri.
281 512 524 583 Gratissimam
541 538 613 584 rem
630 516 729 598 facis,
755 518 851 607 ‹prod
868 502 970 584 toties
1020 515 1117 583 aliud
1140 514 1222 583 satis
1236 514 1375 583 firmum
1396 517 1563 581 adversus
1578 525 1710 580 tantam
1729 512 1802 579 vim
1821 526 2004 605 tantosque

89 617 248 685 nissimis
270 615 381 685 literis
411 616 479 683 tuis
513 640 577 685 nos
606 617 756 699 salutas,
798 618 905 709 idque
931 629 970 685 ut

1021 615 1337 706 impetusvallum,
1370 628 1508 705 practer·
1525 614 1620 697 illas,
1651 613 1807 684 invenio.
1857 612 1928 683 Sed
1943 638 2005 684 va-

89 719 253 800 slacere,
283 730 319 785 te
342 717 447 784 etiam
470 730 573 810 atque
590 718 694 787 etiam
713 742 776 786 oro
791 716 829 810 ¹).
879 716 969 787 Nam
1019 717 1188 786 letudinis
1204 717 1425 785 incommoda
1442 740 1536 783 nunc
1551 727 1653 805 auget
1664 710 1835 783 Suecicus
1851 715 1911 783 ille
1924 740 2006 809 per-

89 820 232 911 quidem
250 820 293 887 ad
309 819 585 887 confirmandam
603 835 759 889 nostram
781 819 969 887 amicitiam

89 916 152 989 ihil
166 920 338 987 momenti
354 914 484 987 babere
503 922 537 987 id
555 922 705 999 videtur,
731 944 819 1012 qum
835 920 970 989 tametsi

89 1021 212 1091 issimis
235 1021 420 1110 auspiciis,
460 1022 621 1091 videlicet
656 1024 857 1091 struborum
886 1045 972 1091 con-

89 1123 185 1207 ione,
207 1135 403 1206 contracta,
430 1124 564 1193 radices
583 1125 687 1193 altius
703 1124 831 1211 egerit,
864 1147 969 1215 quarn

89 1226 193 1293 avelli
215 1238 345 1292 temere
368 1227 493 1315 possit:
528 1241 662 1311 tamen,
697 1226 897 1315 nescioqui
922 1225 971 1302 fit,

89 1326 213 1395 leescat
230 1327 340 1414 rnavgis
355 1328 505 1395 :rrnicitia
520 1328 628 1395 veluti
647 1328 788 1397 condita
808 1325 973 1396 olliciosis

89 1426 153 1497 dis.
203 1424 280 1516 Ego
299 1440 473 1518 quantum
497 1430 620 1499 sinunt
646 1430 701 1496 vel
725 1428 972 1519 occupationes

89 1530 167 1611 ires,
192 1553 267 1597 non
282 1530 433 1600 cessabo.
488 1528 565 1598 lloc
582 1545 738 1619 tempore
755 1530 792 1597 in
810 1528 974 1597 rncrnibus

89 1626 284 1721 ομελέτην,
320 1631 456 1723 quade
479 1632 615 1719 legibus
638 1632 752 1699 alicam
776 1656 815 1699 ex
832 1630 973 1720 publico

89 1744 159 1803 uto.
213 1730 301 1798 Nam
318 1731 429 1819 legem
448 1732 610 1817 tulimus,
642 1746 682 1801 ut
703 1733 851 1821 singulis
872 1756 974 1799 men-

102 1832 329 1903 declarnetur.
375 1828 432 1900 Ad
448 1858 524 1901 eam
540 1858 659 1902 curam
674 1834 815 1902 accessit
830 1836 974 1902 adversa

89 1936 170 2018 udo;
203 1934 378 2002 insomnia
395 1935 488 2003 enim
505 1936 567 2004 din
583 1936 651 2004 iam
676 1960 786 2026 paene
808 1947 974 2025 perpetua

89 2060 125 2105 o.
188 2032 276 2103 Heri
296 2059 409 2104 novus
432 2058 529 2103 casus
554 2038 689 2106 adllixit
715 2036 841 2121 filiam,
879 2060 974 2105 acer-

90 2160 197 2231 qnam
222 2150 262 2206 ut
282 2138 435 2207 scribere
455 2140 606 2227 possim,
648 2150 822 2208 ettamen
853 2139 977 2207 videor

92 2234 260 2307 nonnihil
276 2238 511 2329 acquiescere,
536 2242 674 2309 eumad
691 2254 723 2310 tc
738 2240 865 2309 scribo.
917 2238 977 2308 Tu

89 2340 250 2429 ingenio,
288 2340 383 2421 otio,
421 2341 620 2409 eruditione
642 2342 818 2423 abundes,
849 2364 977 2431 meque

89 2458 109 2524 ‚'
130 2442 216 2533 quid
237 2442 333 2509 enirn
354 2442 590 2520 dissimulem,
629 2444 752 2512 multis
776 2465 977 2532 praecurras

89 2544 169 2626 bus,
202 2544 309 2627 farris,
347 2567 393 2611 ne
416 2544 654 2613 desideremus
682 2546 835 2613 officinm
865 2556 977 2614 tuum.

89 2645 153 2739 pris
167 2644 245 2713 istie
266 2668 387 2714 rerum
409 2657 548 2714 trranurr
573 2660 681 2715 status
705 2658 775 2730 est,
805 2646 978 2713 memine-

89 2764 130 2815 οι
143 2744 220 2815 Deo
242 2770 345 2814 curae
369 2768 452 2815 esse.
502 2746 600 2815 Cedo
623 2748 708 2841 quid
730 2746 862 2831 voluit,
892 2746 978 2839 quid

89 2848 151 2917 bat
162 2842 346 2931 Christus,
371 2870 452 2916 cum
468 2862 600 2917 vetaret
615 2874 687 2917 esse
704 2850 882 2918 sollicitos.
919 2844 980 2916 'Ex

89 2956 149 3017 s'te
165 2950 308 3017 oraculo
324 2972 507 3041 compara;
538 2944 678 3018 Ilccela
694 2946 861 3019 Domino
882 2944 979 3017 viam

89 3074 116 3133 r,
140 3056 171 3117 el
187 3046 410 3147 ipsesncr‘et5
437 3052 500 3143 qui
517 3053 585 3120 nisi
603 3052 824 3141 advigilaret,
851 3063 884 3120 et
902 3065 979 3121 tan-

90 3153 279 3220 rcxcubias
293 3175 356 3242 pro
373 3154 478 3221 nobis
498 3168 632 3242 ageret,
659 3148 751 3244 prob
772 3152 907 3246 quotics
929 3154 982 3221 la·

89 3252 181 3321 nnr'?
232 3252 323 3320 'l'am
348 3255 459 3323 multa
482 3280 547 3322 tros
572 3256 700 3323 lbllunt
721 3256 759 3323 in
782 3256 887 3323 rebus
913 3250 981 3323 bu-

89 3374 120 3438 s,
135 3368 183 3424 ¹ut
195 3356 507 3445 prenevideantur
522 3372 611 3425 recte
627 3356 774 3424 sensisse
792 3353 827 3426 oi
843 3352 886 3426 cd
903 3352 981 3427 ἐπέ·

89 3449 366 3547 δοκιμάσαντες.

95 3553 192 3625 Ριιοο
207 3571 327 3627 noster
342 3553 574 3649 Erasntus*)
600 3560 729 3628 bonam
753 3554 868 3629 adbuc
893 3554 983 3629 mihi

89 3658 216 3743 edocit,
246 3661 392 3746 dignum
416 3660 490 3727 sore
513 3662 617 3729 nobis
644 3675 678 3729 et
691 3662 885 3730 maioribus
902 3662 983 3733 suis.

88 3760 199 3829 iculos
230 3762 272 3827 ad
295 3760 434 3830 Patrem
464 3762 590 3847 mittit,
632 3764 805 3853 primitias
838 3788 984 3834 suorum

89 3875 211 3933 ratum.
268 3856 292 3927 I
291 3854 481 3931 oachimns
498 3878 616 3932 noster
632 3864 840 3936 declamabit
856 3865 895 3934 in
911 3890 986 3933 em-

89 3990 109 4035 ι.
175 3960 319 4033 Caetera
357 3990 473 4033 coram
507 3958 810 4062 ChristoplroruS.
862 3964 985 4038 Saluta

89 4070 139 4135 ds.
192 4064 279 4134 lale
298 4062 359 4136 καὶ
376 4064 482 4137 ὄναιο
501 4059 530 4135 al
548 4062 704 4161 φιλτάτη
721 4059 874 4161 κεωαλή.

297 4182 300 4187 “
737 4092 936 4261 Pbilippus.

89 4435 181 4559 Q.
766 4444 978 4573 (vespm)

318 4588 379 4671 Ιο.
413 4583 670 4699 Camerario.

89 4767 153 4841 pist.
169 4767 201 4821 ad
216 4766 352 4821 Camerar.
370 4786 396 4837 p.
407 4767 452 4819 21.

98 4903 356 4980 ‘Inachimo
382 4901 652 4982 Camerario
677 4936 745 4983 suo
770 4908 811 4987 S.
826 4906 881 4980 D.

89 5048 114 5112 'o
130 5035 298 5137 prolecto,
319 5040 370 5109 mi
386 5036 572 5129 loacbime‚
600 5044 696 5138 quod
712 5044 848 5131 scribis,
865 5068 991 5139 meque

89 5146 112 5215 is
128 5144 249 5227 malis,
284 5158 454 5236 qnantum
470 5168 634 5235 possum,
666 5146 791 5217 munio
816 5160 993 5217 sustento-

89 5264 238 5278 ι--ι-υ-

89 5315 185 5390 lpanb.
198 5315 345 5369 mendose:
365 5332 443 5382 rogo.

89 5402 216 5457 tanetus.

89 5506 180 5547 tarn.
196 5481 301 5548 Oreo.
325 5475 445 5546 Vox-1.

1023 818 1275 887 niciosissimus
1291 832 1417 890 motus.
1466 815 1528 887 Bis
1543 816 1637 885 enirn
1660 816 1708 884 ita
1731 819 1907 911 quassavit
1928 818 2007 887 ani-

1023 945 1119 988 mum
1136 944 1273 1001 cneum,
1304 933 1343 989 ut
1361 942 1472 1009 paene
1489 918 1705 987 exanimarit.
1754 916 1833 986 lloc
1855 900 2009 1007 agilabat

1023 1022 1087 1089 diu
1104 1023 1172 1089 iam
1184 1022 1310 1103 Satan,
1332 1036 1371 1089 ut
1388 1021 1612 1109 religionem,
1637 1035 1677 1089 ut
1693 1020 1834 1089 civilem
1850 1020 2008 1114 discipli-

1024 1146 1128 1205 nam,
1164 1137 1204 1192 ut
1233 1146 1287 1190 res
1314 1123 1425 1191 bonas
1448 1145 1570 1191 omnes
1591 1121 1689 1190 civili
1712 1122 1807 1190 bello
1829 1137 2009 1194 everteret.

1027 1222 1136 1316 ldqne
1163 1225 1200 1292 fit
1223 1238 1404 1315 praetextu
1429 1222 1619 1311 religionis.
1677 1218 1839 1293 Christus
1861 1217 2011 1296 bomiri-

1024 1328 1107 1393 dam
1123 1326 1168 1393 ab
1186 1326 1290 1395 initio
1308 1326 1414 1393 fuisse
1431 1323 1596 1395 Satanam
1618 1324 1724 1407 dixit,
1755 1349 1819 1395 nce
1841 1339 1893 1396 est
1914 1328 2010 1419 quod

1026 1440 1187 1518 putemus
1201 1451 1297 1495 nunc
1313 1427 1409 1495 aliud
1426 1449 1545 1515 agere,
1578 1450 1684 1517 quarn
1700 1440 1740 1495 ut
1755 1428 1847 1495 faces
1864 1428 2011 1508 iniiciat

1026 1542 1060 1597 et
1083 1528 1289 1597 incendium
1312 1528 1436 1597 excitet
1459 1528 1722 1619 quoquomodo.
1777 1526 1857 1597 Huc
1878 1544 2013 1621 specta·-

1026 1631 1112 1699 bant
1126 1643 1307 1719 portenta,
1340 1654 1430 1721 quae
1448 1643 1528 1699 nata
1546 1642 1628 1697 sunt
1642 1642 1713 1696 tam
1727 1631 1837 1700 multa
1853 1632 2012 1720 proximo

1027 1755 1139 1813 anno,
1177 1726 1484 1800 vitulomonacbus
1514 1745 1606 1799 certe
1629 1732 1915 1821 depravationem
1939 1731 2014 1802 Ln-

1027 1828 1194 1902 theranae
1211 1833 1391 1900 doctrinae
1406 1833 1444 1901 in
1467 1833 1623 1901 carnales
1646 1846 1679 1902 et
1701 1833 1914 1923 perniciosas
1936 1834 2015 1926 opi-

1027 1936 1152 2003 niones
1174 1934 1400 2021 significabat.
1468 1932 1581 2003 Arcus
1606 1947 1713 2003 noctu
1736 1958 1755 2003 a
1781 1959 1836 2004 me
1858 1936 1954 2004 visus
1975 1937 2012 2003 in

1028 2036 1184 2105 nubibus
1210 2036 1245 2102 in
1263 2028 1401 2103 Losen'
1419 2038 1526 2104 domo
1549 2036 1766 2125 significabat
1789 2031 1883 2105 barad
1906 2038 2013 2106 dubie

1028 2138 1233 2231 popularem
1242 2150 1390 2210 motum.
1423 2136 1512 2205 Nam
1522 2138 1722 2204 simillimus
1734 2132 1823 2206 mibi
1834 2139 1930 2206 visus
1943 2152 2015 2208 erat

1028 2256 1110 2311 ante
1131 2239 1337 2329 popularem
1363 2251 1498 2309 nrotrrm
1525 2238 1835 2327 l'uirteobergicae
1859 2241 2016 2311 ditionis.

1029 2340 1124 2410 llaec
1140 2362 1218 2409 cnm
1236 2340 1413 2429 expendo,
1447 2364 1527 2408 cum
1550 2341 1679 2429 colligo
1700 2340 1785 2409 vitia
1809 2335 2014 2433 ἀρχόντων,

1030 2466 1119 2537 qnae
1140 2454 1224 2511 sunt
1245 2442 1447 2523 immmera,
1484 2465 1564 2511 cum
1585 2444 1742 2511 furorem
1763 2444 2016 2527 multitudinis,

1030 2568 1110 2614 cum
1127 2544 1283 2635 exempla
1298 2538 1542 2625 historiarum,
1567 2542 1753 2636 divinique
1767 2544 1890 2613 iudicii
1904 2545 2016 2635 signi-

1031 2646 1226 2715 ficationem
1242 2644 1443 2728 considero,
1469 2643 1604 2713 nullam
1618 2639 1734 2713 babeo
1748 2669 1844 2737 spem
1860 2646 1953 2732 sore,
1975 2664 2012 2719 ut

1031 2759 1123 2817 stent
1139 2747 1273 2817 diutius
1288 2744 1446 2836 llespnb.
1495 2742 1543 2816 Et
1568 2770 1647 2815 cum
1672 2768 1783 2837 angor
1805 2748 2016 2819 valetudinis

1031 2873 1168 2933 caussa,
1205 2862 1281 2919 tum
1306 2844 1392 2917 baec
1413 2848 1544 2935 accedit
1567 2850 1802 2938 perturbatio,
1835 2851 1892 2917 cni
1915 2852 2016 2921 nullo

1031 2952 1137 3021 modo
1154 2973 1308 3043 parsum
1326 2950 1499 3023 sererrdae.
1550 2946 1598 3019 Et
1613 2950 1717 3019 liberi
1741 2950 1809 3018 roei
1832 2946 1889 3019 bic
1911 2952 2015 3021 etiam

1033 3054 1267 3121 obversantur
1286 3051 1396 3120 oculis
1417 3050 1504 3119 meis
1530 3051 1736 3143 animoque,
1767 3052 1827 3143 qui
1851 3063 1960 3133 certe,
1987 3055 2015 3122 si

1033 3178 1102 3247 qua
1125 3150 1282 3242 Respnb.
1310 3166 1397 3221 esset
1429 3154 1547 3221 sutura
1588 3168 1649 3222 aut
1680 3152 1794 3222 civilis
1820 3154 2017 3245 disciplina,

1034 3252 1204 3325 haberent
1225 3266 1403 3345 receptum
1419 3254 1572 3346 aliquem
1589 3266 1623 3322 et
1638 3253 1728 3323 lares
1743 3254 1897 3348 aliquos,
1927 3269 2018 3325 tam-

1035 3358 1097 3426 etsi
1122 3352 1207 3425 haec
1227 3378 1283 3423 res
1306 3378 1379 3423 nou
1403 3356 1595 3424 admodum
1615 3380 1672 3423 me
1687 3371 1852 3426 exerceat.
1910 3356 2019 3427 Vides

1035 3459 1163 3551 itaque,
1179 3458 1230 3525 mi
1246 3452 1434 3539 loacbirne,
1461 3480 1653 3526 cormeum
1673 3459 1860 3527 consilinm
1877 3460 1920 3527 de
1935 3484 2019 3551 pro·

1035 3561 1186 3630 sectione
1202 3582 1276 3625 non
1290 3570 1484 3641 maturam,
1510 3559 1735 3651 nequeenim
1752 3560 1898 3629 munivi.
1948 3560 2018 3631 Sed

1036 3677 1107 3731 tam
1130 3663 1219 3731 tristi
1244 3674 1398 3749 tempore
1421 3683 1493 3728 non
1518 3662 1585 3729 luit
1606 3661 1678 3729 ulla
1695 3660 1930 3751 peregrinatio
1944 3686 2021 3735 sus-

1036 3754 1275 3855 cipienda'eo,
1295 3760 1358 3829 ubl
1374 3764 1419 3853 τῇ
1433 3764 1543 3853 καινῇ
1557 3756 1694 3853 διδαχῇ
1707 3762 1825 3830 omnia
1841 3764 2020 3856 imputan—

1036 3866 1105 3936 tur.
1155 3860 1203 3933 Et
1217 3875 1291 3932 erat
1307 3864 1463 3930 eundum
1479 3888 1558 3931 cum
1573 3877 1669 3933 tanta
1690 3864 1886 3957 frequentia
1910 3868 2022 3936 comi-

1038 3980 1133 4047 tum,
1159 3966 1221 4059 qni
1235 3979 1390 4033 nostram
1405 3963 1657 4055 prosectionem
1673 3965 1901 4035 celebriorem
1917 3968 2020 4037 etiam

1037 4066 1212 4137 reddituri
1246 4079 1357 4134 erant.¹
1416 4062 1560 4134 Possem
1587 4088 1750 4135 excusare
1774 4068 2022 4156 valetudinem,

1038 4172 1097 4237 sed
1111 4170 1194 4263 quia
1208 4168 1349 4256 vrdgare
1362 4162 1431 4235 hoc
1441 4180 1502 4247 est,
1519 4192 1641 4257 parum
1653 4170 1797 4235 sortasse
1811 4169 1893 4237 fidei
1907 4164 2024 4256 babet,

1039 4270 1175 4341 tametsi
1187 4262 1387 4337 facilemihi
1407 4269 1538 4353 credas,¹
1561 4262 1787 4337 etSebaldus
1798 4270 1945 4357 docebit,
1968 4269 2023 4343 his

1039 4370 1208 4465 proximis
1225 4371 1348 4438 diebns
1362 4366 1558 4489 acr‘qterlme
1572 4383 1736 4440 vexatum
1749 4394 1821 4440 esse
1837 4372 2024 4455 insomnia,

1041 4488 1074 4544 et
1089 4474 1217 4542 medici
1235 4472 1409 4542 abstinere
1424 4472 1547 4559 rubent
1574 4496 1592 4540 a
1616 4474 1689 4541 sole
1702 4474 1749 4542 ¹et
1767 4474 1869 4559 vino,
1894 4476 1923 4544 si
1945 4480 2025 4571 quis

962 4666 965 4671 ἱ
1039 4576 1176 4645 laboret
1201 4566 1352 4665 κορύζῃ.
1412 4570 1535 4667 Neque
1563 4586 1681 4643 tamen
1713 4576 1880 4665 congredi
1909 4592 2024 4649 tecum

1041 4680 1199 4768 despero.
1251 4672 1329 4766 lpse
1349 4698 1428 4742 cnm
1444 4700 1516 4743 uno
1534 4674 1653 4769 aliquo
1671 4676 1796 4747 comite
1816 4678 1906 4748 clam
1929 4683 1972 4749 ad
1992 4696 2027 4753 te

1040 4774 1125 4847 binc
1143 4774 1301 4848 exulabo.
1351 4771 1439 4844 Erat
1459 4771 1526 4846 boc
1547 4776 1650 4847 ctiam
1671 4803 1735 4847 cur
1749 4782 1855 4849 modo
1872 4805 1945 4850 non
1963 4784 2026 4853 ad-

1041 4882 1187 4949 modum
1216 4878 1337 4947 liceret
1366 4877 1429 4947 ire.
1493 4874 1674 4949 Omnibus
1702 4880 1816 4949 modis
1842 4874 2026 4955 Sebaldus

1042 4996 1116 5051 erat
1134 5004 1191 5049 me
1213 4988 1451 5069 pertracturus
1474 4980 1516 5048 ad
1542 5004 1594 5063 se,
1627 4982 1720 5051 nosti
1743 4977 1899 5052 bominis
1921 4982 2028 5057 velte.

1043 5083 1208 5153 mentium
1232 5077 1294 5153 καὶ
1310 5076 1416 5164 νυνὶ,
1449 5076 1604 5153 κατὰτὸ
1622 5077 1840 5175 Θεοκρίτου,
1869 5080 1953 5179 οὐχὶ
1971 5114 2027 5160 m-

1041 5180 1181 5265 κίνοις.’
1216 5180 1306 5255 Eius
1320 5206 1376 5251 res
1391 5206 1454 5271 ego
1477 5207 1551 5253 non
1575 5186 1767 5255 admodum
1788 5187 1956 5259 adiuvare
1976 5192 2027 5261 ibi

1033 5296 1227 5379 ·possrrm·.²·
1253 5288 1295 5355 Et
1316 5298 1453 5369 tamen,
1487 5284 1622 5380 siquid
1646 5309 1805 5377 possum,
1841 5286 1952 5361 literis
1976 5294 2027 5361 fe-

1042 5386 1144 5460 cero·
1178 5384 1257 5557 llpq
1275 5388 1337 5477 'ego
1359 5386 1560 5457 rationibus
1579 5390 1752 5461 adductus
1771 5384 1840 5463 hoc
1862 5405 2028 5485 tempore,
