4500 5782
165 226 236 301 115
748 160 1183 301 errsroeaauu
1233 219 1341 302 me.
1371 217 1419 299 11.
1475 218 1605 298 1519.
1640 233 1649 259 ι
2110 225 2196 312 ,tte

164 422 245 470 eum
258 396 395 488 origine
416 418 478 466 sua
501 397 672 490 expositio
695 400 890 493 quaepiam.
941 398 996 471 De
1015 394 1154 471 schola·
1309 397 1384 469 lam
1407 420 1492 468 vero
1513 396 1631 483 vides,
1656 418 1676 465 a
1699 416 1770 489 qua
1790 410 1890 487 parte
1914 408 2008 467 stent
2030 396 2154 489 copiae
2174 422 2204 473 s.

164 501 345 571 sticisnon
360 513 411 570 est
424 513 465 569 ot
479 500 602 570 multis
615 525 732 591 agam,
757 504 887 597 quibus
907 503 1049 573 divinae
1072 503 1154 573 lite-
1205 514 1347 595 patrum
1373 499 1632 584 instructiores3
1676 489 1896 567 aMartino
1924 513 2019 570 stant
2050 498 2115 592 qui
2145 499 2207 570 in-

163 626 223 674 rae
247 602 390 696 quidvis
411 615 494 671 suut
516 603 651 693 potius,
683 628 790 697 quam
819 607 1013 699 simplices,
1046 606 1154 674 immo
1206 617 1355 694 tegrum·
1371 604 1490 673 locum
1521 613 1706 684 enarrant,
1740 600 1784 667 ab
1808 594 1911 668 Etto
1932 601 1996 695 qui
2021 615 2204 696 utcunque

163 704 409 799 nescioquem
426 698 597 785 Proteum
613 706 769 796 fingunt,
795 709 881 779 dom
896 730 954 777 eas
970 709 1009 776 in
1024 709 1156 797 allego·
1206 707 1324 777 alieno
1345 717 1551 796 argumento
1571 696 1618 796 ³⁸)
1639 693 1835 772 Matthaei
1865 703 1943 772 loco
1976 703 2078 772 abusi
2110 718 2203 778 sont

163 807 273 892 ricos,
302 806 554 898 tropologicos,
582 809 808 899 anagogicos,
842 809 1013 895 literalcs,
1039 832 1157 900 gram
1206 804 1255 879 Et
1277 804 1363 878 haec
1390 810 1421 876 si
1443 808 1531 877 libet
1553 805 1727 874 oculatius
1749 805 1886 890 videre,
1927 827 2046 874 cernes
2070 806 2110 874 in
2135 808 2204 876 du·

133 974 138 979 .
163 909 355 994 maticales,
373 904 559 977 historicos
574 933 695 980 sensus
712 913 973 998 transformant,
994 926 1028 982 et
1040 926 1156 982 trans-

164 1012 322 1081 fundunt
335 1011 374 1078 in
390 1012 507 1079 nescio
525 1034 612 1104 quas
627 1012 772 1083 lacunas
784 1011 839 1109 ³²).

266 1139 325 1214 Ad
345 1158 478 1215 veteres
506 1146 628 1232 redeo,
671 1172 760 1240 quos
784 1143 954 1221 hacteuus
975 1150 1049 1220 dixi
1070 1151 1157 1220 scri-

163 1261 267 1340 ptura
281 1246 394 1317 abuti:
421 1247 492 1316 iam
510 1272 595 1317 vero
614 1262 648 1318 et
665 1273 782 1320 errare
799 1274 1050 1343 saepenumero
1065 1253 1155 1326 dico.

165 1348 324 1438 Quaeso,
355 1350 492 1441 quoties
514 1350 632 1443 lapsus
651 1366 703 1422 cst
716 1350 987 1448 Hieronymus,
1019 1355 1157 1447 quoties

163 1447 412 1546 Augustinus,
438 1453 576 1544 quoties
590 1446 835 1524 Ambrosius?
868 1443 950 1526 *Nec
972 1457 1067 1526 enim
1085 1471 1154 1526 tam

163 1554 276 1644 ignoti
291 1549 381 1623 mihi
399 1569 496 1638 sunt,
522 1568 562 1624 ut
582 1580 656 1625 non
671 1551 738 1626 hoc
762 1559 873 1628 libere
896 1559 1009 1628 ausim
1029 1560 1156 1644 dicere,

47 1740 53 1751 1
162 1657 272 1727 immo
287 1657 433 1726 fortasse
448 1656 604 1726 notiores
617 1658 799 1750 aliquanto
817 1674 900 1729 sunt
914 1656 1022 1746 mihi,
1048 1685 1155 1755 quam

162 1754 263 1827 Elsio
284 1782 369 1851 sups
384 1752 608 1833 Aristoteles.
661 1758 810 1848 Quoties
830 1762 898 1853 ipsi
915 1762 1009 1833 inter
1026 1786 1061 1831 se
1079 1762 1154 1830 dis-

162 1861 339 1944 sentiunt,
364 1859 502 1953 quoties
524 1882 606 1930 suos
629 1885 764 1932 errores
781 1865 994 1934 retractant?
1020 1863 1154 1956 etquid

161 1963 306 2035 multis?
331 1986 402 2031 una
427 1976 479 2032 est
501 1962 673 2057 scriptura
691 1966 849 2035 eoelestis
869 1966 1031 2057 spiritus,
1055 1990 1156 2059 pura,

117 2146 128 2156 .,
163 2078 195 2133 et
211 2089 274 2156 per
289 2063 409 2133 omnia
424 2087 548 2148 verax,
575 2090 682 2157 quam
699 2069 905 2136 canonicam
929 2081 1068 2140 vocant

259 2198 437 2283 Proinde,
464 2199 551 2291 quid
577 2200 707 2290 piaculi
729 2216 797 2282 est,
825 2202 857 2269 si
872 2196 1070 2278 Martinus
1089 2201 1156 2270 ali-

161 2301 242 2372 cubi
268 2326 287 2369 a
310 2300 524 2393 quibusdam
548 2301 722 2389 ambiguis
744 2317 901 2373 veterum
926 2302 1157 2395 expositioni-

159 2406 227 2474 hus
256 2402 443 2470 dissentit?
483 2416 517 2470 et
549 2427 614 2472 cur
648 2427 721 2472 non
755 2403 962 2475 dissentiat?
1018 2403 1156 2477 Locum

160 2495 372 2600 ¹tlterttlraei:
398 2497 459 2571 Tu
480 2525 516 2573 es
533 2496 683 2586 Petrus,
711 2513 742 2573 et
763 2528 873 2602 super
893 2498 993 2577 hanc
1013 2515 1155 2605 petram

160 2601 356 2676 Martinus
381 2628 550 2674 enarrans
566 2608 726 2700 sequitur
739 2596 953 2701 origenem,
980 2611 1042 2704 qui
1060 2633 1155 2689 unus

159 2734 225 2800 pro
249 2709 371 2777 multis
391 2721 458 2791 est,
484 2707 591 2799 idque
608 2733 649 2777 eo
666 2709 762 2793 loco,
785 2711 850 2778 ubi
865 2706 932 2781 hoc
950 2711 1065 2803 ipsum
1083 2712 1155 2801 agit

160 2801 356 2904 Origenes,
378 2823 417 2878 ut
434 2825 574 2879 enarret
586 2806 645 2903 ³³),
671 2804 920 2904 Augustinum
941 2813 979 2880 in
997 2809 1155 2898 homilia,

158 2913 324 2983 videlicet
362 2907 551 3000 Evangelii
573 2909 616 3008 ³⁴)
651 2914 800 3002 exegesi,
840 2909 1076 2985 Ambrosium
1115 2915 1154 2984 in

159 3015 222 3087 lib.
243 3011 308 3085 vl.
338 3014 377 3081 in
405 3006 570 3099 Lucam,
605 3015 762 3108 reliquos
798 3031 990 3108 praetereo.
1056 3014 1155 3103 Esto,

159 3117 290 3186 muniit
321 3110 444 3183 Eleius
473 3117 683 3187 sententiam
717 3142 816 3187 suam
844 3119 981 3212 aliquot
1013 3133 1155 3211 patrum

160 3218 446 3302 auctoritatibus,
477 3214 700 3312 Hieronymi
722 3233 757 3290 et
780 3211 985 3317 Cypriani,
1023 3223 1154 3316 quibus

160 3319 313 3388 maxime
331 3318 468 3387 nititur.
519 3319 611 3388 Nam
625 3315 824 3391 Bernardo
841 3339 874 3394 et
890 3316 1015 3393 Leoni
1027 3348 1154 3417 parum

161 3420 250 3491 iuris
269 3420 305 3487 in
331 3415 400 3488 hoc
420 3420 567 3508 negocio
587 3422 669 3490 erit:
696 3423 795 3492 vides
811 3438 844 3493 et
860 3426 1034 3494 diversam
1051 3451 1076 3494 s.
1092 3450 1155 3516 pa-

162 3537 257 3592 trum
275 3521 544 3591 auctoritatibus
565 3524 751 3595 munitam.
803 3522 901 3612 Quid
920 3528 1049 3616 igitur?
1082 3524 1156 3618 Ipsi

162 3648 278 3693 secum
308 3637 477 3712 pugnant.
534 3621 633 3711 Quid
665 3626 820 3695 mirum?
861 3625 948 3697 Inde
976 3641 1156 3699 consecta-

162 3721 327 3819 neum³⁵)
352 3739 417 3809 est,
458 3739 596 3795 sanctos
622 3741 739 3816 patres
764 3753 838 3796 non
861 3731 1012 3820 probare
1037 3732 1155 3799 locum

165 3820 360 3912 Matthaei
377 3829 421 3895 ad
442 3823 672 3898 Oecumenici
696 3831 938 3901 auctoritatem
960 3833 1155 3923 pertinero;

162 3929 324 4022 patribus
338 3930 434 3998 enim
448 3932 563 4014 eredo,
580 3931 661 4022 quia
674 3933 866 4024 scripturae
878 3935 994 4018 credo,
1009 3936 1068 4004 cui
1082 3935 1156 4002 vim

162 4024 240 4102 lieri
266 4056 341 4101 non
367 4031 449 4099 licet
475 4045 620 4123 propter
643 4035 757 4102 varias
780 4035 925 4106 illorum
954 4036 1155 4109 sententias.

164 4131 286 4227 ltaque
303 4159 343 4202 ex
361 4133 436 4224 ipso
453 4134 644 4224 scripturae
666 4135 793 4220 ductu,
820 4161 859 4206 cx
876 4139 1074 4226 argumenti
1096 4162 1157 4206 or-

69 4315 72 4322 ,
166 4237 249 4305 dine
270 4234 465 4324 colligenda
486 4236 554 4303 suit
570 4231 744 4305 Martiae
761 4239 860 4306 lirma
876 4253 910 4308 et
925 4239 1061 4309 stabilis
1076 4263 1157 4307 sen-

166 4338 291 4420 tentia,
322 4362 428 4430 qoam
461 4337 632 4407 adiuvant
655 4341 781 4430 optimi
808 4341 957 4435 quique,
990 4342 1157 4434 quicum

166 4440 282 4529 ipsum
305 4440 422 4508 locum
447 4439 622 4529 integrum
640 4457 817 4514 enarrant.

1063 4688 1083 4723 r!

219 4749 310 4870 32)¹et
327 4746 518 4869 traqsiundunt
529 4779 564 4792 -
580 4746 700 4815 laconas]
729 4747 802 4803 llaec
822 4750 902 4803 verba
916 4749 1066 4806 Ldscheros
1079 4774 1159 4824 prae-

285 4835 375 4869 ermrsr
390 4856 397 4869 .

221 4899 394 4974 38)l.otl1eri
417 4918 480 4970 opp.
503 4899 546 4952 ed.
569 4898 657 4952 Viteb.
677 4901 824 4970 posterior,
856 4899 992 4956 Peocerus
1015 4915 1042 4957 et
1061 4903 1158 4961 1.tb..t.

272 4969 414 5090 ‘diii'
429 4978 491 5088 {3⁰⁵¹
510 4969 917 5092 ”iiiiii-‘'¹⁸32’',iiiii
931 4971 1159 5096 {tlt‘ttltt‘

272 5051 535 5227 ssaxiimgip‘l'izini
554 5057 712 5227 lippehein?
722 5058 1160 5179 signumginterpunelisniscmiixi

273 5197 348 5230 mum
362 5195 437 5229 rece
472 5193 541 5228 ae.
606 5213 611 5225 .

222 5261 267 5328 34)
287 5258 433 5328 Evangelii]
453 5256 590 5311 Procerus
604 5269 628 5311 et
639 5254 729 5312 Lil›.l.
743 5257 894 5311 ed.l.ond.:
912 5259 1095 5332 Evangelium.
1127 5265 1159 5318 F.

224 5346 268 5411 35)
292 5345 515 5464 conseutqqretrrrrl
553 5341 701 5396 lescheres
726 5353 751 5396 et
773 5343 880 5398 Luthcri
907 5364 986 5418 opp:
1019 5359 1161 5403 consecta-

278 5432 367 5466 nettttt.
430 5447 437 5463 ι

1206 911 1307 980 bium
1320 909 1441 979 vocari
1457 911 1502 981 ab
1516 907 1602 999 ipsis
1619 906 1832 980 auctoribus.
1874 901 2127 1002 Hierpnymus
2143 930 2203 977 ea-

1208 1013 1393 1102 stigatione
1409 1012 1564 1106 quadam
1585 1008 1795 1077 sententiam
1818 1030 1917 1078 suam
1938 1021 2138 1103 temperat,
2155 1009 2203 1080 sie

1208 1114 1388 1208 inquiens:
1416 1122 1457 1182 ot
1475 1107 1587 1197 dicis,
1608 1131 1716 1206 super
1725 1103 1875 1179 Petrum
1884 1105 2081 1209 fundatur
2097 1106 2204 1182 eccle-

1207 1214 1286 1298 sia,
1323 1212 1404 1285 iicet
1424 1210 1468 1284 id
1485 1213 1606 1312 ipsum
1624 1209 1665 1281 in
1687 1207 1768 1282 alia
1788 1209 1867 1282 loco
1889 1234 1996 1309 super
2022 1234 2147 1284 omnes
2162 1208 2203 1309 ⁸³)

1208 1315 1396 1415 apostotos
1411 1312 1509 1410 fiat,
1552 1323 1583 1385 et
1608 1312 1727 1384 cuncti
1750 1309 1869 1385 claves
1898 1313 2004 1408 regni
2023 1311 2203 1385 coetorum

1208 1417 1410 1517 accipiant,
1437 1428 1535 1489 etex
1554 1437 1671 1515 aequo
1690 1439 1800 1514 super
1821 1437 1880 1485 eos
1901 1413 2068 1487 ecclesiae
2082 1414 2203 1516 sorti-

1208 1517 1297 1591 tudo
1315 1516 1516 1607 solidetur,
1546 1528 1668 1588 tamen
1690 1527 1878 1615 propterea
1899 1515 1994 1587 inter
2014 1510 2203 1589 duodecim

1209 1648 1305 1693 unus
1321 1621 1487 1718 eligitur,
1516 1630 1555 1692 ut
1570 1620 1756 1691 scismatis
1773 1615 1931 1689 tollatur
1947 1618 2099 1691 occasio.
2138 1619 2204 1690 Vi-

1208 1728 1269 1795 des
1297 1727 1547 1817 interpolatam
1567 1724 1793 1812 castigatione
1814 1719 2040 1817 Hieronymi
2061 1736 2203 1794 senten-

1207 1829 1303 1898 tiam.
1367 1826 1501 1897 Doceat
1529 1849 1610 1914 ergo
1634 1821 1774 1909 Eleius,
1806 1829 1985 1917 quomodo
2018 1849 2060 1894 ex
2091 1848 2203 1919 aequo

1208 1953 1313 2023 super
1326 1953 1449 1999 omnes
1464 1928 1626 1998 ccclesias
1640 1923 1682 2024 ³⁸)
1705 1926 1878 1996 fortitudo
1895 1928 2085 2012 solidetur,
2100 1940 2137 1998 et
2151 1939 2203 1997 tr.

1207 2056 1288 2100 men
1305 2055 1398 2101 unos
1412 2032 1562 2121 eligatur
1576 2022 1619 2124 ³⁹)
1636 2024 1854 2126 Schismatis
1865 2052 1996 2098 caussa.
2047 2024 2097 2100 Et
2120 2023 2203 2098 huie

1207 2134 1312 2203 unico
1336 2129 1562 2225 Hieronymi
1582 2132 1676 2215 loco,
1706 2141 1794 2223 qum
1815 2130 1918 2198 liceat
1936 2131 2025 2199 alios
2046 2129 2203 2200 eiusdem

1208 2236 1410 2326 opponere?
1461 2229 1651 2329 Cypriani
1673 2234 1771 2301 locus
1794 2233 1838 2299 acl
1862 2224 2202 2328 Pupienumplan'e

1207 2332 1277 2405 huc
1292 2337 1462 2429 pertinet,
1488 2343 1648 2431 oportere
1666 2357 1778 2402 unum
1794 2355 1887 2414 esse,
1914 2331 1975 2403 cui
1987 2327 2125 2403 audiat
2136 2355 2201 2430 pe-

1204 2434 1337 2534 putus,
1361 2461 1435 2506 non
1453 2432 1599 2536 quidem
1615 2434 1727 2506 totius
1745 2431 1863 2514 orbis,
1887 2429 1956 2504 sed
1964 2430 2201 2529 singularum

1207 2535 1442 2617 dioecesium
1466 2538 1664 2633 Epistolam
1687 2538 1751 2632 qui
1770 2536 2080 2628 volerdiligemer
2099 2560 2202 2608 acu·

1206 2658 1294 2727 tere,
1317 2644 1357 2711 ni
1371 2645 1496 2729 fallor,
1522 2666 1597 2711 non
1612 2640 1715 2710 aliter
1731 2638 1913 2712 iudicabit.

1308 2743 1343 2815 6.
1373 2745 1456 2815 Non
1485 2757 1536 2815 est
1564 2744 1603 2812 in
1625 2739 1786 2833 Epistola
1819 2753 1957 2825 nostra,
1995 2731 2200 2818 Christum,

1231 2871 1317 2916 uum
1335 2843 1381 2941 ⁴⁰)
1405 2841 1514 2916 Petro
1536 2840 1711 2924 dixisset,
1735 2863 1844 2940 pasce
1867 2865 1946 2912 oves
1973 2865 2095 2922 meas,
2121 2841 2200 2938 poit

1203 2870 1273 3020 iac
1302 2943 1492 3045 Apostolis
1521 2969 1648 3044 parem
1678 2952 1891 3042 potestatem
1923 2938 2107 3013 traditam
2141 2955 2200 3013 ete.

1205 3050 1276 3122 Sed
1291 3052 1357 3137 sic,
1381 3060 1463 3147 post
1476 3073 1604 3146 parem
1619 3054 1832 3145 potestatem
1856 3039 2058 3130 traditam,
2084 3046 2200 3128 idest,

1202 3161 1398 3251 postquam
1418 3177 1492 3250 par
1512 3159 1675 3251 potestas
1699 3144 1842 3218 tradita
1866 3155 1936 3230 est,
1963 3145 2120 3245 aecipite
2136 3159 2199 3218 ete.

1204 3254 1343 3327 Deinde
1372 3258 1506 3329 dictum
1536 3248 1662 3324 Petro:
1698 3272 1807 3349 pasce
1835 3274 1915 3321 oses
1945 3271 2047 3319 meas
2069 3245 2113 3346 ⁴¹)
2137 3260 2199 3320 etc

1205 3356 1275 3427 Hie
1298 3358 1329 3427 si
1351 3359 1408 3429 vel
1428 3358 1700 3449 grammatistas,
1725 3377 1814 3447 quos
1836 3354 1940 3438 dicit,
1965 3351 2200 3423 consuluisset

1205 3455 1345 3541 Eleius,
1380 3461 1564 3550 epistolam
1596 3472 1753 3527 nostram
1780 3480 1855 3527 non
1885 3454 2120 3526 adulterasset
2138 3446 2198 3547 ⁴²).

1197 3560 1336 3646 Vides,
1363 3557 1457 3644 Elei,
1483 3561 1600 3630 redire
1615 3583 1673 3628 me
1694 3559 1738 3626 ad
1756 3558 1946 3648 crepidam.
1997 3555 2200 3649 Nequepe-

1205 3662 1358 3733 ricolom
1373 3679 1424 3735 est
1438 3665 1571 3748 ullum,
1597 3685 1641 3730 ne
1660 3656 1728 3730 hoc
1744 3661 1822 3728 loco
1838 3654 2015 3728 Muttine
2030 3653 2198 3726 invidiosi

1205 3788 1269 3856 per
1287 3778 1321 3836 te
1338 3766 1547 3851 reddamur,
1573 3764 1636 3856 qui
1657 3778 1727 3832 tam
1752 3762 1864 3853 probe
1886 3763 1931 3830 de
1946 3760 2080 3831 nostris
2101 3756 2199 3829 iudi-

1207 3890 1350 3940 caveris.

1309 3970 1344 4038 7.
1369 3967 1662 4039 Maccahaeorum
1680 3964 1783 4034 libris
1796 3960 1839 4058 ⁴³)
1865 3970 2009 4032 tantum
2034 3983 2111 4033 esse
2131 3983 2201 4030 aa·

1208 4068 1407 4152 claritatis,
1447 4078 1626 4168 quantum
1661 4075 1713 4136 est
1742 4062 1954 4158 Evangelio
1976 4062 2042 4160 ⁴⁴),
2084 4063 2200 4157 palam

1259 4383 1304 4454 86)
1322 4384 1411 4438 alieno
1431 4387 1549 4454 argum]
1574 4384 1655 4441 Loth.
1675 4402 1740 4455 opp.
1760 4382 1804 4437 ed.
1820 4380 1908 4435 Viteb.
1927 4377 2005 4449 prior
2021 4387 2048 4432 et
2066 4376 2113 4431 ed.
2129 4375 2200 4430 lent

1312 4454 1343 4505 in
1356 4453 1445 4513 alieno
1457 4473 1561 4524 argum.
1598 4453 1632 4506 F.

1260 4519 1306 4592 87)
1326 4528 1432 4592 omnes]
1452 4523 1530 4575 Loth.
1544 4541 1608 4592 opp.
1622 4521 1664 4575 ed.
1679 4520 1783 4574 Viteb.:
1802 4537 1858 4571 eos.
2126 4532 2129 4537 ·

1260 4592 1304 4661 88)
1327 4593 1477 4677 eeclesias]
1506 4593 1654 4644 lescheres
1679 4600 1704 4644 et
1726 4587 1804 4641 tutte
1826 4604 1889 4657 opp.
1909 4583 1951 4639 ed.
1969 4582 2076 4639 vitebn
2109 4579 2199 4639 eecle-

1259 4663 1448 4810 89)siligatriil
1477 4729 1589 4784 ,Lutheri
1609 4747 1688 4800 opp,
1718 4725 1856 4779 Procerus
1873 4732 1899 4776 et
1919 4718 1978 4776 Lib.
1995 4720 2016 4774 l.
2035 4717 2079 4773 ed.
2096 4716 2198 4774 tend:

1260 4797 1429 4936 ‘meqqutnqq
1447 4801 1613 4931 Liiiclieros,
1644 4865 1723 4919 Loth.
1744 4881 1807 4932 opp.
1826 4860 1867 4914 ed.
1887 4857 1978 4912 Viteb.
2005 4855 2085 4930 prior
2108 4866 2136 4912 et
2158 4855 2199 4910 ed.

1535 4937 1545 4952 V

1261 4935 1532 5088 41)ll'necl›iiu‚¹,1iives1
1541 4975 1619 5073 ,ηιεεε
1629 5023 1644 5046 ”
1662 5014 1813 5069 Liischeros
1825 5030 1882 5065 non
1896 5009 1984 5066 lrabet.
2019 5009 2056 5063 F.

1261 5107 1305 5175 42)
1321 5106 1507 5229 adulteqqsset]
1531 5107 1682 5161 Peucerus:
1707 5100 1889 5170 corripuisset.
1923 5093 1981 5164 (Sic
2001 5094 2056 5149 ism
2074 5093 2105 5149 in
2121 5092 2200 5147 toth.

1261 5181 1613 5330 43)o,llpilois¹:)l.iiscl1erus
1631 5253 1820 5331 praetermisit.
1855 5252 1888 5305 F.

1264 5347 1307 5417 Pl)
1322 5347 1482 5417 Evangelio]
1500 5345 1651 5398 Peuceruss
1671 5337 1846 5463 {trangettco
1868 5333 1904 5403 (Τ
1905 5342 2011 5425 uniant
2023 5334 2052 5389 in
2066 5350 2127 5407 epp.
2134 5328 2199 5384 Met.

1314 5415 1362 5473 lib.
1378 5415 1398 5468 l.
1416 5414 1462 5488 qui
1478 5434 1502 5469 a.
1519 5415 1586 5467 1570
1600 5412 1709 5484 produt.
1764 5410 1789 5477 ἶ)
