4500 5782
150 222 227 305 sss
497 186 501 193 ’
597 214 603 223 ’
744 219 1174 301 nrrsronaauu
1221 226 1327 305 nm.
1352 227 1400 305 11.
1465 227 1596 307 asso.
2110 233 2187 305 eoo

152 390 219 467 Est
241 395 338 465 enim
365 393 436 493 (ne
461 396 649 467 sublimem
662 396 776 481 ,illam
797 398 943 490 spiritus
970 422 1142 481 comeso,-
1193 402 1396 473 bernandae
1434 425 1526 472 onus
1563 402 1735 473 sustinere
1770 428 1877 495 porro
1912 427 1986 474 non
2015 416 2189 496 poterant.

64 572 69 581 ,
152 490 349 595 ppom'mpy
371 500 478 569 modo
500 495 688 593 attingam)
713 524 795 571 vere
811 496 1024 593 Evangeliea
1052 528 1143 594 pau·
1194 500 1301 595 Apud
1330 499 1395 573 hos
1416 504 1561 574 iuvenes
1581 505 1839 588 educabantur,
1875 505 1986 575 nullis
2006 506 2100 575 votis
2123 505 2189 575 ob-

152 599 411 695 pertasnoniu
426 600 631 695 accipiendo
645 602 764 671 sedin
781 604 912 674 dando.
962 602 1061 691 Mea,
1086 605 1145 673 iu·
1193 606 1309 689 noxii,
1349 605 1412 699 qui
1447 607 1578 674 eruditi
1609 607 1717 675 sacris
1754 607 1868 678 literis
1895 600 2189 698 praeficiebantur

152 701 273 797 quies,
300 701 430 796 reliqui
446 696 507 797 2“’);
538 716 574 774 at
591 703 728 790 malim,
759 704 831 775 tuis
850 719 903 791 te,
926 731 1033 800 quam
1056 706 1145 777 alie-
1194 706 1316 779 Rebus
1333 707 1497 800 publicis.
1549 701 1603 777 Ac
1624 708 1762 793 nescio,
1786 733 1832 778 an
1858 709 1896 777 in
1914 704 2043 779 borum
2068 710 2188 779 locum

151 802 211 875 nis
243 804 309 877 uti.
374 800 486 898 quue
522 829 598 875 non
627 805 807 891 videmus,
850 823 984 901 qrramo
1015 808 1146 879 rectius
1196 809 1424 879 successerint
1439 821 1559 901 postea
1576 803 1787 879 Academiae
1806 812 2041 899 generalium,
2066 823 2108 882 ut
2122 834 2188 879 vo·

152 906 253 977 heret
267 902 324 1000 ³⁰).
375 904 587 977 Mendicitas
606 931 691 977 vero
711 932 801 977 num
824 902 868 979 ad
889 906 1145 1000 Evangelicum
1195 923 1294 995 cant,
1328 910 1539 982 studiorum.
1605 909 1747 1000 Quaeso
1777 925 1898 983 nostro
1924 906 2189 983 Monachorum

153 1006 414 1081 institutionem
445 1010 612 1101 quadret,
648 1009 730 1078 aliis
755 1012 1004 1082 excutiendum
1035 1013 1147 1081 relin-
1197 1013 1315 1103 generi
1337 1012 1424 1106 quid
1446 1012 1592 1082 illorum
1612 1013 1751 1083 simile?
1801 1011 1994 1084 Postremis
2018 1010 2190 1105 tempori-

154 1134 239 1205 quo·
1197 1117 1264 1184 bus
1286 1115 1406 1207 plures
1426 1127 1537 1185 sectae
1554 1109 1812 1184 monachorum
1828 1116 1940 1185 factae
1955 1128 2057 1199 sunt,
2081 1138 2190 1207 quam

246 1210 370 1282 Porro
386 1210 742 1286 obedientiaevotum
758 1238 833 1284 non
852 1215 1024 1307 displicet.
1075 1213 1147 1286 Sed
1198 1230 1237 1286 ut
1252 1215 1424 1287 recenseri
1440 1215 1585 1308 possint,
1610 1216 1730 1285 addita
1747 1231 1842 1302 vota,
1867 1231 1973 1310 atque
1987 1217 2077 1286 adeo
2093 1210 2191 1285 chri·

156 1338 304 1409 quaeso,
331 1337 395 1385 cur
415 1338 489 1383 non
509 1330 543 1386 et
559 1314 714 1407 politicis
727 1318 990 1408 magistratibus
1007 1318 1149 1409 paretis,
1198 1318 1311 1388 stiana
1325 1317 1473 1391 libertas
1488 1316 1650 1391 extincta.
2127 1374 2131 1385 .

157 1418 255 1487 iuxta
282 1430 359 1487 tum
373 1406 477 1484 Pan·
495 1431 570 1487 tum
594 1409 714 1487 Pauli
734 1415 1050 1519 παραγγέλματαῖ
1100 1414 1148 1488 Et
1298 1416 1381 1489 Non
1399 1420 1478 1488 dico
1496 1418 1586 1502 iam,
1611 1443 1682 1513 quo
1701 1419 1849 1491 consilio
1866 1419 2095 1512 profiteamur
2111 1418 2193 1490 vul-

158 1519 256 1615 quod
282 1518 327 1589 ad
356 1518 591 1623 obedientiam
613 1520 798 1615 ²privatam
830 1522 1003 1613 pertinet,
1050 1522 1144 1613 quod
1199 1544 1262 1613 go,
1286 1521 1348 1614 qui
1371 1520 1524 1605 ventris,
1548 1520 1611 1614 qui
1633 1522 1893 1613 superstitionis
1915 1520 2026 1611 gratia
2049 1520 2192 1615 prolite-

158 1620 300 1695 Fratres
326 1618 434 1689 vestri
455 1602 641 1691 Prioribus
667 1622 815 1708 debent,
848 1618 915 1693 boc
938 1647 1002 1693 uos
1023 1622 1146 1693 divino
1200 1647 1290 1695 misr.
1343 1622 1433 1707 Sed,
1456 1635 1497 1693 ut
1516 1635 1597 1691 ante
1613 1622 1705 1707 dixi,
1730 1624 1899 1694 derebus
1921 1622 2026 1715 ipsis,
2050 1620 2192 1693 nonde

159 1722 237 1796 iure
261 1720 484 1814 parentibus,
517 1724 817 1815 praeceptoribus,
849 1724 1003 1817 publicis
1035 1723 1149 1815 magi·
1198 1720 1386 1794 hominum
1405 1724 1501 1793 vitiis
1519 1723 1673 1816 disputo.
1723 1722 1846 1817 Ipsum
1865 1748 1928 1818 per
1946 1748 2020 1797 sese
2036 1722 2192 1794 coelibe-

159 1824 342 1909 stratibus,
368 1822 497 1917 quibus
510 1821 551 1921 ³¹)
571 1824 684 1896 multo
705 1826 834 1896 rectius
856 1851 963 1921 quam
981 1850 1044 1898 vos
1065 1826 1150 1897 solis
1200 1840 1275 1898 tum
1295 1827 1341 1895 ita
1364 1828 1496 1917 probo,
1521 1840 1562 1896 ut
1585 1850 1660 1896 non
1683 1826 1798 1918 patiar
1815 1824 2193 1918 praeferrimatrimo-

159 1924 347 1999 Prioribus
365 1925 524 1997 adstricti
534 1920 579 2021 ³²)
595 1951 726 2000 sumus.
775 1925 829 1998 Ex
851 1924 907 1998 his
929 1929 1055 2021 opinor
1075 1952 1149 1997 non
1200 1929 1273 1998 nio.
1322 1926 1469 1998 Rectius
1489 1951 1555 1996 nos
1573 1952 1744 2019 pauperes
1766 1952 1902 2014 sumus,
1930 1938 2194 2022 quotquot'.no·

159 2028 280 2122 inepte
290 2027 408 2117 colligi
424 2051 541 2119 posse,
565 2029 794 2100 monasticam
815 2029 959 2100 vivendi
976 2030 1150 2101 rationem
1201 2045 1271 2099 stra
1300 2054 1380 2099 cum
1413 2028 1531 2119 egenis
1561 2029 1761 2099 communia
1797 2024 1980 2121 habemus.
2042 2024 2118 2099 Par
2143 2038 2195 2097 est

160 2156 237 2203 non
257 2154 331 2200 esse
348 2124 552 2221 optimam.¹
583 2128 699 2219 Quem
720 2131 816 2200 enim
838 2156 913 2201 non
932 2133 1149 2201 absterreant
1201 2130 1423 2202 obedientiae
1444 2132 1521 2199 laus
1546 2130 1639 2222 apud
1662 2156 1744 2216 nos,
1784 2131 1846 2225 qui
1871 2128 2099 2224 parentibus,
2133 2127 2195 2223 qui

160 2258 181 2304 a
200 2232 376 2303 coelibatu
395 2244 487 2302 certa
504 2246 539 2301 et
555 2232 751 2325 praesentia
766 2232 945 2326 pericula?
994 2231 1153 2325 Pauper·
1202 2235 1307 2305 bonis
1330 2232 1614 2325 praeceptoribus
1633 2257 1672 2301 ac
1690 2232 1952 2323 magistratibus
1969 2222 2194 2325 obtempere-

160 2348 215 2407 tas
235 2333 357 2403 tictitia
376 2348 448 2419 est,
479 2334 681 2406 obedientia
701 2337 839 2420 eadem,
870 2360 976 2430 quam
998 2359 1064 2406 nos
1083 2360 1152 2403 no·
1202 2359 1292 2409 mus.
1344 2332 1440 2423 Quid
1459 2333 1567 2425 igitur
1584 2334 1674 2403 tanti
1689 2335 1837 2404 facimus
1852 2330 2107 2405 Mouasticen?

162 2434 244 2507 stris
264 2436 435 2505 debemus
457 2448 534 2506 tum
558 2437 782 2528 parentibus,
811 2450 888 2507 tum
916 2437 1152 2531 praeceptori·
1304 2434 1388 2505 Non
1418 2447 1492 2507 erat
1522 2434 1641 2506 ocium
1669 2437 1772 2528 plura
1809 2435 2005 2521 scribendi,
2059 2426 2196 2527 alioqui

161 2538 247 2623 bus,
277 2549 352 2607 tum
379 2537 649 2627 magistratibus.
709 2537 808 2628 Quid
836 2539 944 2629 igitur
970 2553 1152 2629 tantopere
1203 2551 1365 2621 acturus,
1390 2561 1496 2631 quarn
1510 2549 1640 2607 temere
1654 2551 1693 2607 tu
1708 2562 1849 2631 quoque
1864 2551 2005 2607 nostrae
2022 2534 2118 2605 vitae
2136 2556 2194 2603 re-

70 2638 73 2643 ’
162 2654 244 2710 vota
266 2639 499 2732 praedicatis?
555 2636 630 2710 Cur
651 2641 793 2733 ineptus
816 2640 877 2709 ille
899 2638 1025 2712 Frater
1047 2633 1153 2710 Tho·
1202 2640 1337 2710 tionem
1352 2638 1590 2731 perditionem
1605 2663 1718 2712 voces.
1768 2636 1893 2709 Deme
1907 2634 1999 2708 nihil
2016 2632 2196 2731 dico,qui

162 2766 246 2813 mos
259 2737 309 2811 ab
318 2734 469 2839 Aquino
483 2741 571 2813 tanti
585 2743 669 2813 fecit
683 2742 957 2834 professionem,
977 2742 1095 2836 utqui
1114 2742 1154 2810 in
1203 2765 1277 2813 non
1295 2764 1438 2832 negem,
1464 2765 1520 2810 me
1541 2740 1751 2834 neutiquam
1769 2742 1982 2833 respondere
1998 2732 2197 2810 Christiani
2220 2769 2223 2773 ·

161 2844 269 2915 verba
279 2856 394 2914 vestra
410 2843 590 2928 iuraverit,
605 2843 638 2912 ei
652 2844 849 2914 condonata
867 2867 940 2913 esse
955 2844 1074 2915 omnia
1091 2844 1154 2913 de-
1203 2843 1361 2913 nominis
1380 2842 1496 2919 titulo.
1546 2839 1682 2912 Verum
1704 2843 1747 2911 de
1761 2856 1835 2914 toto
1853 2857 1976 2913 nostro
1996 2862 2127 2933 genere
2141 2838 2197 2908 lo-

162 2946 245 3018 licta
273 2945 435 3016 censeat?
492 2943 696 3016 Tantumne
723 2944 954 3039 professionis
985 2942 1154 3016 meritum
1205 2969 1315 3039 quor,
1349 2968 1424 3014 nou
1447 2942 1567 3025 minus
1588 2938 1791 3014 Christiane
1812 2939 1949 3039 vivi.³')
1971 2965 2077 3035 posse
2101 2950 2198 3011 extra

162 3048 240 3121 est?
289 3042 339 3119 At
353 3047 523 3140 scriptura
539 3048 639 3117 nulla
650 3062 719 3135 est,
744 3072 834 3142 quae
846 3048 884 3118 id
901 3049 1048 3119 doceat.'
1204 3046 1439 3132 Monasteria,
1478 3069 1585 3139 quam
1621 3046 1715 3137 apud
1748 3068 1823 3119 vos.
1893 3042 2091 3127 Versamur'
2106 3062 2198 3133 ⁴nou

263 3146 356 3219 Vide
371 3174 461 3245 quae
478 3145 740 3236 Monacborum
757 3142 847 3220 ratio
874 3152 1055 3244 quondam
1075 3148 1154 3218 iue-
1204 3149 1309 3243 pauci
1329 3161 1427 3241 extra
1440 3142 1659 3241 Monasteria
1682 3147 1721 3215 in
1737 3147 1864 3243 studiis¹
1879 3169 2064 3229 sacrarum
2074 3142 2197 3237 litera-

162 3251 221 3327 rit.
272 3249 403 3321 Primis
420 3251 514 3320 enim
529 3247 814 3324 Christianorum
834 3253 1053 3365 temporibus
1072 3251 1154 3349 qui-
1204 3268 1286 3347 rurn
1303 3250 1422 3327 ,mutto
1445 3228 1588 3347 maiore
1603 3248 1767 3338 negocio,
1801 3272 1908 3342 quam
1929 3238 2097 3341 relikiosi'·
2113 3236 2195 3341 tilli3

162 3355 263 3439 dem,
299 3365 340 3423 ut
361 3346 639 3449 eidwtotoirpwsr
665 3346 962 3426 consuetudinem
988 3354 1153 3438 vitarent,
1186 3360 1402 3446 ‘quae'sane
1422 3336 1619 3443 prdbabilis
1642 3350 1840 3420 coniectura
1864 3363 1933 3437 est,
1963 3346 2038 3447 esse
2056 3324 2198 3465 dliilffl

161 3455 366 3525 maluerunt
383 3449 425 3549 ³³)
449 3454 486 3522 in
509 3455 671 3539 desertis,
703 3480 809 3549 quam
832 3456 951 3543 domi,
982 3479 1098 3549 quam¹
1112 3454 1153 3545 iu
1206 3449 1471 3547 christianitatis
1492 3452 1597 3541 etiam
1617 3452 1712 3543 apud
1733 3475 1810 3526 nos.
1826 3448 1835 3517 j
1859 3444 2198 3541 Non'nmnia'aiobis

163 3555 365 3627 civitatibus
379 3557 514 3646 degere.
550 3548 635 3626 Suis
648 3548 1028 3645 illi‘manibus'victum
1044 3556 1153 3649 quae·
1205 3566 1380 3645 arrogate:
1407 3560 1448 3635 et,¹
1461 3542 1788 3653 qui'manducatis,
1812 3576 1859 3623 ne
1882 3548 2197 3655 cofiiimssiltsfflss

162 3656 300 3730 rebant.
372 3654 661 3732 Conveniebatur
699 3656 919 3751 frequenter,
956 3656 1154 3727 dissereba-
1204 3658 1487 3737 usanducantesi'
1519 3652 1628 3731 Plura
1648 3654 1747 3727 alias.
1793 3662 1796 3667 ’
1939 3660 1942 3665 ’
1994 3734 1998 3739 ,
2043 3646 2117 3745 ','·',‚'
2141 3660 2154 3741 ἶ

163 3773 224 3832 tur
241 3755 288 3855 ³⁴)
310 3760 354 3829 de
377 3759 484 3852 spcrls
502 3759 698 3853 mysteriis,
727 3758 859 3849 fiebant
878 3755 1154 3853 supplicationes
1223 3845 1226 3849 ‚
1276 3754 1383 3841 :lam
1399 3766 1435 3849 et
1448 3769 1504 3845 tu,
1527 3755 1558 3835 si
1575 3755 1709 3851 poteris
1729 3753 1880 3841 moveri,
1890 3750 1992 3865 [quid
2009 3750 2199 3859 inprims-

162 3885 230 3957 pro
250 3857 424 3946 Ecclesia,
455 3885 520 3953 pro
542 3884 663 3933 rerum
686 3855 925 3945 humanarum
950 3858 1156 3955 tranquilli·
1204 3854 1331 3955 retain
1344 3856 1570 3957 'optimum‘get
1587 3852 1828 3929 doctissimum
1844 3846 2201 3955 .prpece‘ptdi3e[uj]n'o-.

163 3977 252 4049 tute,
276 3986 343 4035 nec
358 3976 434 4034 tum
454 3963 528 4035 ulla
548 3976 648 4037 erant
667 3976 760 4047 vota.
818 3961 944 4045 Secuta
968 3976 1049 4033 sunt
1069 3961 1153 4050 inde
1206 3949 1318 4031 struin
1345 3950 1589 4049 Lethaeum?
1651 3956 1734 4028 Non
1764 3958 1908 4051 arguam·
1938 3946 2200 4057 te,.mendqcii,

152 4060 323 4157 collegia
341 4088 485 4157 eorum,
505 4064 568 4158 qui
588 4064 725 4155 collatis
738 4065 981 4153 incommune
989 4062 1155 4157 pecuniis
1206 4065 1268 4133 sed
1282 4062 1359 4133 seio
1369 4050 1505 4140 tamen,
1530 4064 1596 4130 nec
1617 4072 1811 4152 apostatam
1827 4054 1930 4130 illuni
1949 4050 2041 4142 esse,
2067 4050 2201 4127 eteoc-

163 4167 340 4244 vixerunt.
405 4163 506 4255 Quae
538 4167 756 4241 consuetudo
786 4166 931 4260 proprie
959 4164 1093 4255 incepit
1112 4158 1154 4260 ³¹)
1206 4156 1377 4260 lebare⁰)
1399 4177 1433 4233 et
1456 4162 1615 4232 ieiunare
1638 4175 1672 4233 et
1693 4185 1811 4246 orare,
1834 4161 1890 4230 ⁴ita
1916 4173 1957 4231 ut
1983 4182 2066 4229 cum
2082 4152 2201 4229 Char·

164 4268 413 4340 discendarum
437 4291 615 4338 sacrarum
639 4268 821 4341 literarum
842 4267 965 4357 gratia.
992 4263 1155 4336 *Deinde
1207 4266 1309 4338 tusiis
1329 4287 1470 4358 quoque
1494 4262 1648 4334 conferri
1671 4277 1799 4354 posset.
1865 4256 1932 4333 Ille
1959 4260 2056 4331 zelus
2083 4270 2211 4331 rester-

163 4383 355 4463 coeperunt
380 4370 487 4441 cnudi
507 4363 552 4462 ³⁰)
575 4367 811 4456 Monesen-ta,
846 4370 885 4439 in
913 4391 1003 4463 quae
1028 4390 1096 4437 ceu·
1115 4366 1154 4435 in
1207 4381 1275 4454 est,
1299 4392 1370 4461 quo
1387 4378 1526 4458 oportet
1542 4366 1656 4435 bonos
1676 4364 1771 4437 viros
1791 4363 1879 4433 salso
1896 4360 2101 4447 criminari,
2125 4382 2202 4433 non

163 4484 307 4566 portum
339 4472 571 4564 profugerunt
602 4471 759 4557 emeriti,
796 4466 1064 4567 qui'Ecelesiae
1090 4472 1156 4560 'gu-
1207 4492 1354 4559 arguere
1373 4468 1475 4542 -vitia
1541 4461 1703 4537 Ostende
1724 4466 1811 4559 quid
1835 4464 1896 4536 ille
1916 4476 2027 4549 erret;
2064 4460 2203 4533 doetri-

1096 4620 1099 4625 ·
1207 4594 1291 4641 narn
1307 4572 1455 4655 damna3
1481 4592 1597 4638 mores
1619 4591 1693 4635 non
1714 4581 1824 4658 potes.
1873 4564 1964 4635 Vale
1988 4578 2023 4635 et
2043 4563 2203 4634 rescribe

215 4678 568 4765 serettqu31Met.opp.2
588 4680 744 4754 „roliers-'⁹
779 4678 930 4749 autentu
943 4675 1072 4751 epistota,
1086 4694 1156 4751 quse
1207 4696 1270 4764 per
1283 4670 1407 4745 otium.
1446 4666 1560 4742 Nobis
1572 4664 1640 4739 boc
1655 4683 1811 4759 tempore
1827 4668 1930 4761 plura
1944 4689 2021 4736 non
2033 4663 2206 4737 licebant·

215 4748 546 4901 ωῶἳζϋοῗῖἑῖῗζ
557 4851 566 4888 =
579 4748 683 4898 fga...
1207 4772 1288 4847 Dat.
1297 4772 1580 4862 Wittenburgae
1595 4767 1657 4841 ‘lto
1670 4767 1792 4839 Nonas
1806 4765 1901 4838 lunii
1922 4790 2018 4839 anno
2034 4764 2108 4861 XX
2121 4760 2178 4863 ⁸¹).

215 4920 262 4991 81)
276 4917 389 4992 quibus]
404 4936 431 4974 c.
445 4915 496 4971 Ga
514 4919 635 4990 „quibus
650 4920 729 4972 nos.”
1207 4950 1473 4963 -..-..-.

216 5004 265 5070 82)
283 5002 415 5067 adstricti]
435 5019 460 5055 c.
474 4998 530 5053 Ga
547 4999 724 5064 „obstricti”

217 5089 261 5159 88)
279 5084 445 5156 maluerunt]
465 5083 644 5156 Ep.primum
660 5084 745 5139 editas
762 5082 963 5150 „maluerint”
1000 5084 1033 5140 F,
1242 5032 1268 5100 ἦ
1288 5049 1307 5083 ¹·
1322 5047 1346 5082 ε’
1362 5028 1492 5081 ⁰⁰²¹¹b⁰m
1505 5045 1570 5081 Μ·

218 5170 473 5295 agap„
490 5166 558 5222 ro·
580 5186 644 5240 a.
663 5170 704 5238 a
723 5167 786 5224 a.
799 5165 908 5238 aaa
1004 5166 1156 5225 aaa.
1260 5109 1754 5254 statuarasv·⁵··
1773 5130 1819 5182 ψ·
1835 5108 1995 5166 ‘eet-
2008 5118 2205 5183 aas,

217 5278 326 5395 min'
362 5274 432 5392 “1⁶⁰
452 5317 507 5375 G·
548 5318 629 5374 ime
647 5325 675 5372 ί.
687 5318 757 5374 m„
1260 5260 2203 5387 88)lapteptubsiqsoterisM-ltitoNou.lnrssXXjssmhbpt

219 5409 266 5481 a
283 5341 543 5481 ,aaran
556 5338 647 5461 ,at
766 5401 904 5460 aaa·
1312 5345 1645 5477 aat;.‚.auttt.
1659 5342 1909 5470 uastata,
2043 5330 2198 5407 ‘tr'
