4500 5782
58 224 136 298 cra
183 233 221 339 Ι·
468 190 473 197 ’
653 222 1091 302 nersroranurr
1141 227 1247 304 me.
1282 226 1330 305 n.
1383 228 1510 306 1521.
2015 227 2090 301 su

59 393 213 491 phorom
227 384 352 485 fecem,
375 393 608 487 Theologiam
622 394 876 486 scholasticam,
898 402 1051 486 damnet,
1103 400 1296 492 exprimere
1319 400 1402 470 scite
1422 424 1496 470 non
1516 411 1647 490 posset,
1670 400 1811 467 velasse.
1863 395 1945 485 Quo
1969 422 2089 468 exem-
2154 424 2166 434 ·

59 514 165 594 etque
183 522 227 569 ex
249 500 295 570 iis
312 513 400 593 puto
420 524 494 569 non
516 500 664 570 obscure
685 502 853 591 intelligi,
877 504 973 595 quod
995 517 1052 572 to·
1102 502 1163 592 plo
1177 526 1241 571 nos
1257 502 1361 572 etiam
1381 504 1527 572 fortasse
1543 500 1686 571 decebat
1702 501 1804 568 silere
1819 500 1952 590 potius,
1980 524 2088 593 qrram

58 602 127 672 ties
156 616 330 696 tantoque
354 602 463 672 enimi
488 616 586 671 aestu
606 602 772 688 dicimus,
804 600 1051 699 philosophiae
1103 619 1175 674 tam
1196 605 1311 693 gravis
1334 627 1473 673 caussae
1499 602 1779 692 magnitudinem
1816 601 1951 690 ingenii
1983 602 2087 693 culpa

60 728 102 773 ae
125 698 344 775 scholasticis
364 704 475 774 literis
504 704 626 773 deberi
651 705 824 797 quidquid
851 718 902 775 est
928 708 969 773 in
994 728 1052 774 re-
1103 706 1277 790 deterere,
1321 707 1527 796 praesertim
1558 728 1639 774 cum
1666 705 1759 794 apud
1791 725 1848 771 eos
1872 726 1927 771 res
1953 716 2088 791 agetur,

61 804 206 897 publiea
241 802 445 877 Christiana
485 806 711 896 publicorum
747 832 786 875 ac
830 808 1050 898 privatorum
1103 830 1254 898 quornm
1275 808 1544 898 prudentiatali
1565 805 1741 874 monitore
1762 800 1964 872 nonhabet
1985 828 2084 894 opus.

60 907 251 981 malorum.
301 906 424 976 Latius
438 907 534 973 enim
550 921 696 996 vagatur
710 903 817 976 huius
837 910 943 999 pestis
965 932 1052 977 con·
1103 907 1173 977 Sed
1190 904 1259 978 huc
1275 933 1331 977 me
1349 910 1456 1001 impia
1471 907 1661 978 adversarii
1675 906 1791 993 adegit
1804 905 1935 989 oratio,
1961 904 2033 989 illi,
2053 905 2086 973 si

61 1009 174 1098 tegio,
210 1030 317 1101 quam
337 1021 378 1077 ut
399 1030 477 1076 earn
499 1008 685 1101 quisqua'm
706 1011 915 1097 cogitatione
941 1011 1052 1079 animi
1103 1010 1187 1100 quid
1209 1035 1229 1078 a
1253 1010 1356 1079 nobis
1374 1036 1436 1102 per
1454 1008 1728 1102 imprudentiam
1743 1007 1888 1076 fortasse
1908 1012 2085 1096 peccatur,

62 1109 253 1201 consequi,
278 1112 411 1179 nedum
424 1110 585 1178 oratione
600 1111 783 1200 complecti
797 1125 911 1203 queat.
962 1110 1052 1179 Pro-
1104 1111 1333 1201 imputabitis.
1383 1108 1495 1182 Porro
1513 1110 1759 1202 utaliquando
1781 1108 1824 1176 ad
1840 1121 1954 1191 tuam,
1976 1102 2087 1189 hicce,

61 1210 381 1302 stituit,.inquam‚
401 1209 582 1301 prostituit
601 1208 795 1280 Ecclesiam
817 1208 1052 1303 philosophia,
1103 1212 1298 1281 orationem
1313 1214 1464 1286 veniam.
1513 1210 1605 1281 Nam
1625 1207 1807 1293 hocloco,
1833 1232 1904 1301 quo
1927 1203 2103 1298 philoso-'
2201 1236 2204 1241 ·

60 1325 198 1382 utcum
217 1309 372 1380 infandis
393 1311 498 1380 etiam
514 1309 689 1380 Sodomae
710 1312 920 1382 libidinibus
942 1326 1053 1382 certe·
1103 1308 1224 1402 phiam
1243 1314 1421 1399 vindicas,
1443 1314 1574 1383 mirum
1591 1326 1658 1396 est,
1679 1335 1784 1404 quam
1807 1310 1984 1398 eleganter
2003 1303 2087 1378 rhe-

61 1434 154 1486 mus.
215 1408 264 1483 Et
288 1413 422 1482 invexit
445 1413 483 1479 in
505 1408 698 1481 Ecclesiam
722 1414 816 1482 idola
846 1438 907 1484 sua
931 1410 1054 1506 philo-
1103 1415 1272 1487 toriecris.
1309 1439 1347 1485 ac
1360 1417 1519 1506 primum
1530 1415 1671 1508 quidem
1686 1412 1799 1481 videri
1812 1410 1866 1479 vis
1879 1403 2087 1479 Lutherum

63 1508 209 1606 sophia,
234 1527 274 1583 ut
296 1512 475 1583 Samariae
497 1514 682 1583 simulacra
706 1515 809 1583 ctiam
835 1517 1052 1607 superaverit
1103 1515 1256 1584 alienum
1286 1542 1305 1586 a
1341 1512 1594 1609 philosophicis
1626 1514 1815 1584 virtutibus
1849 1528 1883 1583 et
1914 1512 2088 1581 eiusmodi

63 1615 229 1706 impietas
256 1629 388 1687 nostra,
452 1611 501 1682 Et
532 1610 623 1683 hanc
651 1617 831 1685 mordicus
858 1630 979 1685 tenent
1012 1640 1051 1686 ac
1104 1619 1256 1708 quodam
1277 1620 1387 1687 animi
1406 1619 1537 1709 impetu
1556 1617 1657 1700 ferri,
1679 1640 1784 1708 quem
1806 1614 1983 1683 moderari
2003 1609 2088 1704 phi-

63 1727 229 1796 tuentur,
268 1717 330 1808 qui
357 1739 393 1784 se
414 1712 591 1783 Ecclesiae
614 1730 781 1806 patronos
806 1730 840 1785 et
857 1714 1052 1808 Episcopos
1103 1714 1303 1808 losophicae
1320 1720 1441 1789 literae
1456 1731 1643 1811 nequeant.
1694 1716 1736 1784 In
1753 1741 1823 1809 quo
1838 1716 1869 1783 si
1884 1739 1958 1783 non
1980 1736 2087 1799 erras,

62 1812 243 1906 Theologi
255 1816 417 1905 religiose
429 1817 628 1907 nuncupari
642 1819 777 1902 volunt,
796 1842 901 1911 quam
915 1821 1052 1888 utinam
1104 1832 1165 1887 aut
1177 1832 1217 1887 tu
1231 1843 1335 1909 parce
1353 1815 1621 1911 philosophatus
1634 1818 1781 1900 videris,
1805 1817 1866 1908 qui
1883 1831 1954 1885 tam
1971 1816 2088 1906 impo-

62 1919 113 1990 ita
143 1918 254 1989 sitin
276 1941 386 1987 manu
413 1918 518 1986 nobis
541 1919 774 1988 exterminare
799 1943 817 1986 e
843 1916 1052 1990 Christianis
1103 1933 1238 2005 tenter,
1271 1934 1344 1991 tarn
1370 1921 1558 1992 crudeliter
1582 1920 1621 1987 in
1638 1911 1844 1986 Lutlrerum
1878 1931 1912 1987 et
1931 1917 1970 1985 in
1989 1911 2088 1995 huuc

62 2020 189 2104 rebus,
209 2033 250 2089 ut
265 2032 299 2088 et
312 2014 398 2088 haec
413 2019 526 2089 oratio
541 2032 576 2089 et
590 2014 658 2087 hae
672 2015 864 2089 lachrimae
878 2023 1053 2091 devovent
1104 2034 1216 2090 totum
1238 2043 1376 2111 gregem
1393 2035 1554 2091 nostrum
1577 2014 1817 2103 debaccharis,
1842 2031 1903 2087 aut
1921 2017 2088 2108 magistra

64 2135 99 2191 et
115 2133 352 2194 exscmntnr.
386 2117 567 2208 Quorsum
583 2121 1053 2214 enim,principes,praepo-
1104 2117 1329 2214 philosophia
1354 2147 1429 2192 non
1451 2123 1548 2192 aliud
1568 2121 1738 2204 didicisti,
1758 2119 1829 2186 nisi
1843 2120 1979 2203 fallere,
2005 2118 2088 2212 qui-

62 2237 156 2294 ctera
171 2218 234 2291 illa
256 2221 462 2310 diligentia?
512 2219 693 2308 Quorsum
713 2246 839 2292 vesana
859 2225 1054 2308 curiositas,
1104 2224 1226 2307 citari,
1264 2226 1529 2319 συκοφαντεῖν,
1573 2247 1656 2291 nam
1680 2218 1744 2288 has
1769 2222 1916 2290 virtutes
1940 2241 2025 2309 prae
2049 2242 2088 2288 se

63 2346 153 2419 qun,
188 2346 234 2391 ne
256 2322 344 2415 quid
365 2322 527 2411 ignorare
552 2324 759 2392 viderentur
780 2325 856 2410 isti,
893 2326 1053 2394 omnium
1104 2324 1172 2393 sert
1189 2325 1301 2395 oratio
1320 2339 1396 2411 tua,
1422 2325 1635 2394 certissimus
1649 2322 1760 2391 animi
1775 2322 1890 2389 index.
1941 2316 1989 2389 Et
2004 2316 2089 2412 phi-

61 2424 317 2519 mysteriorum
335 2422 538 2493 coelestium
561 2438 695 2493 exactas
712 2426 867 2495 rationes
883 2427 1054 2515 vestigare
1106 2421 1329 2516 losopltatum
1348 2440 1381 2494 te
1401 2449 1475 2495 non
1492 2426 1643 2514 segniter
1664 2423 1890 2507 crediderim,
1916 2421 1948 2490 si
1968 2417 2088 2514 pbilo-

62 2526 184 2597 conati
203 2525 311 2595 sunt?
359 2521 514 2594 Adorari
527 2540 561 2596 et
577 2527 673 2594 credi
687 2527 814 2597 volunt
822 2529 992 2598 ‘sublimia
1010 2529 1054 2597 de
1106 2523 1266 2617 sophiam
1283 2530 1410 2597 docent
1425 2527 1605 2620 syllabarii
1621 2524 1839 2614 grammatici
1851 2525 1890 2591 in
1902 2521 2090 2615 prosodiis3

62 2628 242 2711 uirtute,
274 2627 319 2695 de
339 2627 582 2717 providentia,
614 2629 659 2695 de
682 2628 926 2699 incarnatione
953 2629 1054 2699 verbi
1107 2652 1256 2721 quarum
1271 2652 1351 2699 cum
1367 2642 1407 2698 t'u
1420 2641 1473 2699 tot
1490 2630 1561 2697 iam
1577 2649 1689 2696 annos
1706 2626 1882 2718 professor
1904 2624 1967 2709 sis,
1992 2647 2089 2694 nunc

62 2729 251 2824 mysterio,
279 2728 480 2798 rationibus
505 2724 671 2798 humanis
694 2731 872 2820 penetrari
894 2752 969 2799 non
989 2755 1052 2799 vo-
1106 2743 1248 2819 repente
1278 2729 1376 2799 velut
1405 2754 1423 2798 e
1454 2742 1546 2799 terra
1573 2742 1676 2797 natus
1697 2728 1820 2816 prodis
1844 2720 2088 2819 philosophus.

61 2831 155 2901 lunt.
222 2824 342 2922 Atque
370 2831 509 2899 utinam
538 2832 662 2900 saltem
689 2828 917 2901 Aristotelem
950 2854 1052 2901 suum
1104 2827 1196 2899 Ecce
1216 2844 1333 2900 autem
1355 2832 1459 2902 nobis
1482 2827 1669 2901 Thaletem
1699 2829 1823 2912 istum,
1857 2851 1962 2920 quam
1989 2829 2089 2898 docte

63 2932 249 3002 audissent
272 2926 339 2999 hac
362 2945 478 3020 parte,
509 2933 663 3001 ubitam
685 2933 870 3022 pueriliter
890 2933 1055 3023 desipue-
1106 2927 1391 3024 philosophatur,
1421 2956 1528 3024 quom
1553 2958 1593 3001 ex
1611 2923 1779 3000 Lulltero
1800 2927 1973 3022 Cynicum
1995 2929 2090 3014 facit,

62 3056 118 3119 re,
143 3033 196 3102 ait
209 3032 304 3100 enim
319 3032 397 3114 ille,
415 3027 457 3102 τὸ
475 3027 624 3127 ἀκριβὲς
641 3029 710 3124 οὐχ
724 3028 861 3127 ὁμοίως
879 3033 920 3106 ἐν
940 3030 1055 3103 ἅπασι
1106 3035 1161 3103 cui
1183 3048 1224 3103 ut
1242 3034 1475 3123 respondeam
1491 3033 1624 3127 Cynico
1645 3032 1864 3125 syllogismo,
1896 3052 2024 3121 quaeso
2044 3041 2089 3113 te,

62 3135 142 3214 τοῖς
173 3126 299 3231 λόγοις
329 3128 570 3226 ἑπιζητητὲον.
642 3132 823 3223 Quorsum
850 3159 935 3203 vero
968 3131 1053 3203 haec
1105 3132 1214 3215 hicce,
1231 3127 1439 3202 Lutherum
1453 3158 1526 3203 esse
1543 3135 1609 3218 ais,
1630 3135 1724 3226 quod
1741 3146 1781 3201 tu
1796 3125 1908 3225 cs²²)‚
1934 3153 1979 3198 an
1991 3130 2091 3199 non?

63 3234 234 3318 stultitia,
268 3234 379 3304 malle
396 3235 441 3302 ad
461 3249 608 3305 naturae
631 3236 740 3324 leges,
766 3260 872 3328 cluam
892 3237 936 3304 ad
960 3235 1055 3304 divi·
1106 3234 1180 3306 Iam
1195 3238 1337 3329 quando
1353 3231 1446 3305 nihil
1465 3236 1518 3303 vis
1540 3235 1607 3305 tibi
1631 3259 1709 3303 cum
1726 3232 1790 3301 illo
1805 3254 1992 3301 commune
2005 3253 2090 3318 esse,

63 3358 128 3405 nas
156 3335 253 3425 exigi
284 3329 473 3403 hominum
503 3360 636 3421 mores,
672 3361 752 3405 cum
784 3338 861 3405 falli
881 3338 1052 3408 iudicium
1105 3360 1225 3406 nonne
1257 3338 1357 3428 bipes
1374 3329 1565 3406 Lutherus
1595 3336 1669 3406 est?
1718 3357 1800 3425 ergo
1827 3333 2001 3424 tripedem
2027 3347 2090 3405 ant

63 3450 215 3507 naturae
230 3435 357 3526 possit,
380 3437 522 3506 divinae
534 3439 621 3527 legis
633 3462 707 3508 non
721 3439 855 3530 possit?
892 3433 952 3508 An
969 3463 1052 3508 vero
1105 3440 1367 3531 quadrupedem
1401 3462 1475 3509 esse
1507 3453 1540 3509 te
1569 3438 1807 3530 consequitur.
1874 3432 1956 3505 Huc
1983 3436 2089 3505 nobis

57 3528 137 3608 'non
149 3538 280 3607 fefellit
295 3537 433 3627 uspiam
449 3534 681 3631 philosophos
697 3541 805 3626 ratio,
830 3564 920 3635 quae
936 3541 986 3609 eis
1001 3554 1054 3611 tot
1104 3536 1283 3609 Elenchos
1313 3537 1572 3625 Aristotelicos,
1613 3537 1681 3610 huc
1712 3561 1854 3607 omnem
1876 3537 2089 3626 farraginem

65 3652 259 3722 mnarum,
283 3648 337 3707 tot
356 3639 615 3709 dissensionum
637 3656 740 3711 autor
761 3656 822 3711 est.
871 3641 1053 3732 Quorsum
1105 3638 1358 3732 sophismatum
1373 3640 1608 3713 Eccianornm
1630 3640 1831 3734 producito,
1860 3639 1898 3706 ni
1915 3639 2002 3707 libet
2016 3662 2090 3709 esse

64 3734 150 3809 brec
181 3740 338 3809 amentia
375 3741 573 3810 absolutam
600 3742 767 3812 virtutem
799 3740 964 3813 humanis
993 3770 1055 3814 co·
1105 3745 1345 3837 quadrupedi,
1371 3758 1410 3815 ut
1424 3767 1469 3813 ne
1484 3746 1569 3837 qnid
1583 3738 1728 3836 posthac
1742 3740 1927 3810 absurdius
1944 3740 2111 3830 colliga»,

64 3841 210 3911 mribus
235 3841 373 3932 potius,
405 3866 511 3933 quam
532 3843 648 3911 divini
671 3845 815 3936 spiritus
839 3870 965 3937 operae
987 3848 1053 3916 tri·
1105 3858 1174 3918 tur.
1211 3843 1395 3934 Ignoscite,
1413 3846 1599 3937 principes,
1619 3846 1708 3929 ioco,
1725 3839 1970 3937 quieCynico
1990 3841 2088 3912 dolio

65 3942 191 4027 bunc,
216 3964 299 4010 cum
319 3954 352 4010 et
372 3936 578 4034 philosophi
599 3946 743 4037 quidam
766 3947 903 4016 innasci
924 3948 1053 4033 verius,
1103 3948 1280 4039 proiectus
1299 3960 1360 4019 est.
1411 3947 1481 4018 Sed
1503 3960 1543 4017 ut
1558 3947 1698 4015 redeam
1718 3945 1764 4013 ad
1786 3967 1874 4017 rem.
1923 3937 2089 4013 Philoso-

66 4066 171 4136 quam
197 4042 317 4133 parari
340 4056 462 4112 nostro
490 4047 619 4114 sudore
643 4047 810 4117 virtutem
844 4048 1053 4118 docuerint?
1104 4043 1226 4139 phicas
1254 4048 1402 4119 virtutes
1428 4050 1635 4138 deprecatur
1660 4038 1850 4116 lutherus
1877 4046 1946 4130 ita,
1981 4060 2022 4115 ut
2045 4066 2087 4114 ex

65 4139 132 4214 llic
144 4156 301 4213 vestram
315 4143 439 4228 tidem,
463 4160 614 4215 vestram
631 4148 793 4237 pietatem
807 4150 973 4240 implorat
983 4147 1054 4219 Ec·
1104 4149 1223 4218 animo
1247 4149 1347 4217 malit
1367 4144 1597 4221 Christianas.
1662 4146 1770 4238 Quod
1797 4147 1827 4215 si
1847 4170 1912 4237 pro
1935 4161 2088 4217 stercore

66 4244 187 4329 clesia,
215 4256 261 4313 -ut
282 4238 451 4315 hactenus
476 4242 722 4339 philosophiae
756 4264 790 4319 et
815 4246 1053 4320 humanarum
1105 4250 1203 4319 ducit
1224 4250 1326 4318 dirus
1342 4247 1473 4318 Paulus
1495 4274 1553 4319 eas
1572 4251 1736 4334 virtutes,
1762 4272 1848 4341 quas
1868 4247 1989 4316 divina
2011 4246 2089 4336 lege

65 4345 298 4417 traditionum
319 4347 492 4436 captivam
511 4349 567 4415 vel
589 4351 729 4418 tandem
744 4352 787 4419 ab
807 4348 872 4420 bac
888 4366 959 4420 tam
982 4352 1053 4420 mi·
1103 4364 1294 4443 praeeunte
1310 4348 1379 4419 sibi
1400 4346 1603 4442 pharisaeus
1621 4364 1776 4443 pararat,
1809 4361 1941 4442 quanto
1967 4347 2088 4419 minue

65 4468 138 4516 tera
153 4458 190 4517 et
204 4445 262 4515 bis
276 4446 487 4536 babylonica
501 4449 667 4518 servitute
682 4453 859 4525 adseratis.
899 4451 940 4521 ld
955 4456 1051 4546 quod
1103 4452 1292 4521 mirabitur
1319 4444 1511 4521 Lulherus
1538 4448 1822 4545 philosophicum
1857 4451 1947 4520 illud
1981 4450 2091 4521 deco-

64 4546 217 4618 iactibus
234 4547 361 4615 vestris
383 4560 417 4617 et
438 4550 521 4643 deo,
542 4552 651 4621 vestri
664 4554 765 4640 regni
780 4555 966 4639 servatori,
990 4556 1052 4624 de-
1102 4577 1183 4623 rum
1210 4566 1244 4623 et
1270 4549 1534 4644 philosophicos
1562 4578 1695 4640 mores,
1719 4576 1828 4647 quos,
1862 4553 1892 4621 si
1913 4547 2088 4623 Christia-

63 4647 163 4721 betis.
216 4646 299 4717 Non
310 4649 449 4736 dubito,
467 4651 655 4742 principes,
683 4655 769 4744 quin
787 4653 942 4748 aliquam
961 4658 1051 4726 tanti
1103 4676 1171 4723 nus
1187 4675 1294 4739 esses,¹
1318 4669 1379 4724 aut
1391 4651 1572 4726 Christum
1588 4677 1726 4740 nosses,
1752 4654 1886 4746 partius
1901 4654 2098 4724 certelan-.

63 4750 146 4818 mali
166 4763 306 4840 partem
321 4749 494 4834 rideatis,
529 4753 589 4821 sed
612 4777 755 4839 vereor,
788 4758 910 4849 nequi
932 4759 1051 4826 minus
1103 4756 1214 4825 dares.
1265 4750 1382 4850 Atque
1397 4752 1465 4827 hoc
1480 4757 1590 4841 illud',
1616 4753 1787 4827 hocillud
1803 4768 1869 4840 est,
1895 4754 2087 4846 principer,

63 4851 224 4933 videant,
256 4874 363 4943 quam
384 4851 511 4920 vellem
534 4875 615 4942 ego,
642 4855 704 4947 qui
726 4881 798 4923 non
818 4858 915 4926 aliud
941 4883 1050 4952 aeque
1102 4859 1197 4949 quod
1213 4871 1295 4926 ante
1315 4859 1388 4927 dixi
1407 4852 1691 4949 philosophando
1705 4854 1937 4946 Evangelium
1957 4857 2086 4925 obsco-

63 4950 233 5042 optarim,
259 4963 363 5042 atque
379 4946 469 5020 hanc
485 4976 641 5022 caussam
658 4955 820 5044 dignam,
845 4973 885 5028 ut
903 4975 970 5043 cst,
994 4960 1051 5026 vi·
1102 4971 1216 5027 ratum
1260 4955 1324 5029 καὶ
1368 4959 1728 5055 καταβοαβεσιῆναι
1769 4955 1837 5030 τὸν
1874 4948 2086 5049 περιούσιον

62 5051 140 5119 deri
167 5050 332 5120 omnium
354 5047 605 5143 prophetarum
630 5057 805 5130 lamentis.
867 5058 937 5129 Sed
964 5061 1050 5152 quid
1097 5063 1253 5154 χριστοῦ
1269 5054 1370 5135 λαόν.
1421 5062 1495 5133 Nec
1509 5062 1629 5131 minus
1643 5061 1793 5152 impium
1809 5072 1869 5141 est,
1891 5058 1987 5151 quod
2001 5051 2086 5148 phi·

62 5174 125 5241 ego
153 5166 229 5221 tam
252 5151 390 5221 multa?
448 5150 674 5242 lngeniosnm
703 5160 873 5248 pictorem
901 5159 1051 5230 Timan-

61 5248 158 5323 them
172 5252 296 5335 aiunt,
319 5276 399 5322 cum
416 5251 455 5321 in
469 5256 588 5325 tabula
604 5260 756 5350 quadam
773 5256 1050 5350 Agamemnonis

62 5354 202 5424 vultum
241 5351 335 5423 tiliae
367 5355 438 5424 aris
468 5356 662 5429 destinatae
686 5360 886 5434 miserantis
908 5366 1050 5434 caedem
1153 5392 1202 5460 ῃ)
1220 5392 1293 5464 quod
1309 5392 1390 5460 ωει]
1411 5391 1479 5447 Met.
1493 5408 1574 5463 oppa
1592 5388 1718 5460 quotae
