4500 5782
728 142 734 152 ’
859 178 1361 304 *rnaeuoununa
1476 218 1498 269 .·
2085 223 2148 282 a.

106 401 135 441 e,
186 397 300 447 ⁴inus
335 374 427 445 liber
455 372 590 446 CXVII
621 327 838 469 autographa
861 379 1106 470 'epistolarum

59 497 67 511 ·
186 552 190 560 ι
218 471 464 547 Melanthonis
478 480 521 547 ad
534 471 732 572 Georgium
744 474 998 576 Spoletinum,
1018 507 1107 574 qua-

220 602 301 649 rum
316 602 362 648 ne
376 603 447 649 una
461 580 606 672 quidem
622 596 723 651 antea
741 582 855 651 lucem
873 583 973 656 vidit.
1012 582 1107 653 Cen·
1170 618 1174 633 ·

220 695 297 751 tum
314 704 435 763 eamm
453 696 537 753 sunt
558 673 707 773 scriptae
722 683 807 752 inde
824 686 869 755 ab
889 696 984 754 anno
1008 679 1105 756 1518

104 829 110 843 .
219 806 331 875 usque
344 783 391 851 ad
404 807 539 852 annum
562 780 674 869 1530,
698 784 1005 878 reliquaepostett

193 934 233 1029 b)
258 935 347 1010 Cod.
366 934 471 1009 Basil.
487 935 643 1007 XXXIX
663 939 867 1031 inscriptus:

251 1036 559 1123 ²„Intimationes‚
585 1042 761 1112 orationes
778 1045 816 1114 'et
836 1044 1002 1136 epistolae
1017 1038 1106 1112 Phi-

270 1140 388 1232 „lippi
417 1139 636 1211 Melantonis
672 1156 706 1213 et
737 1144 889 1215 aliorum
920 1149 1104 1216 doctorum

269 1241 489 1325 „virorum”
525 1322 527 1324 ,

137 1368 141 1378 ’
204 1357 252 1448 ῥ15
269 1358 331 1451 qui
349 1357 418 1427 sibi
433 1352 497 1426 has
510 1383 565 1426 res
579 1360 779 1452 descripsit,
804 1362 888 1447 luit,
914 1378 954 1434 ut
972 1386 1012 1431 ex
1029 1362 1105 1452 pri-

73 1468 107 1522 s
218 1485 275 1529 ma
288 1460 414 1552 pagina
430 1460 603 1529 coniicerc
612 1462 703 1549 licet,
719 1461 771 1534 Μ.
781 1456 1103 1536 Andreastblda.

219 1562 390 1655 Quisquis
404 1587 488 1631 vero
501 1563 626 1647 fuerit,
650 1579 742 1634 certe
757 1587 819 1633 sua
834 1590 942 1635 manu
954 1561 1104 1657 (eadem,

218 1689 287 1757 qua
303 1676 397 1751 totus
419 1664 528 1732 codex
545 1665 694 1755 scriptus
713 1661 780 1760 est)
798 1666 983 1759 adscripsit
999 1663 1102 1736 baec:

103 1764 106 1771 ’
216 1789 339 1849 „anno
359 1762 412 1838 M.
420 1762 587 1837 D.XXII.
604 1790 623 1833 a
643 1767 825 1837 nativitate
843 1763 978 1838 Christi
998 1783 1102 1837 natus

129 1894 132 1904 ·
217 1891 323 1951 „sum
347 1867 403 1935 die
422 1865 553 1935 Martis
571 1866 828 1958 postLaetare3
860 1861 955 1941 anno
978 1871 1026 1940 55
1050 1870 1102 1939 tui

216 1962 514 2057 „Schleusingae,
539 1968 587 2037 36
601 1966 745 2041 Isenaci.
784 1969 1009 2061 Vitebergam
1022 1995 1100 2039 sum

19 2075 24 2085 '
103 2050 119 2099 f
217 2070 530 2163 „proiecmsanno
549 2068 628 2142 39.”
649 2108 699 2126 -
745 2066 931 2141 Caeterum
948 2073 1100 2142 abeius«

215 2172 294 2240 dem
305 2196 414 2241 manu
424 2170 599 2262 adscripta
611 2167 800 2242 sunthaec:
827 2198 950 2258 „anno
962 2172 1101 2242 XXXV

213 2272 349 2364 „pestis
377 2270 603 2361 Vitebergam
640 2273 837 2359 infestavit,
876 2300 950 2344 non
982 2289 1100 2344 tamen

214 2374 344 2457 „valde
360 2375 590 2464 grassabatur.
642 2370 750 2444 Anno
767 2375 924 2446 XXXVI
942 2377 998 2446 die
1016 2376 1101 2468 solis

215 2472 394 2560 „lubilate
423 2477 569 2545 fundata
595 2488 678 2545 sunt
705 2471 900 2572 Stipendia
934 2475 979 2551 V
974 2475 1100 2546 iteber'-

214 2575 365 2669 „gensis
396 2570 614 2645 Academiae
649 2578 694 2647 ab
729 2578 905 2648 illustriss.
934 2577 1100 2671 Principe

214 2674 388 2763 „Ioanne
408 2672 616 2760 Friderica‚
645 2694 679 2749 et
704 2693 871 2770 statutum
894 2696 966 2767 est,
998 2696 1038 2752 ut
1060 2682 1098 2749 in

215 2776 418 2870 „theologia
443 2780 682 2873 praelegerent
706 2795 776 2852 tres
798 2772 977 2868 doctores,
1010 2809 1100 2876 quo-

167 2899 172 2916 ·
213 2907 321 2967 „reim
338 2905 431 2952 unus
447 2883 546 2972 epist.
564 2884 606 2952 ad
624 2879 825 2968 Romanos,
852 2908 912 2954 seu
928 2883 1099 2968 Pserimos,

215 3008 338 3068 „unus
352 2983 592 3073 Augustinum
609 2986 654 3052 de
675 2984 800 3077 spiritu
824 3001 858 3056 et
880 2986 1001 3071 litera,
1027 3000 1099 3055 ter-

202 3126 232 3168 ·„
240 3087 310 3156 tius
326 3084 501 3170 Genesin,
528 3083 844 3157 Deuteronomium
868 3111 929 3156 seu
943 3085 1098 3171 Esaiam,

60 3220 63 3227 ·
171 3218 174 3223 ·
209 3186 422 3270 „Ieremiam
440 3188 663 3279 praelegeret.
714 3186 854 3259 Pastori
869 3190 1000 3260 dantur
1015 3215 1098 3258 cen-

210 3302 313 3373 „tum
332 3303 365 3359 et
380 3289 555 3378 octoginta
571 3290 607 3357 il.
658 3286 773 3360 Alteri
786 3337 869 3361 .....
921 3288 962 3361 ln
980 3292 1056 3359 iure
1073 3288 1096 3360 4

167 3468 168 3472 Ἰ
210 3386 427 3475 „Doctores,
449 3415 600 3482 quorum
617 3413 773 3460 summus
790 3392 866 3462 200
879 3393 915 3465 fl.
965 3390 1097 3461 lnMe·

206 3490 360 3575 -„dicina
381 3493 406 3563 3
429 3488 617 3576 Doctores,
648 3516 799 3584 quornm
823 3517 943 3564 sumus
962 3495 1097 3587 sesqui*

142 3603 145 3608 '
211 3588 415 3689 „centa(..)
467 3590 511 3662 In
525 3593 719 3686 quadrante
734 3595 820 3663 anni
837 3595 875 3662 in
893 3618 964 3664 una
981 3596 1098 3688 qnali-

211 3694 299 3780 ‚,bet
321 3695 484 3765 facultate
504 3694 647 3786 publica
667 3694 858 3786 disputatio
872 3690 951 3783 lieri
967 3694 1100 3766 debet.”

212 3833 260 3850 -
286 3794 470 3867 Praeterea
490 3796 527 3865 in
549 3797 665 3889 prima
685 3797 813 3888 pagina
829 3797 976 3886 legitur,
1001 3800 1096 3866 dono

210 3898 381 3989 accepisse
402 3894 498 3967 bunc
525 3898 680 3968 codicem
703 3922 799 3968 anno
824 3897 922 3970 1558
949 3901 993 3969 ab
1017 3894 1098 3967 An-

212 3993 300 4088 drea
324 3991 451 4068 Fultio
473 3994 609 4070 Ionam
637 3993 675 4069 T
670 3995 940 4094 palemonem,
978 4027 998 4071 a
1025 4027 1096 4093 quo

212 4101 340 4171 iterum
359 4124 439 4169 eum
463 4101 649 4192 accepisset
670 4125 764 4171 anuo
783 4100 888 4176 ,1560
906 4095 1097 4172 Christia-

211 4225 285 4273 nus
303 4195 489 4276 Soerinus.
516 4243 566 4255 -
617 4201 802 4292 Leguntur
823 4204 863 4272 in
887 4228 929 4274 eo
962 4203 999 4293 1)
1016 4230 1097 4274 ora-

31 4306 34 4320 '
161 4392 166 4399 ¹
211 4304 326 4372 tiones
347 4304 579 4389 andemicae,
605 4304 790 4395 epistolae,
818 4321 852 4376 ct
875 4307 1097 4399 quaestiones

211 4406 428 4475 academicae
438 4400 694 4492 Melanthonis‚
707 4432 741 4498 p.
759 4404 907 4481 1-52.
950 4408 990 4501 2)
1006 4408 1097 4492 „Se-

212 4521 371 4599 quuntur
386 4507 455 4577 iam
472 4509 645 4600 quaedam
660 4510 837 4587 orationes
854 4525 886 4580 et
904 4509 1097 4579 intimatio-

212 4632 273 4676 ucs
281 4604 441 4700 Philippi
449 4607 477 4692 '‘,
501 4609 561 4679 sol.
577 4605 681 4677 53-
694 4610 753 4683 80.
796 4607 960 4704 Denique
974 4612 1097 4700 legun-

94 4734 96 4739 ⁴
213 4726 270 4779 tur
296 4711 480 4801 epistolae,
506 4710 682 4780 orationes
701 4706 867 4796 Lnthcri,
896 4707 1098 4782 Melantho-

188 4813 286 4896 .nis,
310 4809 436 4896 Ionae,
460 4813 693 4905 aliorumque.
744 4810 973 4906 Conseriptus
991 4814 1099 4904 igitur

212 4914 353 4984 videtur
366 4910 424 4985 hic
439 4915 547 4984 codex
565 4937 659 4982 anno
679 4912 775 4984 1539
791 4930 825 4985 et
838 4916 1074 5010 sequentibus.

183 5047 218 5138 c)
244 5045 333 5116 Cod.
349 5045 457 5118 Basil.
472 5041 703 5128 VoI.XXIIl,
723 5047 881 5144 quinque
898 5041 1097 5138 apographa

213 5149 440 5239 epistolarum
456 5146 629 5229 continet,
652 5171 802 5239 quarum
818 5171 906 5232 una,
925 5147 1097 5238 descripta

213 5245 304 5419 :pilii
321 5274 340 5319 a
356 5247 392 5320 S.
409 5249 453 5351 V.
470 5241 513 5318 de
529 5243 692 5329 Wettim
718 5273 814 5319 nunc
836 5250 992 5341 primum
1013 5273 1098 5340 pro-

239 5366 288 5423 ut.

1232 380 1273 477 d)
1300 381 1388 455 cod.
1402 381 1511 457 Basil.
1526 381 1608 454 Vol.
1623 319 1726 454 XXV
1741 385 1806 456 nbi
1816 384 1985 476 leguntur
1994 382 2048 456 VI
2061 410 2145 478 apo-

1258 481 1390 578 arapha
1406 484 1633 577 epistolarum
1643 482 1748 572 Mel,
1772 490 1936 558 nondum
1948 489 2146 559 auteaedi-

1259 602 1392 706 tarum,
1429 611 1517 680 quat
1548 582 1639 657 mihi
1671 586 1708 660 S·
1737 587 1781 658 V.
1811 582 1855 658 de
1885 584 2055 661 Wettieu
2084 592 2147 657 de-

1232 704 1504 883 cicilddllliasil.
1520 788 1692 861 LXXVII
1713 724 1829 863 hebet.
1841 792 1909 864 tria
1928 787 2146 883 autographa
2169 759 2172 764 .

1258 888 1522 976 Melanthonis‚
1554 889 1648 963 mihi
1670 892 1775 964 ctiam
1800 919 1821 964 a
1842 889 1886 964 de
1912 889 2060 965 Wettio
2080 895 2146 961 ¹de-

1123 998 1126 1003 '
1200 1083 1202 1087 Ι
1243 994 1403 1087 scripta,
1429 1019 1519 1088 quae
1534 1019 1630 1066 nunc
1645 995 1908 1087 primumedita
1926 1011 2018 1066 sunt.

1182 1107 1250 1206 47)
1271 1110 1413 1203 Septem
1426 1108 1643 1204 autographa
1655 1107 1868 1198 Badensia,
1893 1135 1983 1206 qnae
2001 1133 2145 1180 servan-

1206 1214 1322 1282 turin
1343 1209 1558 1284 bibliotheca
1575 1207 2084 1312 Meyaleipgovcoossadensis
2106 1211 2144 1278 in

1207 1310 1295 1384 urbe
1326 1310 1538 1399 Karlsruhe,
1575 1317 1750 1409 descripta
1777 1312 1868 1384 mihi
1898 1329 1981 1385 sunt
2007 1339 2027 1382 a
2051 1309 2145 1383 Clar.

1205 1411 1388 1497 Maltero,
1413 1412 1649 1487 bibliothecae
1668 1419 1842 1509 praesecto
1858 1439 2007 1487 summo.
2055 1412 2145 1483 Pro-

1204 1518 1348 1587 dierunt
1362 1515 1458 1587 nun'c
1473 1519 1629 1609 primum
1646 1517 1685 1587 in
1704 1520 1830 1589 lucem.
1903 1538 1905 1543 ·

1181 1631 1248 1727 48)
1270 1633 1514 1724 Manuscripta
1536 1627 1704 1703 Baedrii.
1754 1634 1848 1704 Sunt
1870 1629 1954 1703 VIII
1979 1647 2145 1720 autogra-

1204 1732 1274 1827 pha
1286 1737 1512 1827 epistolarum
1521 1731 1776 1820 Melanthonis‚
1791 1735 1950 1828 quinque
1960 1729 2143 1803 Matthaeo

1203 1834 1358 1922 Collino,
1372 1836 1550 1926 Pragensi,
1564 1838 1671 1907 unius
1680 1836 1873 1906 benedicto
1883 1835 2014 1918 Paulo,
2031 1831 2144 1904 Mich.

1203 1936 1339 2007 Dillero
1371 1951 1404 2008 et
1429 1934 1538 2011 Mich.
1568 1936 1818 2019 Carolostadio·
1841 1939 2071 2029 scriptarum,
2112 1950 2145 2002 et

1204 2040 1275 2108 duo
1299 2035 1499 2131 apographa
1521 2040 1688 2131 epistolae
1705 2032 1916 2110 Academiae
1932 2035 2145 2123 Heidelber-

1203 2141 1317 2228 gensis
1330 2143 1374 2210 ad
1388 2136 1674 2226 Melantbonem,
1698 2136 1982 2211 etMelauthonis
1998 2140 2043 2206 ad
2051 2136 2143 2207 Aca·
2161 2212 2165 2223 ,

1201 2243 1371 2328 demiam,
1401 2237 1491 2310 mibi
1516 2243 1688 2332 descripta
1706 2268 1726 2311 a
1743 2265 1958 2334 possessore,
1982 2237 2036 2307 Pl.
2052 2237 2143 2309 Rev.

1203 2337 1383 2426 Baehrio‚
1407 2344 1550 2414 Pastore
1568 2345 1608 2413 in
1623 2339 1843 2414 Eichstetten
1867 2367 1974 2435 prope
1991 2339 2142 2431 Fribur-

1202 2469 1296 2533 gum.
1357 2444 1437 2515 Una
1469 2459 1605 2516 tautum
1640 2441 1767 2515 harum
1797 2445 2024 2538 epistolarum
2048 2442 2142 2510 edita

1203 2548 1273 2615 iam
1288 2547 1375 2617 olim
1392 2561 1442 2615 est
1458 2572 1477 2616 a
1492 2543 1840 2637 Ruttingslrausenio.

1171 2663 1239 2758 49)
1263 2663 1505 2755 Manuscripta
1523 2658 1795 2732 Berolinensia.
1847 2663 1941 2734 Sunt
1964 2659 2055 2730 XIII
2078 2688 2140 2730 au-

1160 2778 1167 2795 ·
1202 2762 1370 2857 tographa
1406 2767 1444 2833 in
1474 2760 1688 2835 bibliotheca
1718 2766 1813 2854 regia
1832 2763 2078 2845 Berolinensi‚
2108 2779 2139 2830 et

1201 2868 1268 2937 alia
1286 2869 1458 2961 quaedam
1481 2867 1520 2936 in
1539 2862 1764 2935 bibliothecis
1787 2868 2025 2957 privatorum,
2051 2889 2140 2956 quae

1202 2965 1289 3038 mihi
1302 2972 1562 3061 descripserunt
1572 2966 1626 3039 CI.
1636 2961 1947 3036 Foerstemonnus
1960 2981 1995 3036 et
2004 2959 2049 3034 F
2043 2959 2139 3034 ried-

1200 3065 1405 3139 laenderus.
1444 3067 1581 3139 Omnes
1598 3071 1670 3138 sere
1686 3065 1752 3138 hac
1769 3070 1935 3160 epistolae
1948 3081 2050 3137 antea
2064 3091 2138 3135 non

1199 3174 1314 3243 editae
1330 3186 1439 3241 crant.

1173 3289 1240 3378 50)
1266 3283 1480 3357 Abrahami
1501 3286 1593 3382 (non
1611 3279 1766 3377 Georgii
1772 3333 1781 3363 ,
1807 3299 1846 3353 nt
1861 3307 1900 3352 ex
1923 3307 2043 3361 errore
2059 3306 2134 3375 pas

1199 3392 1264 3460 sim
1289 3390 1507 3485 scripsimus)
1528 3381 1783 3458 Buehlzolzeri
1808 3386 2072 3455 emendationes
2094 3386 2139 3452 li-

1198 3495 1264 3563 bro
1284 3490 1468 3561 Manliano
1490 3490 1702 3580 adscriptae,
1733 3486 1800 3581 qui
1818 3482 1970 3558 babetur
1988 3485 2027 3554 in
2050 3486 2137 3556 bibl.

1199 3595 1293 3684 regia
1317 3593 1475 3665 Berolin.
1546 3589 1739 3681 Descripsit
1757 3588 1863 3658 nobis
1887 3611 1944 3657 eas
1969 3579 2136 3656 Foerste-

1199 3718 1370 3765 mannus.

1170 3818 1237 3916 51)
1270 3815 1567 3893 Ballenstaedtii
1604 3812 1849 3890 Coiteetanea.
1916 3813 2057 3883 svotl.
2104 3815 2138 3882 4.

1198 3924 1396 4015 Collegerat
1411 3919 1461 3999 L.
1475 3919 1516 3991 Α.
1532 3913 1812 3997 Ballanstaedt,
1839 3913 1971 3986 Rector
1986 3910 2137 3987 Scholae

1198 4026 1412 4110 Helmstad.‚
1447 4048 1571 4114 magna
1594 4022 1776 4110 diligentia
1802 4018 1967 4108 epistolas
1993 4014 2138 4085 Melan-

1199 4126 1319 4200 thonis
1341 4154 1422 4198 cum
1441 4128 1614 4218 dispersas
1637 4126 1676 4192 in
1701 4122 1803 4190 libris
1823 4118 2035 4201 rarioribus,
2062 4134 2138 4187 tum

1198 4255 1281 4301 vero
1301 4231 1450 4300 maxime
1473 4253 1547 4297 nou
1570 4227 1700 4308 editas,
1727 4244 1850 4316 easque
1872 4218 2009 4308 paravit
2028 4220 2139 4287 eden-

1197 4336 1276 4419 das,
1311 4357 1419 4427 quare
1449 4332 1553 4399 ctiam
1584 4328 1726 4397 tertium
1750 4324 1917 4392 volumen
1940 4342 2003 4389 sua
2026 4343 2137 4388 mauu

1199 4435 1248 4503 sic
1267 4433 1459 4525 inscripsit:
1490 4425 1780 4525 „Epistolarum
1797 4414 1973 4516 Philippi
1982 4415 2138 4490 Metan-

1199 4528 1370 4605 cinitonis
1389 4529 1529 4603 Tomos
1552 4555 1682 4610 naeus,
1715 4520 1947 4623 complectens
1973 4544 2037 4590 eas
2059 4521 2137 4694 egi-

1198 4633 1333 4718 stolas,
1354 4659 1448 4734 quae
1464 4633 1503 4702 in
1511 4627 1673 4718 Peuceri‚
1693 4624 1848 4706 Pezelii‚
1867 4618 2038 4704 Manlii,
2094 4649 2136 4692 a·

1199 4735 1354 4807 merarii
1385 4731 1656 4811 collectionibus
1688 4754 1762 4800 non
1799 4724 2048 4822 reperiuntur,
2092 4748 2137 4793 ee

1161 4843 1163 4847 ’
1199 4835 1307 4908 editis
1323 4848 1353 4907 et
1368 4834 1517 4908 ineditis
1532 4829 1773 4905 monumentis
1794 4825 1962 4899 collectas
1983 4851 2009 4894 a
2024 4819 2075 4896 L.
2093 4823 2135 4898 Α,
2168 4900 2179 4928 l

1152 5006 1156 5011 .
1199 4936 1391 5012 B.1756.”
1438 4939 1585 5028 Legitur
1600 4939 1638 5005 in
1657 4934 1738 5005 Vol.
1753 4929 1818 5006 III.
1835 4930 1940 5000 etiam
1954 4929 2135 5019 praelatio,

1199 5068 1306 5136 quam
1324 5037 1407 5112 huic
1423 5066 1516 5111 novo
1533 5038 1648 5109 Tomo
1667 5034 1892 5129 praemittere
1909 5031 2060 5100 volebat.
2088 5073 2133 5091 .-

1200 5142 1243 5214 In
1259 5143 1339 5213 vot
1355 5143 1382 5213 1.
1403 5144 1570 5232 leguntur
1599 5138 1670 5212 157
1692 5136 1859 5229 epistolae
1880 5124 2134 5214 Melanthonis'‚

1198 5269 1286 5340 quas
1300 5243 1467 5314 Ballenst.
1483 5245 1643 5327 nondum
1664 5240 1774 5309 editas
1791 5238 1953 5328 putabat,
1979 5256 2134 5325 quasque

1199 5347 1385 5437 collegerat
1413 5349 1530 5417 ecod.
1553 5343 1743 5413 Wolfiano
1767 5336 2031 5424 Hambnrgensi
2059 5350 2092 5405 et
2116 5358 2131 5401 e
