4500 5782
85 248 110 325 Ι
344 338 348 345 ,
606 179 1046 337 lil’lSTOIaARUM
1093 245 1203 333 Lus.
1240 246 1307 335 111.
1362 246 1495 325 taes.
1986 250 2065 331 094

85 420 169 497 licio
182 421 312 509 lidere,
333 420 459 493 videor
474 394 595 493 tamen
615 413 709 491 mihi
729 444 772 491 ex
790 419 930 514 scriptis
944 418 1025 491 ani·
1075 417 1275 495 Germanos
1295 421 1401 515 longe
1420 421 1610 495 dissimiles
1629 423 1780 518 aliqamt:
1812 404 1879 499 nec
1901 423 1999 497 enim
2019 449 2063 497 ex

85 519 306 607 urs'bominis
317 547 392 594 non
408 522 529 595 minus
547 516 830 615 deprehendere,
855 546 963 617 quam
982 546 1026 592 ex
1075 524 1197 618 paucis
1213 524 1360 597 aestimo
1374 525 1570 597 universos.
2025 520 2028 525 ’

85 624 213 699 amau.
262 622 330 699 Est
341 627 470 696 ardens
482 649 523 695 ae
538 619 728 695 vehemens
744 625 928 715 ingenium
939 614 1025 694 Lu·
1175 624 1231 697 De
1249 628 1473 701 orationibus
1486 623 1736 699 Demosthenis
1754 640 1791 700 et
1802 622 1989 705 Aeschinis
2008 628 2062 701 la·

85 724 150 815 ssi,
174 750 343 819 agnoscas
356 727 490 821 ubique
503 723 648 799 Pelidae
662 721 883 799 stomachum
902 728 1025 797 cedere
1075 727 1149 798 tine
1176 730 1353 799 vertendis
1384 731 1542 802 demiror
1567 742 1603 802 te
1628 753 1767 801 mecum
1796 752 1918 822 agere,
1950 754 2065 825 quum·

85 830 157 903 seii.
207 829 332 923 Neque
353 843 392 901 tu
411 828 543 913 nescis,
567 843 722 922 quantus
743 829 788 899 sit
811 827 936 898 artifex
957 823 1026 897 ho-
1075 853 1179 899 nemo
1197 831 1310 917 vivat,
1335 833 1482 925 opinor,
1506 827 1632 918 hodie,
1651 832 1715 925 qni
1735 826 1804 902 hoe
1826 833 1936 923 magis
1960 856 2056 925 prae·

85 924 268 1003 thumani
290 932 438 1022 generis.
494 931 642 1002 Accedit
665 926 734 1001 huc
753 944 873 1001 tantus
891 930 1023 1021 negotii
1075 943 1166 1002 stare
1182 934 1292 1024 possit
1305 959 1410 1028 quam
1426 949 1475 1005 tu.
1527 928 1624 1003 Mihi
1638 957 1734 1003 nunc
1748 934 1817 1003 alia
1834 947 1917 1004 sunt
1931 934 1971 1002 in
1983 958 2061 1003 ma-

85 1056 232 1119 sssssus,
256 1045 376 1104 tantm
389 1032 510 1115 favor,
535 1044 653 1103 tantus
672 1032 862 1124 applausus
882 1026 1025 1118 theatri,
1074 1033 1200 1121 nibus,
1226 1049 1260 1106 et
1276 1031 1362 1106 haec
1379 1036 1561 1129 provincia
1580 1049 1678 1106 tuam
1697 1049 1846 1105 aetatem
1867 1034 1977 1125 magis
1998 1036 2061 1105 de·

85 1147 190 1207 antus
210 1136 269 1204 vel
289 1134 587 1204 modestissimum
608 1134 790 1225 ingenium
813 1133 924 1224 possit
945 1158 1024 1204 cor·
1074 1149 1139 1209 cet.
1189 1133 1287 1206 Bene
1308 1138 1398 1212 vale.
1446 1136 1606 1208 Basileae
1623 1150 1751 1231 qnsrto
1774 1135 1859 1207 ldus
1874 1133 2060 1209 Decembr.

85 1260 211 1331 mpere.
243 1234 318 1307 lam
332 1230 422 1305 mihi
436 1234 530 1319 vide,
546 1236 745 1306 doctissime
754 1230 1024 1321 Melanchthon,
1074 1232 1182 1308 Anno
1198 1236 1410 1313 MDXXlV.
1449 1238 1601 1324 Vereor,
1625 1251 1666 1309 ut
1680 1237 1774 1329 legas
1795 1233 1859 1308 has
1883 1252 2062 1330 extempo-

87 1338 195 1425 nsvi,
220 1362 310 1433 quae
334 1362 371 1407 se
393 1336 457 1408 tali
478 1338 674 1427 tempestati
695 1337 890 1422 commisit,
915 1361 1021 1431 quam

85 1440 163 1511 adis
182 1442 340 1521 ancoris,
365 1451 497 1534 quanta
514 1441 678 1524 saburra,
692 1463 808 1533 :quam
829 1439 900 1508 fido
921 1440 1021 1508 clavo

90 1564 201 1635 opus,
224 1567 270 1611 ne
284 1542 518 1636 depellatura
535 1554 631 1612 recto
651 1564 767 1613 cursu.
819 1539 889 1610 Hic
911 1540 1022 1610 oculis

85 1644 285 1737 aspicimus,
307 1666 398 1739 quos
412 1642 557 1735 spiritus
572 1644 701 1714 tollant
723 1641 887 1737 quidam,
911 1642 942 1711 si
964 1642 1020 1711 vel

85 1746 231 1817 nsillnm
246 1745 460 1816 successerit.
513 1746 555 1816 Si
569 1757 704 1814 constet
724 1745 815 1815 ratio
838 1744 1022 1814 conscien-

85 1870 119 1935 e,
143 1843 239 1917 nihil
256 1847 419 1942 estquod
434 1841 526 1915 mihi
546 1861 721 1931 metuam,
744 1845 957 1941 quamlibet,
981 1859 1022 1916 ut

85 1948 256 2035 liactant,
277 1947 526 2041 pusillanimis.
579 1946 802 2019 Senectutem
825 1972 866 2017 ac
884 1947 1022 2019 valetu-

85 2074 156 2123 sem
205 2076 271 2121 nec
303 2050 432 2123 Caesar
475 2073 542 2120 nec
580 2047 746 2121 Pontifex
779 2043 870 2119 mihi
906 2062 1023 2143 potest

85 2155 201 2227 imere.
225 2149 293 2223 Est
304 2154 400 2223 trude
416 2153 507 2223 alam
522 2146 591 2223 hoc
604 2152 864 2245 corpusculum.
892 2149 1023 2242 Digni-

85 2278 118 2327 es
143 2270 178 2327 et
201 2278 288 2347 opes
314 2249 430 2324 nihilo
459 2253 572 2344 magis
594 2255 734 2341 ambio,
773 2278 879 2349 quam
910 2276 1023 2348 equus

88 2358 184 2429 mbis
210 2379 332 2449 gravm
352 2356 517 2429 sarcinas.
570 2353 717 2427 Gloriae
738 2357 809 2426 iam
832 2354 919 2425 olim
943 2379 1022 2426 sum

85 2484 150 2545 ar,
176 2460 208 2529 si
224 2459 313 2555 quid
329 2458 477 2530 omnino
494 2471 546 2528 est
567 2457 691 2548 gloria.
739 2456 813 2529 Nec
833 2457 1024 2528 defuerunt

85 2562 213 2647 ricula,
253 2585 344 2655 quae
362 2561 421 2630 vel
441 2552 765 2659 θρασύσπλαγχον
786 2572 929 2653 possent
951 2572 1024 2631 ter-

85 2686 120 2735 s.
156 2660 208 2735 Et
223 2659 310 2734 haec
326 2663 449 2734 omnia
463 2663 525 2757 qui
539 2662 751 2747 contemnit,
776 2663 908 2733 dicitur
920 2663 1024 2732 meti-

85 2790 186 2839 psos.
237 2765 298 2837 Tu
315 2789 390 2836 non
406 2764 567 2835 avelleris
582 2788 602 2834 a
622 2764 794 2835 sententia
811 2778 890 2845 tua,
915 2787 1024 2858 quam

85 2868 225 2939 bibisti:
251 2881 286 2938 et
302 2891 366 2957 ego
383 2881 506 2938 contra
522 2867 634 2937 animi
649 2866 860 2938 sententiam
879 2890 920 2935 ea
938 2890 1025 2959 pro-

85 2972 176 3057 bor,
196 2994 287 3064 quae
302 2965 394 3039 mihi
408 2983 548 3063 praeter
564 2969 746 3039 infamiam
760 2968 1023 3039 certitissimum

85 3072 195 3144 ieram
212 3072 381 3143 exitium?
432 3067 533 3141 Nihil
546 3065 638 3140 mihi
653 3071 793 3141 facilius
808 3094 916 3164 quam
931 3066 1024 3140 hanc

85 3194 142 3245 asu
166 3186 410 3258 contemnere,
436 3197 527 3267 quae
553 3173 747 3266 perpusillo
765 3186 939 3263 superest,
964 3195 1024 3241 ea-

85 3300 100 3347 e
124 3289 181 3349 tot
201 3276 336 3346 morbis
358 3276 529 3359 obnoxia,
567 3288 609 3345 ut
630 3298 727 3344 mors
748 3288 866 3367 posset
887 3296 961 3343 esse
983 3273 1023 3341 in

85 3380 146 3467 tis,
170 3377 202 3447 si
215 3378 347 3470 possim
365 3370 458 3447 hanc
480 3376 730 3448 conscientiam
749 3377 902 3469 probare
916 3371 1024 3447 Chri-

85 3528 95 3555 .
146 3478 222 3551 Nec
236 3480 307 3549 alio
323 3478 491 3572 spectavit
513 3503 589 3549 mea
610 3479 668 3547 vel
690 3479 845 3548 contatid
868 3479 924 3547 vel
944 3502 1023 3547 mo-

85 3582 188 3667 ntio,
212 3603 321 3674 quam
342 3596 384 3653 ut
401 3581 546 3673 utrique
566 3581 660 3672 parti
685 3581 897 3672 prodessem.
948 3575 1023 3649 Odi

85 3686 266 3769 titionem,
287 3696 321 3753 et
338 3707 357 3753 a
372 3682 516 3752 saevitia
532 3706 670 3773 semper
683 3696 718 3751 et
738 3695 940 3753 constanter
960 3682 1023 3751 de-

85 3798 195 3860 rusus
229 3808 308 3877 sum
343 3785 531 3877 principes.
602 3784 642 3856 Si
676 3785 782 3853 salvis
817 3779 1023 3855 hominihus

85 3912 159 3962 eam
172 3888 335 3977 iugulare
349 3887 454 3971 vitia,
477 3880 550 3981 ἀφ’
567 3879 690 3967 ἑστίας
706 3878 922 3981 ἀρξάμενος.

130 4034 186 4109 De
200 4038 269 4108 fide
282 4050 342 4108 tua
358 4030 453 4105 nihil
467 4035 659 4120 addubito,
684 4035 822 4106 tametsi
836 4034 907 4105 iam
921 4035 1023 4106 toties

85 4154 197 4233 ceptus
213 4134 346 4223 abhis,
372 4137 500 4231 quihus
515 4137 570 4205 vel
587 4137 706 4207 decem
721 4136 811 4206 vitas
833 4161 928 4206 eram
947 4161 1023 4207 cre-

85 4265 183 4327 prus.
233 4240 302 4313 Sed
323 4240 494 4334 quicquid
516 4238 699 4322 scribitur,
726 4237 783 4308 vel
799 4262 1021 4338 γραμματο-

85 4362 164 4441 ρων
181 4342 348 4435 perfidia,
372 4341 428 4409 vel
443 4341 514 4411 alio
534 4340 700 4432 quopiam
721 4364 803 4409 casu
825 4342 1020 4432 profertur:

85 4444 245 4540 colloqui
270 4443 444 4528 licuisset,
480 4443 582 4533 plura
608 4440 809 4511 effudissem
838 4442 877 4512 in
902 4444 1020 4514 sinum

85 4570 145 4623 tm.
199 4542 294 4617 illud
315 4544 420 4615 unice
445 4543 566 4636 capio,
596 4557 637 4612 ut
660 4544 751 4634 apud
778 4568 842 4613 vos
857 4544 1020 4635 religiose

85 4648 221 4727 colatur
243 4662 278 4719 et
297 4660 435 4717 ametur
449 4642 703 4736 Evangelium3
729 4646 774 4715 de
789 4669 846 4715 me
863 4670 936 4717 non
956 4649 1021 4718 ad-

85 4752 177 4825 dum
197 4750 378 4855 laborabo.

129 4894 273 4971 Nsseni
284 4909 434 4968 mortem
451 4897 674 4968 acerbissime
691 4898 769 4970 tuli.
818 4893 909 4969 Erat
929 4902 1020 4970 ami-

85 5032 89 5069 t
118 5002 351 5101 candidus-et
373 5014 555 5085 constans,
587 5001 724 5072 etiamsi
754 4995 846 5069 mihi
869 5002 1018 5073 minime

86 5130 123 5177 x·
155 5102 382 5175 Praedicator
397 5104 490 5195 apud
506 5125 629 5173 omnes
642 5099 904 5173 Germanorum
918 5104 1016 5194 fides,

1072 1338 1184 1409 rarias
1203 1342 1354 1414 notulas.
1373 1350 1376 1355 '

1085 1702 1151 1777 No.
1169 1702 1255 1773 303.

1078 1798 1250 1828 Μ

1819 1700 1914 1796 (med.
1930 1708 2041 1791 Deob.)

1396 1885 1473 1975 Ge.
1499 1886 1742 2001 Spoletina.

1140 2084 1160 2149 a
1177 2079 1214 2135 n
1228 2080 1394 2155 ...romu
1409 2080 1475 2137 ua.
1488 2081 1517 2139 a
1529 2081 1598 2140 coa
1612 2081 1691 2139 aaa
1704 2058 1736 2137 r.
1750 2080 1809 2137 sos.
1827 2097 1871 2153 ep.
1886 2080 1930 2136 a.

1121 2241 1236 2320 Dom.
1260 2242 1461 2345 Georgio
1486 2243 1765 2347 Spoletiuo,
1789 2243 1908 2317 amico
1933 2271 2011 2319 suo.

1234 2375 1402 2451 (Spslstinsss
1417 2376 1559 2450 adscripsit
1576 2395 1680 2433 surum
1697 2374 1906 2443 mmxxlur)

1074 2483 1119 2576 S.
1168 2501 1240 2575 Vix
1263 2516 1380 2597 potest
1405 2503 1542 2593 integra
1569 2502 1784 2575 conscientia
1806 2499 2064 2572 communicari

1075 2606 1231 2678 consiliis
1272 2606 1423 2677 istorum
1468 2616 1504 2675 ct
1544 2604 1830 2677 ordinationibus
1859 2596 1921 2701 '),
1978 2626 2064 2677 nam
2197 2624 2202 2633 ·

1075 2709 1197 2781 omnia
1210 2732 1252 2779 eo
1264 2708 1462 2801 pertinent,
1485 2718 1528 2778 ut
1542 2730 1597 2777 res
1612 2707 1805 2778 necessaria
1827 2717 1862 2776 et
1883 2705 2065 2777 nondina-

1074 2813 1126 2884 tio
1140 2812 1204 2883 illa
1218 2806 1405 2904 prophana
1421 2833 1602 2881 sacrorum
1615 2809 1865 2906 mysteriorum
1878 2813 2065 2879 conserve-
2183 2874 2188 2883 .

1075 2927 1145 2990 tur.
1195 2910 1291 3004 Ergo
1314 2908 1408 2982 nihil
1424 2912 1534 2986 satius
1550 2924 1619 2996 est,
1642 2934 1751 3005 quam
1770 2912 1889 2981 abesse
1911 2911 1958 2980 ab
1980 2910 2064 2979 illo·

1075 3042 1156 3088 rum
1172 3015 1341 3088 consiliis.
1391 3014 1543 3098 Furnos,
1567 3014 1686 3106 inquit
1703 3012 1782 3097 ille,
1808 3012 1989 3103 proximus
2011 3024 2064 3082 est

1075 3118 1167 3210 igni3
1194 3128 1228 3187 et
1243 3116 1413 3188 Salomon
1427 3129 1548 3204 negat,
1571 3127 1649 3185 tuto
1663 3113 1749 3183 ferri
1765 3114 1882 3202 ignem
1895 3113 1934 3182 in
1946 3111 2040 3185 sinu.

1175 3210 1435 3289 Carolustods's’
1447 3216 1610 3287 libellum
1623 3216 1718 3300 vidi,
1742 3237 1817 3284 nun
1838 3215 1926 3304 legi3
1952 3214 2063 3285 lectu-

1075 3344 1155 3408 rus,
1181 3321 1245 3392 ubi
1263 3343 1438 3411 recepero.
1490 3317 1561 3390 Sed
1576 3316 1753 3413 quidquid
1770 3329 1823 3388 est
1838 3317 1966 3409 operis,
1981 3318 2064 3387 nol-

1075 3427 1145 3495 lem
1160 3422 1298 3495 excudi.
1348 3418 1425 3492 lam
1443 3420 1709 3514 latius'serpsit,
1734 3443 1841 3513 quam
1857 3418 2003 3505 vellem,
2028 3432 2062 3489 et

1075 3528 1115 3597 in
1138 3522 1205 3597 hac
1225 3525 1314 3595 urbe
1335 3536 1437 3608 suut,
1461 3522 1524 3617 qui
1544 3523 1621 3593 eius
1639 3522 1795 3614 dogmati
1809 3522 1970 3608 faveant,
1995 3516 2063 3593 ho·

1074 3629 1189 3699 mines
1203 3625 1324 3720 cupidi
1339 3618 1514 3697 trovarum
1528 3648 1658 3695 rerum.
1708 3622 1811 3693 Nosti
1827 3624 1965 3714 vulgus.
2014 3619 2063 3694 Et

1074 3729 1142 3803 hoc
1171 3732 1297 3820 dogma
1325 3728 1458 3799 arridet
1484 3728 1604 3798 sensui
1629 3724 1822 3797 communi.
1895 3723 1968 3797 Sed
1994 3718 2062 3795 hoc

1075 3835 1181 3905 modo
1196 3830 1369 3923 gradatim
1384 3831 1589 3901 universam
1604 3828 1813 3920 scripturam
1826 3826 1871 3897 ad
1887 3827 2062 3898 rationem
2186 3894 2196 3903 ,.

1075 3935 1392 4007 accommodabunt
1408 3944 1530 4004 contra
1540 3931 1766 4003 -voluntatem
1781 3925 1861 3999 Dei.
1893 3925 1949 3998 De
1961 3952 2062 4021 prae-

1074 4037 1286 4111 lectionibus
1323 4048 1436 4107 statue
1468 4034 1623 4107 tandem
1704 4029 1952 4118 Quintilianus
1986 4054 2061 4099 non

1074 4138 1297 4234 praelegitur.
1347 4136 1442 4209 Stant
1466 4130 1525 4208 hic
1547 4126 1699 4233 Caspar
1713 4123 1906 4226 Crusige'r‚
1931 4123 2061 4202 Fran-

1075 4240 1189 4314 riscus
1209 4232 1467 4319 Vs'nars'cnsis,
1493 4263 1532 4309 ex
1557 4238 1687 4331 quihus
1707 4236 1918 4311 alterutrum
1936 4231 2060 4323 delige.

1073 4338 1220 4437 Accipio
1241 4356 1275 4412 et
1294 4332 1559 4425 Fetdttrchum
1578 4338 1713 4422 redire,
1745 4330 1841 4407 haud
1863 4335 1973 4406 dubie
1994 4358 2060 4427 po·

1073 4447 1285 4519 stulaturum
1303 4444 1411 4516 idem.
1461 4439 1539 4531 Ego
1555 4456 1589 4511 te
1603 4462 1753 4535 queso,
1775 4451 1816 4509 ut
1835 4462 1899 4530 pro
1922 4449 1988 4509 tuo
2003 4436 2060 4511 iu-

1072 4549 1166 4621 dicio
1183 4548 1332 4636 deligas,
1357 4569 1462 4638 quem
1481 4545 1633 4614 maxime
1645 4555 1746 4635 putes
1762 4540 1887 4612 utilem
1907 4534 2058 4611 scholae.

1071 4650 1181 4723 Nolui
1205 4674 1271 4743 pro
1293 4660 1413 4718 nostra
1438 4646 1592 4717 amicitia
1620 4642 1862 4723 dissimulare,
1888 4664 1978 4735 qoae
1999 4636 2058 4713 hic

1072 4778 1113 4825 ex
1133 4747 1346 4845 Noribcrgo
1369 4748 1584 4821 scribuntur.
1644 4744 1784 4835 Quaeso
1816 4758 1934 4815 autem
1962 4744 2057 4815 bons

1070 4857 1139 4927 lide
1161 4855 1318 4925 remittas
1337 4846 1429 4921 mihi
1448 4851 1579 4925 literas.
1636 4845 1715 4940 Ego
1736 4848 1785 4918 ita
1808 4838 1996 4937 respondi,
2017 4857 2058 4917 ut

1070 4958 1266 5049 intelligere
1282 4968 1413 5052 queant
1430 4953 1536 5023 officii
1551 4951 1622 5024 mci
1635 4975 1692 5021 me
1706 4963 1741 5021 et
1755 4947 1838 5019 fidei
1854 4942 1984 5017 babere
1997 4968 2057 5017 ra·

1068 5060 1215 5135 tionem.
1264 5055 1337 5130 Sed
1357 5057 1451 5149 leges
1472 5056 1558 5149 ipse.
1606 5050 1723 5123 Video
1745 5047 1926 5123 illustriss.
1947 5046 2056 5120 Prin-

85 5232 98 5280 s
118 5205 269 5277 nomine
284 5200 452 5275 Britanni
475 5226 548 5275 non
568 5205 715 5297 perinde
735 5205 826 5275 benc
847 5206 1015 5279 audiunt:
1064 5254 1286 5273 ..........

85 5304 154 5383 hoc
172 5306 244 5378 fuit
263 5307 418 5379 satorum
440 5330 621 5392 meorum,
644 5320 686 5377 ut
707 5308 802 5399 apud
822 5306 1015 5391 Britannos

85 5410 120 5484 hi
140 5408 355 5500 contigerint
375 5407 481 5481 amici
502 5409 616 5481 multo
641 5408 887 5499 sincerissimi,
918 5416 1014 5505 apud

1098 5372 1128 5443 2)
1147 5370 1262 5425 Videtur
1275 5372 1309 5427 ds
1320 5372 1417 5427 eodem
1430 5389 1465 5426 ne
1483 5366 1770 5437 otiehlersebsrgensi
1784 5382 1875 5427 sumo
1888 5382 1963 5437 esse,
1976 5365 2051 5439 quod

1132 5443 1161 5497 in
1175 5438 1253 5511 epist.
1267 5440 1300 5495 sd
1313 5440 1413 5514 Spalat.
1427 5438 1457 5493 in
1497 5437 1588 5493 ctobr.
1605 5436 1632 5490 ls.
1647 5454 1671 5491 s.
1684 5434 1815 5508 sttigmsl.

1174 5508 1274 5589 Μ.

1790 1804 2060 1843 w
2140 1786 2144 1793 '
