4500 5782
42 272 57 287 .
119 218 195 295 rso
296 244 300 250 ·
705 184 1136 295 nrrsr'onanuu
1179 219 1297 298 nm.
1336 220 1382 296 n.
1423 212 1578 297 1520:
2078 222 2156 299 aso

123 409 200 466 tum
213 407 274 467 est.
327 392 461 464 Verum
481 407 566 463 tunc
585 394 690 463 etiam
710 408 814 487 atque
835 393 940 462 etiam
961 393 1053 463 insto
1069 405 1112 463 et
1163 393 1323 464 nationes
1353 393 1519 481 clamem,
1558 394 1753 484 postulem,
1794 395 1991 479 obsecrem,
2026 395 2156 482 adsint,

125 497 286 571 insector.
338 493 467 564 Non'ne
489 497 563 585 ipse
584 488 892 586 papulumdocuit
909 509 943 572 et
962 496 1111 586 scripsit,
1163 508 1393 584 cognoscant,
1427 496 1728 580 animadvertant,
1761 519 1831 588 quo
1854 498 2000 565 tandem
2018 497 2156 586 religio,

123 597 263 674 tametsi
291 595 421 664 iniusta
444 592 648 665 huiusmodi
671 597 842 666 sententia
873 610 978 681 esset,
1019 590 1112 664 nihil
1161 597 1274 687 pietas
1304 596 1459 688 fidesque
1485 596 1705 682 dilabantur,
1742 597 1783 664 si.
1802 592 1867 666 hac
1887 589 2024 666 Lectori
2048 599 2156 669 moli-

124 713 242 785 tamen
265 698 512 781 deferendum,
546 699 801 783 omittendum,
834 698 1032 767 faciendum
1057 697 1113 766 di·
1163 700 1278 782 tione,
1304 693 1361 765 his
1383 691 1558 767 machinis
1585 693 1676 766 hanc
1703 722 1833 766 novam
1853 699 2032 767 ecclesiam
2048 695 2156 773 Chri-

126 801 337 882 cendumvc,
375 800 471 892 qnod
495 798 557 867 illa
578 794 846 891 prohiberetur,
889 799 1114 894 qnandoqui·
1164 800 1297 870 stianae
1318 799 1491 869 libertatis
1514 799 1690 867 aedificari
1712 800 1903 892 aliquando
1932 801 2156 875 finxerimus:

127 904 210 971 dem
242 914 461 992 contemptus
497 901 560 967 iste
595 901 742 971 omnino
770 901 906 971 animas
941 902 1114 996 perderet²
1164 902 1192 969 si
1224 925 1289 970 nos
1314 924 1437 969 omnes
1460 896 1648 969 architecto
1672 900 1729 968 isti
1751 901 1886 970 furioso
1908 904 1953 970 ad
1982 916 2156 993 punctum

127 1001 247 1091 Quare
263 1024 343 1090 ergo
360 1026 458 1070 suam
477 1001 585 1092 ipsius
606 1003 759 1071 animam
783 1002 959 1094 perdidit?
993 1000 1114 1090 Quare
1164 1003 1385 1092 temporisin
1406 1001 1470 1071 ista
1492 1002 1734 1070 commenticia
1754 1002 1985 1073 fabricatione
2009 1003 2156 1075 obedire

99 1104 175 1172 *ita
197 1126 315 1172 secum
337 1103 481 1172 dissidet
503 1119 537 1174 et
557 1104 713 1193 pugnat?
745 1102 865 1191 Quare
887 1105 983 1172 aliud
1007 1117 1114 1186 stans,
1164 1129 1204 1173 ac
1231 1104 1431 1173 ministrare
1447 1102 1662 1191 rogitemus.
1725 1096 1800 1192 Age
1836 1129 1919 1173 vcro
1946 1103 2156 1175 Pontificem

127 1205 226 1274 aliud
241 1205 365 1273 sedens
381 1204 520 1273 censet?
546 1204 666 1293 Quare
687 1205 742 1273 vir
761 1206 877 1275 bonus
899 1220 933 1275 et
954 1206 1114 1275 eruditus
1164 1192 1390 1288 Maiimum,
1434 1200 1629 1295 Episcopus
1684 1205 1909 1298 minoresque
1947 1204 2156 1277 Sacerdotes

127 1308 166 1375 in
184 1319 235 1376 tot
249 1305 437 1374 sceleribus
455 1319 488 1374 et
504 1307 745 1397 repugnantiis
760 1302 884 1387 haberi
899 1307 1019 1397 cupit?
1043 1303 1115 1374 Po·
1164 1308 1241 1376 iure
1258 1304 1390 1375 Divino
1417 1306 1578 1397 aequales
1599 1329 1671 1373 esse
1703 1307 1871 1398 nullaque
1892 1307 2031 1396 seiungi
2050 1307 2156 1378 dille·

127 1406 256 1477 teritne
278 1431 436 1499 unquam
460 1408 724 1497 subterfugere?
752 1406 888 1477 Poterit
907 1409 1115 1497 tergiversa·
1165 1407 1277 1477 rentia
1301 1422 1481 1498 putemus,
1516 1407 1613 1499 quod
1636 1419 1709 1475 tota
1731 1430 1793 1477 sua
1816 1408 1935 1477 fabula
1958 1405 2156 1479 Martinus

128 1508 182 1577 ri?
216 1506 351 1579 Poterit
368 1503 457 1577 hanc
472 1510 646 1577 maculam
661 1510 800 1577 delere?
831 1506 939 1579 Extra
956 1533 1116 1579 commu-
1166 1509 1298 1578 efficere
1314 1522 1459 1577 conatus
1475 1520 1538 1576 est:
1567 1507 1667 1595 Quae
1682 1521 1766 1576 tunc
1782 1505 1960 1604 (obsecro)
1975 1506 2156 1581 Ecclesiae

127 1611 273 1681 nitatem
288 1605 571 1679 Christiarmrum
582 1612 629 1679 ob
645 1635 746 1679 suum
760 1611 889 1680 rebelle
909 1625 942 1680 et
957 1611 1116 1679 obstina-
1165 1610 1362 1681 structura?
1405 1607 1505 1696 Quae
1520 1605 1749 1700 pulcherrimi
1765 1611 1927 1701 corporis
1946 1611 2156 1701 dispositio?

128 1727 205 1781 tum
228 1725 349 1802 capnt,
382 1712 428 1779 ob
448 1734 547 1781 suam
566 1712 799 1796 ferocitatem,
825 1713 872 1781 ob
897 1725 1115 1802 contemptos
1165 1710 1266 1800 Quae
1287 1713 1421 1780 formae
1439 1711 1535 1779 illius
1557 1711 1828 1796 admirabilitas,
1854 1737 1961 1802 quam
1980 1712 2020 1780 in
2032 1709 2156 1783 Cauti-

88 1828 93 1832 “
127 1813 351 1903 magistratus
367 1807 560 1879 Martinus
575 1804 737 1881 Lotcrus
757 1814 885 1882 eiectus
907 1813 980 1883 est?
1014 1811 1114 1899 Quae
1166 1814 1215 1881 cis
1235 1812 1285 1881 ita
1296 1806 1457 1881 Christus
1480 1811 1638 1880 extollit?
1675 1807 1794 1899 Quam
1813 1808 1963 1903 pulchra
1981 1836 2019 1884 es
2043 1815 2156 1885 amica

129 1915 237 2004 igitur
258 1913 322 1982 ista
345 1914 416 1985 viri
439 1914 624 1983 doctrina?
673 1913 775 2003 Quae
797 1915 889 1984 vitae
913 1912 1116 2003 integritas?
1165 1937 1261 1998 mea,
1281 1936 1388 2007 quam
1405 1907 1552 2003 pulchra
1568 1936 1620 1981 es:
1652 1909 1771 1999 Quam
1786 1909 1935 2004 pulchra
1948 1937 1984 1983 es
2000 1927 2034 1985 et
2049 1937 2156 2007 quam

127 2014 211 2105 Quo
237 2029 339 2106 pacto
368 2039 509 2107 nanque
540 2004 663 2086 doctus
686 2030 736 2085 est
760 2015 843 2101 iste,
876 2017 938 2108 qui
959 2016 1115 2107 primum
1166 2016 1309 2097 decora,
1332 2009 1534 2083 charissima
1559 2014 1596 2080 in
1616 2013 1760 2088 delitiis.
1809 2013 1901 2084 Nam
1925 2016 1954 2084 si
1974 2017 2156 2087 membro-

125 2114 326 2188 Romanam
342 2113 535 2185 Ecclesiam
551 2141 734 2210 nunquam
751 2141 770 2186 a
785 2142 866 2186 vera
882 2118 950 2186 fide
962 2116 1038 2187 ullo
1052 2140 1114 2185 suo
1166 2141 1247 2186 rum
1262 2114 1523 2185 distinctionem
1539 2115 1770 2208 ordinemque
1786 2117 1981 2202 sustuleris,
1998 2117 2065 2187 ubi
2078 2140 2156 2187 cor-

128 2220 268 2288 decreto
297 2218 478 2287 recessisse
506 2219 646 2302 asserit,
689 2219 817 2287 deinde
850 2231 884 2288 et
907 2217 1115 2288 Pontificem
1165 2217 1263 2309 poris
1287 2217 1417 2307 specics
1440 2228 1474 2287 et
1496 2211 1750 2306 pulchritudo?
1800 2214 1938 2309 Corpus
1967 2219 2085 2303 enim,
2116 2232 2156 2289 ut

128 2343 305 2390 summum
333 2333 367 2388 et
385 2320 584 2389 universale
608 2320 798 2389 concilium
821 2344 937 2389 errare
960 2342 1061 2411 posse
1082 2331 1127 2387 et.
1165 2317 1297 2388 Paulus
1314 2320 1435 2403 docet,
1460 2341 1533 2386 non
1551 2330 1602 2387 est
1616 2341 1729 2387 unum
1744 2320 1962 2404 membrum,
1984 2323 2047 2389 sed
2061 2320 2156 2390 mul.-

128 2421 297 2490 erravisse
313 2420 511 2489 contendit:
537 2435 578 2490 ut
594 2417 727 2491 Christi
739 2445 891 2513 praeces,
913 2423 1042 2514 quibus
1055 2445 1116 2489 ro-
1166 2433 1212 2493 ta.
1271 2418 1451 2489 sitorum
1472 2419 1615 2512 quidem
1645 2443 1772 2511 corpus
1799 2435 1887 2490 esset
1912 2422 2054 2507 oculus,
2090 2421 2155 2491 ubi

128 2523 236 2612 gavit,
258 2546 304 2590 ne
319 2523 405 2590 fides
418 2517 516 2592 Petri
532 2523 713 2607 deficeret,
740 2546 851 2593 cassas
870 2523 973 2593 iaciat
998 2536 1032 2593 et
1045 2517 1115 2590 Ec·
1166 2520 1332 2592 auditus?
1382 2520 1422 2591 Si
1439 2534 1552 2590 toturn
1569 2521 1731 2605 auditus,
1756 2521 1820 2591 ubi
1841 2522 2034 2594 odoratus?
2074 2520 2156 2593 Po-

128 2625 252 2694 clesiae
290 2624 410 2692 navim
449 2646 558 2713 gnaro
601 2638 637 2694 et
673 2624 849 2695 industrio
882 2627 1116 2715 gubernatore
1166 2623 1236 2693 suit
1250 2637 1367 2691 autem
1382 2618 1544 2692 Christus
1560 2622 1598 2690 in
1612 2619 1766 2691 Ecclesia
1784 2623 1940 2714 primum
1951 2618 2156 2716 Apostolos,

127 2726 244 2818 privet
268 2739 372 2819 atque
396 2720 579 2795 haeresum
602 2727 768 2797 fluctibus
799 2727 947 2796 obruat?
997 2721 1117 2796 Audet
1167 2727 1319 2794 secundo
1333 2719 1543 2816 Prophetas,
1566 2724 1668 2794 tertio
1682 2721 1868 2810 Doctores,
1894 2739 1929 2795 et
1948 2725 2078 2805 exinde
2096 2749 2156 2797 or-

128 2842 246 2897 tamen
263 2828 564 2917 impudentissime
578 2827 733 2916 gloriari,
753 2852 789 2897 se
805 2843 941 2899 tantum
956 2828 995 2896 in
1011 2828 1117 2897 sacris
1167 2825 1385 2896 dinatissime
1415 2827 1525 2896 multa
1558 2827 1627 2894 alia
1659 2829 1827 2896 membra.
1894 2826 1967 2897 Sed
1988 2826 2156 2922 nunquid

128 2928 253 3000 litteris
269 2942 446 2998 versatum
467 2943 501 2997 et
520 2930 766 3016 exercitatum,
790 2944 831 3000 ut
852 2931 896 2999 de
919 2924 1115 2999 scholastici
1168 2952 1289 2997 omnes
1328 2922 1516 3019 Apostoli?
1565 2925 1739 3020 Nunquid
1777 2951 1898 3003 omnes
1931 2924 2156 3020 Prophetae?

128 3026 304 3120 Theologi
318 3031 490 3099 sententia
506 3031 581 3099 sine
598 3032 754 3122 periculo
778 3032 1012 3123 pronunciare
1035 3053 1117 3123 pos-
1167 3027 1339 3123 Nunquid
1363 3053 1484 3099 omncs
1506 3025 1699 3098 Doctores?
1741 3027 1792 3098 Ita
1814 3030 1917 3119 plane
1939 3044 2060 3100 censet
2074 3022 2156 3099 Lu-

128 3133 193 3217 sit,
219 3135 281 3224 qui
298 3133 344 3202 ob
363 3133 541 3221 angustias
564 3133 732 3222 pectoris,
758 3136 805 3203 ob
829 3148 1013 3223 egestatem
1038 3133 1115 3201 ani-
1169 3140 1283 3217 leros,
1313 3156 1335 3201 o
1356 3129 1465 3201 Paule
1488 3129 1722 3202 Sanctissime.
1773 3129 1865 3198 Nam
1886 3131 1947 3224 qui
1969 3154 2005 3200 se
2029 3127 2156 3202 autho-

127 3233 196 3327 mi,
223 3235 269 3301 oh
290 3234 450 3304 effrenati
472 3235 744 3304 inconstantiam
768 3236 903 3324 ingenii
923 3230 1117 3305 Scholasti-
1168 3234 1271 3303 ritate
1292 3233 1494 3324 Apostolica
1520 3228 1708 3301 Doctorem
1738 3232 1910 3321 gloriatur
1936 3233 2156 3327 alterumque

129 3328 413 3422 caeTheologiae
429 3335 643 3405 maiestatem
659 3337 903 3430 dereliquerit,
921 3361 1031 3431 quum
1043 3336 1134 3426 pati·
1168 3333 1352 3404 Danielem
1367 3328 1582 3424 Prophetam
1602 3332 1793 3402 existimari
1807 3325 1950 3422 gaudet,
1976 3357 2014 3403 se
2030 3335 2156 3405 itidem

130 3459 204 3505 non
228 3449 345 3525 posset
375 3438 419 3503 ad
448 3436 570 3504 breves
592 3434 795 3530 Cynosurae
825 3440 928 3507 orbes
966 3437 1117 3507 certissi-
1167 3433 1370 3526 Episcopis,
1408 3432 1588 3526 Apostolis
1614 3449 1648 3505 et
1677 3434 1744 3527 ipsi
1764 3432 1868 3503 Petro
1898 3458 2020 3526 parem
2044 3436 2156 3507 facem

129 3559 203 3605 mas
225 3536 379 3605 rationes
411 3537 616 3625 gubernari:
652 3540 711 3605 sed
733 3539 852 3627 vagari
873 3539 978 3608 latius
998 3538 1117 3621 vellet,
1169 3560 1243 3605 non
1259 3537 1448 3620 erubescit,
1472 3551 1512 3606 ut
1527 3560 1637 3628 quum
1653 3533 1778 3607 Petrus
1791 3538 1885 3627 apud
1902 3537 2020 3625 ipsum
2033 3532 2156 3607 Eccle-

131 3661 246 3706 errarc
272 3651 305 3705 et
327 3633 418 3705 nihil
446 3661 603 3729 unquam
624 3662 768 3727 prorsus
790 3640 996 3727 intelligere.
1047 3637 1117 3708 Sed
1170 3638 1240 3705 siae
1270 3651 1374 3728 caput
1403 3661 1476 3706 non
1506 3639 1570 3722 sit,
1610 3638 1670 3705 scd
1699 3661 1780 3707 cum
1805 3637 1885 3704 aliis
1905 3636 2156 3709 Sacerdotibus

130 3734 298 3809 utEsaias
314 3739 377 3807 ait:
404 3736 487 3807 Sola
503 3739 639 3806 vexatio
657 3740 874 3809 intellectum
892 3741 1001 3811 dabit.
1040 3735 1117 3828 Ego
1170 3738 1318 3821 collum,
1353 3753 1414 3808 aut
1446 3739 1584 3823 oculus,
1630 3751 1691 3807 aut
1717 3762 1843 3807 manus
1879 3733 2084 3809 Ecclesiam·
2103 3754 2156 3811 to-

132 3864 235 3923 vero,
258 3837 440 3929 Principes
464 3853 497 3908 et
520 3838 650 3931 Populi
665 3838 857 3926 Germani,
886 3841 949 3934 qui
978 3841 1118 3910 aurium
1169 3853 1241 3908 tam
1270 3840 1418 3923 collum,
1458 3853 1567 3908 totam
1592 3840 1753 3925 oculum,
1787 3853 1897 3909 totam
1927 3864 2076 3910 manum
2106 3842 2156 3910 la-

131 3955 328 4011 vestrarum
355 3941 528 4008 rationem
554 3936 681 4009 hahere
709 3943 827 4026 volui,
860 3942 1118 4034 inpraesentia
1170 3942 1254 4025 ciat,
1289 3944 1347 4009 vel
1368 3941 1552 4032 multiplex
1573 3941 1721 4025 collum,
1753 3956 1894 4011 centum
1917 3942 2043 4011 oculos
2074 3941 2156 4013 toti-

130 4044 184 4114 lui
204 4043 310 4135 paulo
338 4042 564 4133 temperatior
587 4043 733 4114 sortasse
755 4045 996 4136 quamdebui.
1047 4042 1120 4113 Ne-
1170 4045 1320 4136 demque
1340 4067 1466 4112 manns
1483 4043 1537 4111 illi
1557 4043 1700 4114 tribuae
1751 4039 1874 4135 Neque
1897 4066 1982 4111 vero
2004 4066 2156 4114 asserere

132 4168 199 4238 que
219 4144 315 4212 euim
330 4139 542 4213 Martinam
560 4163 620 4213 aaut
639 4145 790 4236 alloqui,
816 4147 1017 4218 autdocere
1033 4170 1119 4214 con·
1170 4146 1363 4229 dubitabit,
1396 4146 1603 4214 secundem
1628 4144 1743 4235 ipsum
1770 4168 1889 4227 ovem,
1923 4145 2072 4227 arietem
2093 4168 2156 4237 -pa-

133 4248 333 4324 stitueram,
361 4269 471 4337 quum
487 4246 625 4334 sapiens
647 4246 756 4315 dicat:
808 4245 897 4317 Cum
921 4248 1118 4321 dormiente
1171 4260 1369 4338 staremque
1393 4270 1481 4314 csse:
1509 4270 1582 4313 non
1607 4245 1771 4315 interesse
1784 4243 1882 4314 Petri
1907 4246 2019 4316 solius
2035 4269 2156 4321 omnes

132 4347 301 4439 loquitur,
322 4347 383 4437 qui
400 4359 540 4415 enarrat
554 4347 660 4416 stulto
677 4348 884 4438 sapientiam
903 4362 937 4418 et
950 4350 1020 4416 fine
1036 4372 1120 4417 nar·
1172 4371 1253 4416 oves
1273 4371 1413 4438 pascere
1437 4360 1471 4416 et
1492 4347 1681 4436 corrigere:
1718 4348 1779 4415 sed
1801 4345 1946 4416 Petrum
1974 4348 2091 4418 etiam·
2113 4350 2156 4418 ab

134 4447 282 4518 rationis
303 4447 399 4517 dicit.
458 4444 550 4535 Quis
577 4461 628 4516 est
651 4443 736 4516 hic?
782 4445 830 4520 Et
852 4447 1042 4521 Solomon:
1077 4447 1119 4517 ln
1171 4450 1573 4540 ovibuspascendumet
1594 4448 1841 4537 corrigendum
1861 4448 2004 4541 iamque
2027 4447 2155 4521 intueri

34 4604 40 4615 e
135 4548 281 4619 auribus
300 4547 541 4639 insipientium
562 4573 608 4617 ne
629 4549 804 4642 loquaris,
830 4551 911 4642 quia
927 4552 1120 4642 despicient
1170 4551 1294 4634 licere,
1325 4549 1506 4620 Pastorem
1529 4550 1574 4618 ab
1598 4551 1705 4618 ariete
1732 4550 1871 4633 doceri,
1904 4550 2062 4621 dictione
2085 4549 2155 4643 psit

135 4650 333 4722 doctrinam
360 4649 491 4741 eloquii
513 4651 576 4722 tui.
642 4649 780 4737 Quodsi
805 4675 885 4720 cum
910 4654 973 4722 illo
994 4653 1120 4723 luctari
1171 4652 1265 4738 vari,
1288 4653 1332 4721 ad
1346 4648 1682 4733 Conciliumvocari.
1736 4646 1839 4720 Adde
1856 4652 1970 4742 quod,
1998 4651 2154 4723 sidere·

54 4764 61 4779 '
136 4767 169 4825 et
194 4751 360 4842 congredi
387 4751 533 4836 vellem,
564 4774 639 4820 non
664 4753 730 4822 isto
762 4754 932 4823 orationis
951 4755 1028 4839 filo,
1059 4756 1120 4824 sed
1171 4754 1312 4844 ligioue,
1334 4755 1378 4822 de
1403 4753 1643 4838 caerimoniis,
1669 4754 1712 4822 de
1732 4753 1800 4821 fide
1825 4752 1983 4846 quaestio
2005 4765 2156 4833 tram

137 4854 268 4924 catenis
305 4865 423 4921 uterer
462 4848 603 4944 illisque
639 4854 804 4923 tonitruis
834 4868 867 4923 et
899 4856 1121 4941 fulminibus,
1172 4858 1216 4924 da
1242 4869 1347 4948 atque
1371 4856 1777 4947 explicandaoccurrat,
1802 4854 1965 4946 aequales
1987 4854 2059 4925 sibi
2077 4846 2152 4925 Lu·

21 4978 28 4985 ·
138 4980 226 5050 quae
241 4954 374 5026 furioso
391 4967 424 5023 et
445 4967 538 5023 extra
552 4950 836 5024 Christianorum
860 4969 1000 5026 coetum
1019 4958 1120 5046 pulso
1173 4966 1270 5037 tetus
1285 4970 1400 5049 partes
1412 4958 1452 5025 in
1467 4957 1664 5025 definienda
1676 4957 1821 5025 veritate
1835 4955 1962 5025 tribuit
1976 4948 2051 5041 his,
2073 4974 2152 5050 quat

137 5057 399 5127 accommodata
414 5055 629 5125 viderentur.
680 5055 750 5128 Sed
765 5056 836 5126 iam
856 5057 940 5127 satis
953 5058 1062 5129 multa
1079 5060 1122 5128 de
1171 5057 1297 5128 Petrus
1320 5060 1641 5151 Apostolorumque
1660 5071 1801 5129 senatus
1822 5057 1979 5140 obtinet,
2004 5070 2046 5128 ut
2066 5050 2152 5127 nilu'l

99 5160 104 5167 '
139 5181 241 5226 causa
258 5173 291 5226 ct
308 5171 402 5227 extra
418 5181 567 5241 causam,
584 5157 689 5225 etiam
712 5157 819 5227 nimis
835 5159 982 5228 seruasse
1000 5162 1122 5231 multa.
1172 5182 1330 5253 unquam
1360 5159 1446 5229 certi
1474 5155 1690 5231 habeamus·
1740 5157 2047 5249 Nulli-postremo
2067 5170 2152 5229 aeuo

140 5254 238 5348 Quid
253 5259 384 5328 restat?
408 5259 477 5327 nisi
492 5272 532 5327 ut
545 5260 590 5327 ad
605 5273 799 5328 extremum
811 5261 1009 5350 tragoediae
1023 5260 1123 5333 Mar·
1171 5258 1332 5352 Principi
1369 5261 1541 5333 iudicium
1575 5284 1753 5345 exercere,
1793 5259 2006 5331 senteutiam
2036 5258 2152 5341 dicere,

139 5360 296 5434 tinianae
324 5375 439 5432 actum
464 5357 664 5453 Principes,
701 5361 853 5454 populos
873 5375 978 5460 atque
1001 5387 1123 5437 omnes
1173 5352 1256 5437 lites¹
1284 5362 1467 5450 dirimere,
1502 5364 1595 5455 leges
1622 5361 1846 5455 promulgare
1879 5363 2062 5451 concedit,
2092 5358 2151 5447 pell
