4500 5782
75 240 126 325 ns
309 330 317 339 ,
582 195 1056 311 nrtsroutnuu
1105 230 1218 310 utu.
1258 229 1326 310 ru.
1376 229 1509 337 ‚sset
2004 235 2080 323 tor

75 415 222 501 mulos,¹
243 413 276 485 si
298 435 374 483 non
399 411 583 500 accesssit
601 407 756 501 Spiritus
783 419 934 478 sanctus
997 400 1045 487 ln¹
1092 404 1167 497 nis,
1209 419 1243 478 et
1268 404 1418 497 eripiam
1440 420 1494 492 te,
1530 420 1564 476 et
1586 401 1836 479 hononficabis
1857 433 1925 503 me
1963 382 1970 393 ’
1996 409 2079 482 Non
2101 448 2105 455 .

75 516 157 591 altus
182 515 349 599 menndis,
372 512 589 597 somniamus
617 511 791 581 leniorem
820 530 893 578 esse
913 503 1041 589 Deum,
1092 522 1194 578 vocat
1215 507 1348 578 cultum
1371 505 1440 578 Dei
1471 507 1594 579 missas
1621 524 1682 580 aut
1705 510 1792 579 alias
1813 498 2079 607 ceremoniolas,

75 642 158 693 mm
172 619 238 714 qui
261 616 416 708 graviter
439 615 543 687 nobis
565 614 669 684 irasci
689 611 810 704 possit.
869 607 912 680 ln
936 609 1042 679 rebus
1093 624 1154 681 aut
1168 634 1286 701 opera.
1335 610 1405 682 Sed
1422 610 1587 683 invocare
1604 608 1721 683 Deum
1735 613 1775 681 in
1789 613 1896 684 rebus
1914 617 2078 688 adversis.

75 721 207 795 hersin
232 718 468 793 crudeliorem
491 739 564 786 esse
584 716 805 796 iudicamus,
847 735 955 805 quam
978 709 1042 804 qui
1093 707 1142 782 At
1160 712 1199 781 in
1216 712 1321 781 rebus
1340 712 1498 782 adversis
1515 714 1605 786 ratio
1624 714 1731 785 sentit
1750 714 1856 806 plane
1876 739 1914 786 se
1938 706 2080 809 negligi,
2199 784 2204 795 ,

75 844 117 901 oa
133 820 320 915 respiciat,
342 819 569 913 quantumvis
590 816 820 908 implorantes
841 837 861 883 a
884 836 922 882 se
941 812 1042 883 auxi·
1093 837 1157 884 nec
1182 814 1309 905 respici
1333 838 1353 883 a
1376 811 1465 887 Deo.
1524 811 1630 886 Fides
1651 829 1768 886 autem
1792 817 2014 904 corincitat,
2039 834 2079 889 ut

75 926 152 999 m
201 918 367 1016 Denique
384 942 602 1014 nennquam
620 918 764 1011 quidem
786 915 878 985 serio
899 939 940 987 ac
961 937 1042 984 vere
1094 915 1138 984 de
1164 912 1242 986 Deo
1271 914 1362 986 bene
1395 915 1539 1002 sentiat,
1589 931 1629 988 ut
1656 917 1784 988 sentiat
1811 941 1850 1013 se
1871 916 1947 989 Deo
1977 944 2079 991 curae

75 1026 225 1099 nunnus
239 1045 307 1095 nos
319 1020 397 1094 Deo
412 1046 516 1093 curae
535 1044 626 1105 esse,
649 1033 691 1091 ut
704 1017 760 1087 illi
776 1017 901 1088 dicunt
913 1009 1042 1089 Erech.
1094 1037 1178 1088 esse.

75 1127 218 1222 eptimo:
238 1116 335 1196 ¹Non
357 1125 455 1217 ridet
474 1120 652 1195 Dominus
672 1142 760 1205 nos,
792 1117 946 1189 deseruit
967 1121 1043 1192 Do-
1195 1111 1419 1193 Adumhravi
1432 1134 1611 1216 utcunque
1625 1145 1694 1215 qua
1711 1122 1806 1218 inre
1823 1123 1869 1194 sit
1890 1119 2079 1197 christiana

75 1230 171 1301 tinus
193 1241 337 1299 terram.
387 1223 546 1299 Proinde
560 1224 716 1315 Spiritus
737 1233 878 1299 sanctus
902 1235 1041 1290 ostenso
1094 1243 1156 1291 seu
1175 1224 1375 1315 evangelica
1400 1223 1543 1299 iustitia.
1594 1222 1677 1295 Scio
1701 1238 1820 1296 autem
1844 1226 1973 1319 partim
1995 1222 2081 1298 haec

75 1342 192 1403 secato
217 1342 253 1400 et
269 1326 405 1399 iudicio
424 1325 494 1397 Dei
517 1326 645 1396 incutit
669 1339 838 1396 terrorem
859 1321 1042 1391 conscien-
1094 1324 1263 1409 obscura,
1287 1325 1417 1418 partim
1430 1325 1581 1397 ridicula
1597 1320 1724 1401 videri.
1775 1324 1846 1397 Sed
1864 1329 1950 1421 quid
1964 1329 2080 1416 iacias,
2147 1364 2151 1369 ·

75 1432 188 1524 ispcr
202 1429 502 1525 praedicationem
518 1427 768 1522 poenitentiae.
818 1420 868 1494 Et
883 1422 1042 1493 sublevat
1093 1421 1327 1516 Evangelium
1349 1428 1514 1498 scandalo
1529 1424 1776 1536 essexludaein
1799 1442 1836 1498 et
1853 1430 1969 1501 videri
1992 1433 2081 1503 stul-

75 1556 196 1609 ursnm
210 1556 275 1625 per
288 1528 544 1621 Evattgelium‚
569 1530 607 1599 id
623 1543 691 1613 cst,
714 1551 779 1619 per
792 1523 1042 1597 annunciatio·
1094 1526 1208 1599 titiam
1242 1530 1422 1619 gentibus,
1465 1530 1579 1600 multo
1617 1544 1699 1602 ante
1733 1530 1907 1622 praedixit
1936 1529 2080 1609 Paulus.

75 1658 131 1709 em
145 1633 365 1705 remissionis
379 1645 613 1726 peccatorum.
1093 1627 1230 1700 Verum
1244 1626 1284 1700 hi
1301 1632 1362 1725 qui
1383 1626 1469 1701 haec
1487 1631 1625 1717 rident,
1652 1632 1765 1703 sciant
1782 1627 1964 1707 Christum
1986 1634 2081 1704 iudi-

85 1816 92 1825 ,
149 1734 267 1807 Porro
282 1735 347 1806 uhi
364 1737 438 1805 vim
458 1746 534 1804 tum
550 1735 623 1803 irae
639 1727 726 1817 Dei,
750 1744 827 1801 tum
841 1728 1041 1823 misericor·
1094 1745 1254 1802 catorum
1277 1756 1366 1818 esse,
1396 1736 1499 1807 etde
1518 1728 1734 1826 blasphemis
1756 1735 1968 1826 supplicium
1984 1759 2081 1809 sum-

74 1840 127 1913 tae
143 1862 209 1909 cor
223 1837 425 1928 agnoverit,
449 1836 502 1906 ibi
516 1838 658 1907 demum
674 1856 793 1903 veram
809 1832 853 1900 de
868 1828 946 1901 Deo
963 1828 1042 1920 opi·
1093 1846 1250 1925 pturum.
1311 1831 1466 1931 Etcum
1496 1835 1726 1906 declaraverit
1753 1850 1855 1906 antea
1886 1838 2081 1909 imoversis
2170 1846 2178 1863 ⁵

75 1940 199 2014 ionem
221 1939 392 2031 concipit,
417 1962 485 2032 qua
508 1961 545 2006 se
561 1935 673 2007 credit
690 1935 744 2019 ci,
769 1946 902 2025 sperat,
929 1930 1042 2001 reiicit
1093 1933 1351 2031 Hierosolymis
1372 1951 1544 2031 quantum
1564 1936 1735 2008 irascatur
1751 1935 1982 2029 blasphemis,
2007 1964 2081 2021 non

75 2044 141 2129 rin
157 2065 240 2112 eum
261 2041 301 2110 in
315 2040 421 2111 rebus
441 2039 614 2123 adversis,
639 2036 766 2107 metuit
787 2059 878 2108 eum.
928 2029 1042 2102 Deni-
1094 2036 1300 2109 connivebit
1317 2041 1363 2108 ad
1377 2053 1536 2109 nostram
1550 2038 1777 2131 impietatem,
1952 2105 1954 2109 ,

75 2168 121 2219 ue
134 2143 296 2237 agnoscit
309 2165 393 2212 vere
410 2165 490 2212 eum
506 2155 541 2212 et
555 2141 726 2231 respicere
743 2159 809 2207 nos
831 2149 866 2207 et
885 2135 1042 2205 iudicare
1196 2137 1289 2209 Vide
1303 2154 1420 2212 autem
1440 2154 1614 2234 quantum
1635 2141 1682 2212 sit
1702 2140 1819 2212 solatii
1839 2142 1976 2214 miseris
1995 2168 2081 2215 con-

75 2262 269 2320 tscrvare.
343 2241 386 2313 ln
412 2239 509 2314 lrunc
537 2242 685 2312 modum
703 2238 872 2331 'Spiritus
902 2249 1043 2332 sanctus
1095 2240 1251 2313 scientiis
1281 2242 1320 2311 in
1350 2238 1418 2313 hac
1445 2242 1721 2334 praedicatione,
1767 2267 1849 2314 cum
1878 2231 2084 2336 intelligunt

75 2348 146 2421 arit
167 2347 207 2416 in
226 2345 393 2416 cordibus
415 2346 539 2429 tidem,
571 2344 738 2414 timorem
756 2338 845 2424 Dei,
876 2336 1043 2446 deiectio-
1083 2343 1305 2439 ‘ipsissimam
1322 2343 1493 2418 iustitiam
1509 2368 1600 2429 esse,
1630 2345 1772 2415 credere
1788 2345 1884 2439 quod
1900 2343 2084 2439 perChri-
2148 2348 2156 2359 '

75 2474 138 2523 em
151 2448 285 2533 nostri,
309 2446 521 2533 castitatem,
544 2444 753 2514 modestiam
769 2440 951 2513 etsimiler
966 2439 1044 2509 sru-
1095 2461 1190 2518 stum
1209 2445 1437 2517 remittantur
1457 2461 1618 2540 peccata,
1637 2447 1721 2517 'sine
1739 2460 1860 2518 nostra
1877 2449 2085 2520 satisfactio-

75 2565 151 2649 ωε,
183 2549 247 2643 qui
269 2561 498 2632 recensentur
518 2549 563 2617 ud
586 2544 732 2617 Gulutru
752 2541 799 2618 V·
856 2540 984 2634 Fitque
1005 2539 1041 2612 id
1094 2572 1161 2634 ne,
1186 2549 1263 2618 sine
1284 2549 1416 2619 nostris
1437 2549 1584 2620 meritis.
1632 2547 1747 2634 Novi,
1774 2549 1838 2643 qui
1859 2563 1941 2620 ante
1962 2553 2085 2642 cogni-

75 2653 152 2725 uod
171 2651 392 2744 praedictum
416 2661 467 2720 est
486 2649 525 2718 in
546 2647 744 2731 Hieremia,
770 2659 811 2715 ut
830 2644 1055 2746 inscribatur
1086 2648 1229 2727 ¹tionem
1250 2644 1358 2721 huius
1380 2652 1580 2738 doetrinae,
1618 2675 1700 2721 cum
1726 2651 2023 2723 satisfactionibus
2045 2677 2084 2724 ac

75 2778 111 2827 rx
133 2742 209 2824 non
233 2752 364 2824 tabulis
376 2752 506 2836 saxeis,
532 2754 592 2819 sed
609 2749 709 2819 cordi
725 2747 836 2837 digito
844 2744 941 2838 Deis,
980 2739 1060 2841 Est,
1097 2753 1348 2824 commentitiis
1371 2752 1538 2845 operibus
1563 2776 1636 2825 non
1661 2766 1779 2845 posset
1796 2753 1883 2842 erigi
1900 2755 2085 2825 conscicn-

75 2878 142 2931 aee
163 2854 364 2925 summatim
381 2853 513 2925 iustitia
525 2848 736 2939 Euangeliou
756 2871 818 2918 seu
834 2841 1047 2932 Christiana,
1097 2856 1164 2941 tia,
1200 2855 1306 2947 plane
1329 2878 1427 2947 spem
1453 2878 1595 2925 omnem
1623 2877 1706 2925 suae
1728 2854 1851 2925 salutis
1875 2856 2083 2929 abiecerant.

75 2957 201 3031 nnlusa
223 2954 456 3040 conscientia,
495 2952 673 3024 sublevari
698 2974 764 3023 nos
786 2973 850 3042 per
872 2949 980 3018 fidem
1005 2948 1044 3018 ln
1096 2956 1147 3028 lli
1168 2970 1354 3051 postquam
1372 2953 1607 3044 Evangelium
1625 2954 1744 3026 illuxit
1758 2956 1844 3025 orbi
1867 2956 1997 3029 clarius
2017 2957 2084 3027 ali-

75 3056 259 3145 lltristutn,
290 3082 354 3150 per
377 3079 482 3150 quem
506 3055 727 3145 agnoscimus
748 3051 822 3123 vim
843 3050 1045 3121 misericor·
1098 3071 1252 3153 quanto,
1296 3081 1418 3128 rursus
1447 3058 1585 3147 ingenti
1615 3058 1735 3128 animo
1768 3078 1959 3149 concepere
1986 3082 2083 3149 spem

75 3152 134 3235 ine
152 3157 235 3232 Dei.
288 3158 349 3231 Sic
370 3157 531 3229 definivit
552 3157 663 3227 vitam
685 3166 863 3224 aeternam
883 3148 1046 3222 Christus
1098 3159 1230 3229 salutis.
1292 3156 1366 3229 Nec
1396 3182 1494 3250 spem
1518 3160 1625 3230 modo
1659 3182 1868 3251 concepere,
1909 3160 1971 3229 sed
1992 3161 2084 3231 vires

75 3257 350 3337 oannisXVll·=
383 3257 480 3329 Haec
501 3272 552 3331 ert
577 3259 650 3327 ritu
671 3271 831 3338 aeterne,
855 3268 896 3325 ul
914 3276 1046 3344 rognu-
1098 3260 1203 3332 etiam
1228 3282 1290 3330 sen
1315 3262 1427 3330 robur
1450 3261 1616 3331 adversus
1640 3272 1790 3353 peccata.
1849 3258 2008 3332 Tantum
2027 3285 2085 3332 re-

75 3377 156 3443 raot
185 3379 219 3436 te
249 3362 365 3433 solum
390 3354 528 3446 Deum,
571 3374 605 3430 et
635 3382 740 3453 quem
770 3355 898 3426 misisti
929 3353 1044 3425 lesum
1099 3361 1219 3433 aderis
1240 3377 1335 3434 recte
1357 3384 1567 3453 cognoscere
1582 3358 1828 3451 Evangetium.
1879 3359 2085 3434 Offendun-

75 3460 252 3547 hristum.
780 3526 783 3531 .
1099 3479 1158 3535 tur
1171 3463 1342 3557 plerique,
1357 3487 1437 3535 cum
1453 3461 1604 3535 audiunt
1614 3465 1696 3535 fidei
1711 3476 1851 3535 tantum
1866 3464 1988 3550 tribui,
2007 3488 2085 3536 ma-

156 3565 272 3638 Porro
286 3564 359 3637 vita
376 3579 516 3634 aeterna
533 3576 585 3633 est
601 3562 661 3632 illa
679 3561 753 3653 ipsa
766 3559 915 3650 iustitia,
940 3581 1047 3655 quam
1099 3568 1248 3659 luneque
1264 3589 1370 3657 opera
1385 3567 1487 3656 exigi,
1535 3561 1586 3637 At
1602 3588 1669 3645 „03
1683 3588 1759 3638 non
1773 3564 1818 3636 de
1831 3590 1871 3636 ea
1883 3566 1953 3636 fide
1967 3567 2085 3661 loqui.

75 3668 236 3743 raedicat
255 3663 508 3758 Evangelium,
534 3689 639 3761 quam
661 3667 764 3756 ponit
778 3658 941 3733 Christus
962 3659 1048 3728 sim·
1098 3692 1197 3753 mur,
1245 3692 1352 3762 quam
1387 3667 1529 3740 simulat
1562 3667 1672 3754 ratio,
1719 3690 1810 3762 quae
1850 3668 1993 3760 publice
2034 3683 2085 3739 est
2206 3732 2214 3745 ‚

75 3771 197 3843 diriter
217 3770 256 3839 in
281 3769 480 3859 engnitiune
502 3766 673 3859 patriast
696 3766 761 3838 rui·
818 3763 942 3856 Neque
962 3785 1046 3831 veru
1084 3765 1271 3853 ,omnium
1322 3769 1390 3841 Sed
1408 3771 1452 3840 de
1467 3793 1548 3840 vera
1567 3770 1767 3861 cognitione
1778 3766 1867 3854 Dei,
1889 3794 1977 3863 quae
1993 3769 2087 3864 parit
2155 3776 2160 3785 '

75 3874 94 3967 d
125 3869 178 3944 “l
204 3868 464 3955 ”euenerunt
499 3870 595 3963 (1¹¹⁰‘l
616 3864 814 3963 hypueririr
834 3879 869 3936 et
892 3859 1046 3933 humanu
1098 3872 1263 3943 timorem
1279 3884 1313 3941 ct
1331 3885 1484 3942 caeteros
1500 3873 1614 3942 bonos
1628 3872 1785 3969 fructus,
1823 3868 2008 3943 Praeterea
2030 3896 2087 3941 re-
2132 3917 2134 3920 >

75 3974 148 4051 nto
171 3973 334 4071 simplat,
358 3995 438 4043 cum
459 3971 622 4040 nominat
637 3967 765 4043 Deum.
815 3964 939 4060 Neque
962 3967 1046 4034 item
1100 3974 1194 4068 quiri
1212 3976 1377 4043 docemus
1388 3970 1419 4069 ¹¹)
1429 3960 1709 4065 poenitentiam,
1734 3994 1824 4066 qnae
1837 3987 1966 4045 certea
1983 3974 2086 4043 malis

75 4078 172 4149 deut
192 4097 295 4145 nuere
316 4071 453 4154 Deum,
488 4072 826 4162 muniendorum,
865 4079 1048 4160 praecepte
1099 4075 1284 4168 operibus,
1324 4076 1354 4145 si
1375 4076 1483 4145 modo
1507 4099 1580 4144 non
1601 4074 1807 4159 simulatur,
1842 4064 2086 4149 revocat'nos.

75 4178 133 4261 ins
147 4199 267 4262 nosse,
293 4189 354 4246 aut
370 4188 551 4268 utcunque
569 4172 744 4242 simulare.
769 4168 930 4267 'Norant
948 4164 1047 4237 'enim
1099 4175 1202 4267 Hanc
1230 4168 1420 4264 iustitiam,
1458 4200 1564 4272 quam
1591 4176 1776 4269 descripsi,
1809 4168 1961 4270 reqfli'tit
1977 4170 2087 4253 Chri.

75 4279 182 4353 udnei
208 4301 339 4350 numen
360 4273 447 4362 Del,
487 4288 617 4345 ”Orant
647 4274 796 4363 legem,
816 4271 1049 4341 imitabantur
1099 4292 1189 4364 stus,
1212 4278 1427 4350 ceremonias
1449 4292 1483 4348 et
1499 4277 1631 4349 similia
1645 4302 1722 4367 non
1739 4277 1905 4372 requirit,
1930 4270 2016 4355 curn
2025 4276 2087 4361 ait,

75 4380 98 4455 tt
125 4379 259 4453 simiae.
322 4374 371 4450 Et
393 4393 513 4461 tamen
531 4371 696 4447 Christus
726 4386 829 4461 negat
856 4394 916 4444 eos
944 4394 1047 4441 nosse
1098 4378 1263 4471 Regnum
1278 4375 1347 4449 Dei
1360 4380 1454 4451 intra
1469 4403 1531 4449 vos
1553 4393 1614 4453 est,
1657 4372 1785 4471 ³Quprtg
1808 4402 1873 4449 nec
1884 4376 2008 4473 Moysi
2030 4402 2086 4450 ce.

75 4484 198 4567 ltum,
234 4506 314 4551 cum
349 4479 468 4574 inquil
497 4477 641 4549 lOuunlS
673 4490 813 4547 oelurffl
851 4469 919 4544 Eri
949 4486 1048 4564 perer
1100 4480 1417 4572 remoniascxigit,
1451 4495 1485 4551 ct
1504 4474 1656 4552 liberum
1678 4482 1783 4552 nobis
1806 4480 1889 4553 fecit
1915 4480 1967 4551 uti
1990 4504 2086 4555 cere·

75 4606 175 4671 tetn,
199 4582 262 4677 qui
284 4604 341 4651 me
364 4581 553 4672 glorificet,
576 4600 681 4671 quem
701 4598 766 4645 V⁰⁸
788 4575 925 4659 dicitis,
950 4576 1044 4668 quud
1099 4585 1218 4653 monia
1254 4597 1395 4670 nostra,
1432 4583 1603 4653 videlicet·
1625 4578 1869 4669 Eucharistia,
1907 4607 1987 4655 cum
2021 4606 2086 4654 vo-

75 4684 155 4760 leus
180 4698 302 4756 noster
323 4696 392 4768 est,
434 4706 500 4751 nec
528 4679 678 4773 novistis
708 4701 801 4751 eum.
867 4674 942 4765 Qui
967 4699 1049 4746 vere
1098 4686 1228 4777 tumus,
1842 4678 1847 4689 '

75 4801 203 4875 terune
227 4810 308 4856 cum
323 4784 557 4856 reformidant
570 4792 654 4856 tere
673 4779 845 4854 iudicium
861 4778 1046 4863 cinaeum
1225 4776 1231 4789 '
1450 4850 1454 4857 Α
1677 4852 1681 4857 ,
1725 4842 1729 4848 ,
1962 4856 1966 4865 Ι

75 4889 244 4983 figuntur
273 4886 313 4955 in
342 4887 449 4956 rebus
479 4882 651 4967 adversis,
690 4894 731 4952 ut
760 4882 806 4953 ab
836 4879 912 4971 ipso
944 4903 1047 4972 opem
1324 4897 1385 4954 1)ss
1415 4898 1624 4957 mmm
1654 4882 1861 4962 numm,
1973 4876 1987 4889 ''

75 4990 173 5065 ocuti
186 5000 402 5082 exspectenn
427 4984 527 5056 Parit
542 4984 637 5059 enim
653 4985 741 5057 fides
755 4981 1046 5075 tranquillitatem

75 5092 221 5177 noorde
235 5104 270 5161 et
286 5088 527 5172 securitatem,
552 5111 657 5179 quam
677 5097 769 5155 certe
787 5083 893 5154 liberi
909 5082 1048 5154 arbitrii

75 5188 150 5279 ires
173 5192 275 5265 nullo
297 5192 406 5262 modo
428 5201 603 5283 praestare
629 5199 788 5280 possunt.
851 5181 901 5256 Et
929 5199 1047 5256 tamen

75 5298 116 5371 ic
129 5293 335 5371 verissimus
349 5289 418 5362 Dei
433 5292 549 5362 cultus
566 5282 638 5375 est,
664 5290 759 5367 iuxta
769 5284 950 5368 Psalmum
959 5309 1048 5380 qna-

75 5382 297 5490 lragesimum
310 5418 462 5466 nonum:
489 5387 619 5469 invoca
641 5390 753 5465 mein
770 5388 830 5459 die
845 5386 1048 5469 tribulatio-
1152 5415 1180 5483 ι)
1199 5415 1307 5483 mum·
1315 5411 1462 5479 amm]
1482 5408 1549 5465 mr
1562 5426 1627 5482 οη,
1644 5408 1751 5481 ψῃ
1768 5409 1948 5483 swam,

106 5492 406 5571 ultitimum.
433 5494 555 5564 Vonl.
796 5486 801 5497 ⁵
981 5488 984 5495 ¹
1530 5496 1533 5501 '
1684 5482 1690 5501 '
1747 5492 1750 5499 '
1843 5488 1846 5497 '

1108 5078 1113 5085 .
1199 5017 1333 5091 Paulus
1357 5022 1501 5092 sitnon
1526 5021 1689 5093 omnium
1706 5042 1780 5091 esse
1797 5020 1915 5094 taem.
1967 5018 2087 5109 Quare

1097 5116 1301 5193 Christiana
1326 5121 1466 5213 iustitia,
1480 5135 1632 5193 nonest
1654 5122 1796 5215 publice
1819 5122 1996 5207 omnium,
2026 5127 2085 5193 sed
2187 5193 2191 5199 ,
