4500 5782
112 281 116 285 ·
170 232 246 306 ses
743 224 1180 303 uersronanou
1232 229 1341 303 mn
1378 229 1443 307 111.
1496 229 1628 304 1522.
2128 168 2238 299 na

122 493 132 515 κ,
169 448 172 456 -
234 397 421 474 Themetra
445 394 667 470 adsertam
684 398 829 500 sermm
855 381 1099 473 discutienda.
1216 384 1274 477 192
1300 399 1462 474 Peccavit
1487 402 1646 488 sambri,
1670 404 1733 496 qui
1757 403 1843 475 citra
1869 416 2030 495 apertam
2048 399 2193 470 vocatio·
2236 414 2239 507 i

1312 529 1393 575 nem
1408 529 1556 594 reguum
1572 507 1712 578 invasit.
2237 586 2239 593 Ι

1210 606 1273 679 20.
1296 605 1470 697 Legitima
1504 607 1700 692 ordinatio,
1740 609 1823 700 quia
1852 631 1892 675 ex
1913 603 1992 675 Deo
2021 618 2092 690 est,
2129 628 2192 671 non
2237 606 2239 623 '

1312 722 1446 799 potest,
1472 709 1543 776 uisi
1561 705 1637 780 Deo
1658 710 1821 793 iubente,
1847 707 1986 780 violari.

1211 810 1273 883 21.
1296 808 1537 901 spiritualiter
1554 812 1698 899 regitur,
1722 811 1797 880 solo
1815 812 1924 879 verbo
1938 806 2019 892 Dei,
2044 832 2118 877 non
2134 800 2191 875 ltu

1312 935 1417 978 mana
1435 911 1602 1002 potentia.

1100 1060 1162 1127 um
1211 1013 1271 1082 22.
1296 1008 1560 1084 Ecclesiasticae
1588 1015 1819 1100 traditiones,
1849 1012 1971 1083 civiles
1994 1010 2088 1102 leges
2111 1026 2191 1093 sunt

1315 1129 1350 1184 et
1376 1115 1588 1209 paedagogia
1622 1117 1812 1208 quaedam,
1854 1111 1946 1185 nihil
1974 1116 2020 1182 ad
2047 1112 2191 1201 regimen

1311 1215 1493 1306 spirituale
1508 1217 1699 1307 pertinens

1211 1315 1272 1388 25.
1300 1316 1444 1410 Loquor
1463 1332 1579 1387 autem
1595 1320 1639 1388 de
1657 1320 1701 1388 iis
1722 1319 1991 1403 traditionibus,
2018 1317 2057 1386 in
2075 1315 2192 1417 quibu

1312 1414 1407 1487 nihil
1422 1432 1542 1488 eontra
1559 1421 1769 1512 scripturam
1787 1423 1967 1491 decretum
1983 1433 2093 1490 esu·
2137 1456 2167 1471 ⁴·
2234 1474 2241 1511 ,

1211 1517 1273 1594 24.
1299 1519 1459 1590 Verbum
1473 1518 1542 1591 Dei
1557 1522 1647 1592 alios
1658 1524 1828 1608 vivificat,
1852 1524 1941 1604 alios
1955 1521 2097 1601 occidit,
2122 1520 2193 1611 quia
2236 1522 2241 1555 ¹

1314 1623 1490 1692 mundum
1512 1623 1655 1696 iudicat.
1704 1625 1763 1696 Sic
1784 1623 1963 1695 Ananiam
1979 1621 2108 1693 Petrus
2130 1622 2194 1689 iure

1314 1724 1455 1796 occidit.

1213 1819 1273 1897 25.
1297 1823 1538 1896 Ministerium
1558 1824 1746 1918 Evangelii
1770 1830 1875 1921 plane
1908 1825 2094 1919 spirituale
2114 1825 2198 1914 regi-
2239 1896 2242 1909 ,

1315 1950 1398 1996 men
1418 1943 1479 2001 est.
2126 2018 2129 2023 Ι

1215 2030 1276 2101 26.
1303 2025 1411 2117 Quod
1428 2031 1511 2124 quia
1533 2033 1711 2122 praedicat
1733 2031 1904 2102 iustitIam
1924 2030 2092 2125 spiritus,
2115 2021 2199 2097 nititt

1316 2132 1499 2201 constituit
1520 2133 1563 2201 de
1579 2147 1723 2204 externo
1740 2157 1860 2204 rerum
1873 2156 1953 2204 usu.
2105 2130 2113 2151 '
2180 2128 2183 2135 ¹

1215 2230 1278 2305 27.
1303 2227 1393 2300 Nam
1410 2233 1544 2303 iustitia
1560 2235 1703 2327 spiritus
1719 2248 1769 2305 est
1784 2235 1857 2305 rita
1872 2250 2035 2319 aeterna,
2060 2230 2200 2301 verbnm

1319 2333 1414 2405 euim
1429 2336 1502 2403 vita
1519 2351 1579 2407 est.
1632 2332 1757 2410 Iohau.
1777 2341 1809 2409 1.

1215 2434 1278 2508 28.
1304 2433 1403 2524 Quid
1426 2450 1541 2506 autern
1560 2439 1651 2508 vitae
1675 2451 1836 2507 aeternae
1859 2462 1939 2506 cum
1963 2435 2119 2507 iustitiis
2134 2454 2201 2503 tar-

1318 2537 1393 2637 nis,
1416 2562 1506 2632 quae
1521 2540 1612 2613 circa
1629 2565 1685 2609 res
1700 2564 1767 2610 usu
1784 2550 1971 2633 pereuntes
1985 2536 2169 2607 versatur?

1217 2634 1280 2712 29.
1306 2635 1439 2708 Misere
1450 2639 1643 2726 falluntur,
1669 2642 1732 2736 qui
1753 2641 1925 2729 iustitiam
1939 2634 2094 2735 'spiritns
2113 2632 2201 2707 bibit

1320 2740 1419 2811 aliud
1449 2764 1522 2812 csse
1548 2741 1725 2831 iudicant,
1765 2768 1871 2838 quam
1900 2742 1999 2815 illam
2032 2738 2201 2813 carnalem

1321 2841 1490 2914 iustitiam
1507 2845 1647 2919 mundi.
1965 2858 1969 2865 '
2138 2936 2141 2941 .

1220 2946 1281 3016 30.
1307 2940 1397 3015 Cum
1421 2945 1554 3017 iustitia
1575 2948 1701 3017 muudi
1723 2960 1815 3017 stare
1836 2958 1952 3040 potest
1971 2940 2151 3036 iduoratio
2173 2956 2201 3011 et

1320 3046 1621 3140 contemptioDei,
1645 3072 1753 3143 quare
1768 3073 1807 3118 ea
1824 3049 1956 3121 iustitia
1968 3072 2046 3139 non
2062 3059 2115 3119 est
2128 3044 2198 3115 via.
2242 3064 2244 3135 j

1220 3153 1282 3224 81.
1306 3147 1378 3220 Sed
1416 3174 1472 3218 res
1502 3153 1675 3244 quaedam
1707 3150 1875 3237 exterior,
1919 3144 1990 3247 dua
2021 3146 2133 3227 sancti
2161 3144 2199 3215 sir
2227 3144 2244 3235 j

1320 3262 1489 3336 utuntur,
1514 3253 1649 3322 utcibo
1670 3254 1817 3341 etpotui
2042 3262 2047 3271 '
2122 3252 2127 3265 '

1221 3355 1282 3427 32.
1308 3351 1396 3423 lusti
1411 3353 1548 3446 spiritu,
1562 3379 1636 3423 non
1649 3350 1798 3447 possunt
1811 3350 1911 3424 abuti
1927 3352 2036 3422 rebus
2047 3348 2196 3422 externit

286 3390 472 3567 pgehengss
500 3395 993 3566 ongssresltzipiltgssdegum’
1030 3396 1174 3479 indices’
1222 3455 1282 3529 53.
1309 3452 1432 3547 ltaque
1460 3456 1643 3548 corporale
1669 3454 1826 3545 regimen
1850 3453 2056 3527 institutum
2087 3451 2197 3524 estad

332 3522 415 3566 voca
597 3522 667 3565 010
715 3522 725 3563 ι
839 3522 852 3564 ι
916 3550 926 3570 .
1828 3548 1833 3557 .
2176 3551 2184 3569 ‚

190 3600 248 3676 14.
271 3522 349 3669 liae
369 3520 612 3716 ordindtiime,
637 3509 832 3767 quiatbgpna
849 3521 1091 3767 dlreaturatllci
1111 3607 1174 3679 est,
1321 3551 1542 3729 reagerfitpda
1564 3581 1712 3651 corpora
1735 3581 1877 3642 eorum,
1910 3580 1973 3651 qut
1994 3568 2119 3626 carent
2140 3576 2196 3647 spe

357 3723 386 3767 sr
649 3721 733 3766 ssu
898 3721 1040 3767 mrursr
1487 3711 1541 3775 ·,
1602 3759 1641 3777 ,,
1811 3759 1819 3779 ,
1874 3766 1877 3771 ,
2049 3759 2059 3776 ‚

192 3799 249 3880 16.
272 3711 665 3894 filetgempte’pffiaetgnppa
680 3712 1176 3871 papcegplpmfionemrusm.
1225 3753 1285 3875 34·
1310 3754 1492 3863 ffllilff?
1531 3771 1664 3876 ¹⁰⁸¹¹J¹³
1692 3761 1822 3833 mund¹
1850 3782 1923 3881 ⁰9¹¹
1946 3770 1998 3828 ‘⁵²
2020 3772 2114 3851 ”¹³¹
2150 3757 2194 3826 ωδ
2242 3860 2246 3907 Ι

176 3894 179 3899 ’
290 3917 376 3997 pant
397 3903 573 3993 gladium,
609 3901 807 3973 cuiusmodi
826 3915 932 3988 sunt,
971 3899 1034 3994 qui
1061 3899 1176 3969 aliena
1316 3882 1421 3961 'mm
1438 3874 1763 3979 etpoe⁰³¹¹‚p⁰⁰¹.¹³',
1863 3958 1867 3969 .
1942 3948 1945 3955 -
2063 3954 2068 3963 .
2100 3964 2107 3977 ,
2154 3972 2158 3981 ,
2240 3920 2246 4029 Ι

294 4006 478 4076 invadunt.
1562 3956 1655 4036 Phtl.
1671 3960 1758 4032 Mel·
1931 4066 1935 4075 Ι
1991 3956 2104 4031 15ῃ·
2241 4042 2246 4089 ³

194 4112 251 4182 16.
273 4106 445 4178 Peccabat
467 4101 667 4195 etsPetrus,
698 4127 807 4199 quom
830 4118 953 4174 contra
979 4103 1177 4173 ordinatio-
2028 4184 2031 4191 Ι
2242 4104 2246 4175 j

291 4233 373 4278 nem
386 4207 580 4297 legitimam
596 4205 752 4298 gladium
768 4217 965 4296 usurparet.
1277 4246 1328 4261 --
1355 4244 1404 4262 -
1995 4211 2081 4290 (eod.
2098 4209 2189 4288 m)
2243 4186 2247 4273 l

194 4311 253 4384 17.
276 4309 369 4380 Nam
384 4324 419 4379 et
433 4304 595 4379 Christus
611 4307 719 4397 gladii
733 4307 788 4375 ius
802 4307 1032 4390 confirmans,
1051 4304 1179 4398 inquit,
1701 4365 1709 4382 ,
1742 4367 1750 4382 ,
1986 4302 2194 4333 “m
2241 4296 2247 4377 1

293 4412 410 4500 gladio
430 4409 544 4479 occidi
560 4410 708 4492 debere,
733 4408 795 4501 qui
813 4408 919 4478 sumit
934 4407 1102 4497 gladium.
1557 4456 1560 4461 .
1604 4358 1835 4445 [redictum.
1864 4464 1867 4469 .

196 4513 254 4585 18.
278 4509 363 4581 Non
380 4509 535 4604 peccavit
548 4505 652 4595 lehn,
673 4532 754 4580 cum
770 4510 935 4579 adversus
949 4531 1067 4599 regem
1081 4510 1178 4578 arma
1298 4484 1435 4587 iudicium
1453 4518 1649 4603 luctandum·¹
1666 4519 1699 4602 <te
1720 4520 1840 4575 teucro
1863 4533 1890 4602 aa
1907 4478 2039 4606 hano,
2072 4525 2145 4596 quot
2160 4525 2201 4578 te

209 4654 216 4665 ·
295 4614 403 4705 cepa,
425 4612 522 4707 t⁰⁰d
537 4603 575 4706 ⁴)
597 4612 635 4682 id
653 4609 776 4682 f⁰⁰⁸¹i²
789 4624 909 4711 «ΨΜ
925 4610 1109 4682 vocatione
1123 4611 1181 4679 ¹¹1·
1332 4589 1539 4712 tlttttlt?
1561 4588 2203 4730 tltltttb.llalltl.”tldlf.b‘2th

297 4715 379 4782 Vina
397 4727 546 4782 coactus·
1334 4728 1440 4797 elogion
1451 4732 1470 4763 t’
1482 4737 1533 4779 etc·
1557 4728 1638 4789 1522,
1656 4745 1711 4779 non
1731 4737 1771 4780 est
1787 4726 1920 4781 iudicium
1940 4729 2073 4799 scriptum
2088 4728 2203 4786 aldeb

1333 4795 1432 4867 thone,
1448 4796 1495 4847 sed
1509 4795 1627 4879 dietum.
1645 4795 1759 4851 fomute
1772 4795 1800 4848 in
1814 4794 1919 4866 schola,
1935 4796 2204 4883 1111140911·ωᾶὕά-

231 4941 259 5008 tr)
277 4936 413 4993 lithardus
426 4931 668 5005 magdeburgensis
683 4930 762 5003 legite
780 4935 837 5004 «μα’.
1336 4863 1408 4991 1111111
1423 4885 1455 4987 iri
1469 4864 1890 4995 lgnidiirbiradlll'daiilboeoiaizm
1927 4862 2119 4921 mmmm
2137 4877 2207 4938 'W

167 542 170 549 ¹
200 558 232 624 1.
258 531 475 647 Duplexest
487 552 664 640 regimen,
688 552 871 644 spirituale
889 567 923 625 et
938 534 1129 643 corporale.

197 660 232 731 2.
254 652 447 746 Corporale
460 654 617 743 regimen
634 655 836 724 de'externo
852 679 971 724 rerum
988 677 1057 724 usu
1076 676 1163 722 con-

274 756 399 829 stituit.

200 862 233 932 3.
257 855 392 951 Estque
418 857 532 926 civilis
555 857 835 942 administratio,
866 883 936 951 qua
958 852 1163 927 cohercetur

275 982 421 1051 corpus,
446 982 502 1027 res
520 959 747 1043 dividuntur,
772 960 825 1027 vis
841 955 1061 1050 prohibetur.

199 1062 235 1133 4.
257 1060 355 1131 Deus
377 1060 552 1129 commisit
564 1061 663 1130 Adae
680 1062 837 1151 regimen
853 1062 1054 1153 corporale,
1081 1085 1099 1127 c

276 1164 309 1232 ei
335 1162 484 1231 subiecit
505 1160 659 1247 Horam,
692 1164 936 1256 praecepitque
958 1162 1073 1232 occidi
1096 1155 1163 1228 ho-

275 1265 432 1335 micidas.
477 1260 570 1336 Gen.
587 1263 622 1334 9.

200 1365 236 1440 5.
261 1361 315 1436 Ea
337 1366 393 1434 lex
413 1376 532 1457 postea
555 1364 761 1435 confirmata
786 1379 854 1448 est,
887 1379 921 1433 et
946 1367 1021 1454 lege
1042 1365 1086 1431 de
1110 1375 1164 1431 ta-

276 1468 393 1551 lione,
426 1479 460 1535 et
479 1479 682 1558 praecepto:
717 1463 866 1536 Honora
886 1479 1021 1558 patrem
1040 1477 1075 1532 et
1087 1485 1165 1530 ma-

275 1583 378 1643 trem.
871 1576 876 1587 '

201 1675 236 1744 6.
259 1668 417 1740 Proinde
433 1670 511 1740 iure
535 1670 660 1739 divino
681 1669 909 1739 commissum
933 1681 985 1738 est
1007 1664 1165 1758 parenti-

276 1775 361 1855 bus,
384 1785 424 1839 ut
439 1771 609 1840 familiam
624 1772 854 1864 corporaliter
869 1789 1003 1860 regant.

203 1876 237 1947 7.
264 1871 306 1943 ld
323 1874 419 1966 quod
438 1885 585 1943 testatur
599 1872 674 1957 lex,
698 1895 788 1965 quae
806 1872 862 1943 ius
877 1872 962 1942 facit
981 1867 1166 1939 occrdendr

280 1988 522 2046 contumacem
541 1975 665 2046 filiurn.
696 1973 822 2047 ·Deut.
839 1975 902 2046 21.

142 2098 147 2103 ·
203 2080 239 2151 8.
264 2075 359 2166 Quia
381 2078 477 2146 enirn
499 2077 554 2146 lex
569 2075 638 2145 Dei
660 2099 734 2145 non
756 2075 936 2161 iustificat,
961 2073 1041 2142 ideo
1064 2069 1167 2141 iusti-

279 2178 349 2250 tiae
364 2179 479 2249 carnis
495 2178 534 2247 in
551 2178 625 2269 lege
644 2179 792 2247 traditae
808 2192 901 2250 sunt.

202 2282 240 2355 9.
261 2278 358 2350 Haec
379 2281 475 2350 enirn
497 2293 638 2351 externa
658 2278 916 2349 administratio
937 2276 1070 2351 iustitia
1091 2299 1168 2345 car-

280 2383 339 2451 nis
356 2395 420 2453 est.

183 2483 242 2559 10.
261 2481 454 2553 Parentum
477 2483 554 2552 loco
576 2496 676 2568 sunt,
702 2483 833 2576 quibus
859 2483 914 2553 illi
935 2476 1052 2552 viceni
1069 2500 1168 2549 suam

171 2672 174 2679 Ι
281 2585 526 2666 committunt,
562 2598 602 2654 ut
633 2584 841 2674 paedagogi,
878 2585 1102 2674 magistratus
1130 2581 1169 2649 in

281 2685 450 2769 urbibus,
471 2685 666 2777 principes,
688 2687 732 2754 ad
747 2709 837 2779 quos
852 2708 1024 2755 consensu
1038 2683 1169 2753 civium

283 2787 658 2878 defertur-imperium.

186 2892 244 2966 11.
270 2887 350 2960 Hoc
368 2902 435 2973 est,
461 2890 556 2981 quod
573 2886 705 2957 Paulus
721 2885 791 2962 Ro.
808 2888 869 2962 13.
883 2900 1090 2980 potestatem
1111 2908 1172 2955 or-

284 2992 504 3061 dinationem
518 2988 587 3059 Dei
604 3001 716 3061 vocat.
1020 3066 1024 3071 ,

186 3098 244 3169 12.
268 3093 360 3165 Nam
376 3091 555 3162 ordinatio
570 3117 591 3161 a
606 3089 683 3161 Deo
701 3103 768 3174 est,
795 3090 915 3184 quales
935 3090 1057 3184 quales
1079 3101 1173 3172 sunt,

283 3195 347 3288 qui
362 3194 419 3262 vel
434 3193 626 3277 invadunt,
651 3192 707 3261 vel
720 3206 847 3283 gerunt
857 3193 1059 3283 imperium.

189 3282 245 3373 11.
272 3295 365 3368 Cum
379 3294 602 3385 magistratus
615 3308 678 3364 aut
690 3294 868 3387 principes
883 3295 1050 3378 nomino,
1073 3296 1172 3363 com-
