4500 5782
69 206 144 301 asa
210 326 216 337 ι
664 220 1330 349 urtsrouanuumnu.
1394 244 1519 319 tear.
1929 252 1933 261 ·
2005 210 2110 331 'aaa
2179 172 2190 191 Ι

68 412 176 499 quant
194 400 407 491 restringere
431 401 476 473 sit
498 400 692 492 piaculum.
751 400 888 488 Deum,
924 424 1002 473 aras
1031 416 1065 473 et
1117 414 1344 499 spestandum
1384 420 1673 517 sequendumque
1708 424 1754 495 sit
1790 425 1829 495 io
1856 421 1924 498 hoc
1959 428 2108 517 iudicio,

69 500 200 621 templa
217 506 354 573 violare
371 505 470 573 nefas
487 504 651 586 censetis,
678 516 811 620 quanto
833 503 947 621 magis
962 528 1064 595 prae-
1115 514 1259 602 proprie
1290 533 1456 612 certoque
1489 524 1706 611 cognoscatis
1739 539 1791 609 et,
1828 528 1922 620 quod
1957 532 2108 619 sentitis,

69 606 236 675 mudum
251 602 439 688 vobise'st,
465 602 758 693 neEt'angeltctts
775 604 894 675 literas
913 606 1064 691 vtolells,
1114 614 1253 683 sortiter
1267 630 1417 689 sustitere
1433 624 1584 713 possitis.
1625 622 1749 719 Neque
1768 629 1864 697 euim
1879 632 2033 703 admittit
2047 634 2104 703 iu-

69 710 243 801 militm
258 702 394 775 saucias
409 706 487 773 orltl
503 720 674 775 terrarum
690 730 763 774 esse
777 708 891 776 voluit
906 706 1064 777 coelestis
1114 714 1208 783 dices
1231 718 1350 787 divina
1377 725 1556 807 doctrina,
1581 726 1650 793 nisi
1672 753 1825 821 quorum
1848 732 1986 800 animos
2009 734 2104 803 divi-

68 807 224 901 spiritus.
281 807 437 879 Proinde
462 805 663 899 Principes,
696 832 840 900 quaeso,
875 806 1063 897 Evangelii
1112 820 1339 909 nusspiritus
1359 824 1731 902 illiusscusuimlmit.
1781 828 1954 925 Pleraque
1977 860 2038 903 vos
2056 836 2103 907 ab

68 906 285 979 maiestatem
312 910 443 977 salvam
464 909 580 977 velitis
607 923 642 978 et
669 910 714 977 ab
740 910 811 977 illis
824 906 1061 979 Pseudochri-
1110 913 1306 1007 Evangelio
1327 928 1544 1009 avocabant,
1568 945 1726 1021 receptae
1746 927 1933 1003 hominum
1952 928 2104 1007 cousue-
2154 912 2158 921 '

67 1010 129 1083 elis
160 1010 370 1081 doctoribus
393 1005 657 1099 Theologastris
690 1025 725 1080 et
748 1007 961 1081 antichristi
984 1010 1063 1081 Ro-
1112 1019 1271 1105 tudiues,
1294 1026 1391 1114 vulgi
1409 1029 1612 1118 opiniones,
1636 1033 1855 1123 privatarum
1878 1059 1997 1105 rerum
2016 1062 2100 1109 eura

67 1113 166 1183 mani
190 1113 377 1207 tyrannide
400 1112 568 1205 reliquias
584 1108 760 1181 Ecclesiae
782 1113 921 1182 sortiter
939 1113 1059 1179 vindi·
1111 1135 1146 1190 et
1162 1115 1229 1193 hoc
1244 1146 1354 1212 genus
1372 1132 1495 1211 multa,
1520 1133 1706 1201 adversum
1723 1158 1813 1227 quae
1827 1134 2101 1209 sortiterEvan.

66 1214 164 1283 cetis.
203 1212 311 1313 Nulla
325 1237 389 1321 ¹vos
402 1213 602 1305 superstitio
619 1214 772 1282 simulati
789 1208 1060 1282 nominisChri-
1109 1222 1201 1309 gelio
1224 1226 1362 1295 animos
1384 1230 1625 1304 obfirmabitis.
1677 1231 1724 1305 Et
1739 1238 1800 1327 qui
1820 1237 1890 1305 illis
1906 1262 1981 1308 non
1998 1264 2100 1331 prae-

66 1312 108 1384 sti
135 1328 173 1385 et
197 1311 451 1405 Apostolorum
468 1313 566 1383 Petri
588 1328 621 1383 et
639 1312 761 1397 Pauli,
791 1316 911 1383 nullae
930 1315 1058 1398 minae,
1109 1324 1439 1398 tulerit,10minum
1464 1349 1625 1404 amptum
1648 1330 1765 1404 lesum
1785 1335 1989 1425 Obrimum,
2024 1357 2098 1413 οδω

65 1416 187 1487 nullae
202 1416 311 1500 dirae,
332 1415 452 1484 nullae
472 1415 741 1506 imprecationes
755 1417 966 1497 deterreant,
984 1440 1055 1508 quo
1107 1421 1296 1497 anathema
1318 1430 1535 1505 maranatha.
1587 1432 1753 1529 Dle⁴¹)

65 1518 187 1587 minus
205 1516 361 1589 officium
376 1512 660 1586 Christianorum
681 1515 888 1609 Principum
912 1518 1056 1589 faciatis.
1166 1544 1172 1559 ¹

65 1614 169 1695 Hanc
186 1616 297 1687 veluti
314 1619 462 1708 gratiam
478 1619 619 1687 divinae
638 1619 900 1687 misericordiae
922 1618 1056 1688 debetis

65 1730 206 1805 cavere,
230 1733 272 1788 ut
294 1744 339 1788 ne
358 1742 499 1811 pessum
521 1733 576 1788 eat
596 1717 850 1807 Evangelium,
875 1722 971 1813 quod
993 1718 1054 1788 illa

64 1832 135 1893 tam
147 1820 347 1891 liberaliter
363 1821 441 1889 orbi
457 1835 630 1890 terrarum
646 1822 809 1905 donavit,
834 1822 943 1889 immo
959 1820 1054 1913 quod

63 1922 162 1991 velut
187 1921 409 2014 aliquamdiu
435 1922 726 2005 intermortuam,
758 1946 854 1991 nunc
877 1921 1056 1991 revocavit
1114 1928 1181 2003 No,
1203 1928 1286 2000 104.

1112 2026 1284 2055 m

65 2022 102 2093 in
117 2022 249 2097 lucem.
300 2025 399 2092 decet
419 2047 483 2091 scos
504 2024 600 2093 illius
626 2022 775 2113 gloriam
797 2024 929 2091 salvam
951 2022 1055 2106 velle,

64 2120 166 2201 euius
188 2147 252 2195 vos
275 2124 312 2192 in
344 2125 446 2196 terris
470 2127 582 2195 vicem
610 2125 742 2216 geritis.
799 2123 939 2213 Quodsi
967 2124 1053 2218 quid

63 2224 163 2319 prius
191 2238 254 2297 aut
282 2226 464 2319 antiquius
492 2223 630 2320 hahetis
651 2224 866 2317 Evangelio,
897 2226 1054 2314 cogitate,

63 2350 170 2423 quam
183 2327 230 2398 ab
244 2328 352 2395 officii
365 2328 471 2395 vestri
485 2327 683 2397 rationibus
695 2328 802 2395 alieni
816 2327 902 2395 sitis.
934 2327 1052 2415 Quam

63 2442 204 2519 gratum
229 2428 385 2498 officium
407 2430 473 2497 deo
496 2430 577 2499 fecit
598 2424 786 2512 Ezechias,
815 2452 895 2497 cum
918 2451 1056 2517 serper—
1134 2492 1138 2501 .

1210 1540 1438 1635 ἐσχεδιᾶζετο
1458 1545 1633 1645 φίλιππος
1657 1546 1920 1651 ὁμελγάχθων
1936 1556 1992 1649 ⁴²).

1925 1956 1981 2017 22.
1995 1947 2081 2013 Febr.

1916 2039 2088 2067 Μ

1435 2128 1486 2215 G.
1517 2128 1760 2242 Spoletina.

1172 2310 1209 2397 Eu
1224 2341 1390 2415 autographo
1406 2341 1435 2395 io
1450 2341 1520 2398 cod.
1532 2342 1614 2400 Bait.
1627 2344 1659 2399 F.
1674 2348 1733 2401 tot.
1752 2348 1830 2419 epist.
1845 2348 1888 2404 36.

62 2544 305 2601 tetuaeueum
319 2527 435 2613 Masi,
461 2524 541 2599 cum
563 2545 694 2601 statuas
715 2543 749 2599 ct
769 2528 869 2599 ldola
888 2529 1056 2614 abolevit,
1104 2506 1257 2612 Optimo
1289 2515 1367 2587 “iro
1396 2512 1450 2587 D·
1478 2510 1683 2613 Georgia
1714 2515 1989 2617 Spoletium
2033 2528 2108 2603 IL·

62 2628 306 2723 eptimi'regis
324 2631 604 2701 laudatissimum
626 2632 759 2700 sactum
780 2630 988 2715 imitamini,
1021 2644 1056 2701 et
1105 2614 1211 2689 lusit·
1234 2612 1424 2715 Principis
1446 2614 1502 2692 D.
1528 2614 1574 2690 F
1576 2614 1788 2707 riderici,
1831 2620 1929 2699 Duc.
1950 2628 2045 2705 Sex.
2067 2660 2093 2703 a

61 2728 243 2804 Euelesiae
259 2720 451 2823 serpeirtes,
476 2728 681 2802 scholastica
695 2734 879 2821 dogmata,
906 2744 940 2801 et
955 2729 1054 2803 ldola

61 2832 230 2907 Romana
243 2834 394 2925 perdite.
443 2832 552 2903 losias
578 2859 658 2904 cum
677 2836 832 2904 audisset
851 2834 937 2923 legis
955 2834 1054 2903 codi—
1103 2862 1149 2954 S⁶
1198 2878 1291 2953 Ecce

62 2958 138 3006 cem
165 2949 367 3028 repertum,
405 2932 498 3005 nihil
527 2936 626 3028 prius
655 2932 799 3020 habuit,
834 2936 1051 3005 restituendo

62 3032 160 3109 mbo
173 3034 321 3123 divino,
346 3039 517 3129 templum
534 3037 639 3107 sarcit
656 3052 691 3110 ct
704 3049 849 3131 purgat,
873 3036 970 3105 idola
990 3037 1054 3104 de-

61 3138 202 3223 turbat,
222 3136 390 3207 idolatras
407 3130 578 3223 turcidat,
601 3134 709 3231 phase
726 3138 872 3207 domino
890 3138 1053 3206 celebrat.

60 3236 143 3333 Quo
157 3238 259 3333 ¹lltsslo
282 3239 414 3309 mirum
432 3252 499 3326 est,
520 3254 627 3334 quam
649 3238 848 3331 conciliarit
869 3238 936 3306 sibi
959 3238 1054 3309 divi-

60 3344 148 3411 ut'ml
156 3334 332 3410 favorem.
381 3338 500 3411 Huius
516 3342 675 3433 elemplo
693 3364 757 3409 vos
777 3344 918 3433 qu'oque
938 3339 1054 3409 voluit

61 3436 394 3539 miurarp'divlnus
418 3442 580 3535 spiritus,
613 3456 655 3513 ut
681 3442 829 3533 impiam
854 3442 1052 3511 doctrinam

58 3536 97 3617 εἴ
105 3534 337 3639 l'y'rl'tit't'idem
351 3543 646 3615 conscientiarum
658 3545 802 3613 tantlem
816 3566 835 3612 e
850 3545 968 3612 medio
984 3543 1053 3612 tol-

60 3644 191 3721 tectus.
212 3640 442 3714 '·'‘Provehet
471 3660 619 3716 conatus
655 3650 790 3715 vestros
816 3640 980 3715 Christus
1018 3656 1053 3714 et

58 3736 277 3833 lh'rtut‘t'allsit,
298 3746 407 3815 modo
432 3746 565 3837 gloriae
584 3740 773 3837 Evangelii
790 3760 834 3815 'ex
854 3746 973 3816 auimo
990 3768 1053 3814 ve-

60 3840 372 3929 lltis'ssdottsultum.
421 3843 522 3919 Nihil
545 3840 778 3945 de'Lulltero
798 3848 896 3930 dico,
917 3849 961 3915 de
980 3870 1050 3939 quo

60 3934 217 4121 &aab
243 3944 400 4034 inimici,
438 3944 615 4034 utlibet,
639 3942 716 4019 'vo's
737 3966 818 4017 eum
843 3970 862 4016 e
891 3948 1051 4016 doctrina

131 4048 304 4123 rrtlabltis.
333 4046 409 4119 lam
423 4051 517 4119 enim
530 4042 758 4120 occalluimus
773 4050 818 4118 ad
834 4049 916 4118 istas
930 4048 1052 4117 initui-

60 4146 185 4227 ullutn
201 4146 313 4220 doces
342 4144 835 4243 haereticus²,'''blasphemus,
868 4146 988 4218 aruen's
1018 4160 1052 4218 et
1115 4180 1118 4184 ·

59 4250 212 4339 slidiles,
250 4268 341 4345 qnae
362 4253 535 4322 vocabula
556 4250 587 4321 si
610 4254 689 4348 quis
712 4276 754 4322 ex
780 4248 870 4321 hirci
891 4251 1051 4321 oratione

57 4348 180 4441 totth,
194 4350 258 4422 ¹'ue
281 4355 371 4423 ddae
394 4354 537 4447 quidem
557 4354 706 4447 paginae
728 4352 886 4447 reliquae
908 4353 1050 4424 suerint.

58 4446 241 4553 oportuit
251 4450 508 4551 enim'hircum
521 4480 587 4549 pro
606 4455 721 4525 officio
737 4447 958 4553 τραγῳδεῖν.
995 4450 1050 4522 De

57 4548 257 4647 Evtt'hge'lio
272 4556 411 4626 tautum
426 4558 526 4642 dico,
551 4556 652 4626 cuius
673 4555 915 4627 auderitatem
937 4576 1051 4623 asser-

58 4662 129 4729 tain'
145 4662 230 4727 cuin
245 4657 372 4749 eapitis
388 4658 442 4728 sui
460 4644 617 4750 periculo
629 4656 711 4727 'vult
726 4648 928 4728 Lutherus.
976 4654 1050 4723 Vos

56 4756 241 4859 ridebitis,
264 4782 311 4827 ne
330 4760 417 4853 quid
432 4760 618 4849 indiguum
635 4771 669 4828 et
677 4752 890 4827 Christianis
905 4756 1051 4827 etPrin-

56 4860 198 4953 cipibus
216 4860 423 4957 admittatis.
471 4857 660 4951 Exspectat
680 4858 777 4928 orbis
799 4852 973 4929 terrar'um
994 4859 1051 4927 iu-

56 4954 194 5032 dicium
215 4970 395 5046 aestuem,
427 4974 462 5031 et
485 4960 629 5054 publico
653 4961 812 5052 exemplo
839 4960 1051 5046 iudicabitis,

57 5060 128 5161 quo
151 5061 258 5133 vobis
278 5062 413 5133 maiore
434 5076 510 5133 tum
533 5087 616 5132 cura
642 5075 718 5132 tum
738 5062 809 5130 fide
831 5062 951 5130 omnia
968 5074 1051 5131 sunt

57 5164 311 5259 expendenda,
336 5186 427 5257 quae
442 5167 486 5232 ad
503 5161 737 5255 Reipublicae
750 5158 974 5233 Christianae
995 5186 1051 5230 sa-

57 5264 168 5337 lu't'e'm'
181 5264 357 5357 attineat,
399 5261 517 5360 Atque
532 5260 601 5335 hoc
618 5266 723 5335 unice
743 5279 845 5357 opto,
867 5277 909 5335 ut
923 5264 1052 5357 spiritu

52 5388 119 5439 suo
132 5366 301 5439 coelestis
312 5379 413 5457 pater
423 5390 487 5438 vos
503 5380 538 5445 et
551 5366 690 5441 erudiat
703 5380 739 5439 et
749 5366 894 5452 animet,
910 5364 1050 5460 utquid

1178 2794 1182 2801 ,
1271 2719 1409 2807 sacris,
1429 2717 1598 2792 Domino
1618 2746 1663 2791 cc
1678 2732 1837 2820 patrono
1860 2752 1928 2800 suo

1315 2882 1506 2953 versiculos
1530 2886 1755 2978 quorundam
1785 2887 1964 2963 bonorum
1994 2896 2095 2981 iuve-

1105 3009 1193 3054 num
1216 2986 1254 3052 in
1278 2986 1484 3054 incendium
1508 2985 1600 3054 luris
1621 2984 1795 3055 Canonici
1816 2982 1865 3082 ⁴).
1914 2995 2093 3066 Libellum
2187 3034 2191 3051 =

1102 3111 1224 3161 meum
1247 3087 1414 3155 adversus
1431 3079 1617 3155 Thomam
1632 3078 1858 3159 Rhodiarum
1882 3096 1954 3166 scio
1974 3111 2008 3165 te
2030 3100 2094 3167 de-

1104 3188 1270 3269 siderare,
1296 3190 1354 3253 sed
1374 3187 1476 3256 illum
1489 3204 1675 3259 morantur
1683 3188 1922 3281 χαλκοτύποι,
1948 3214 1988 3268 ut
2003 3225 2094 3293 qrros

1104 3288 1284 3379 occuparit
1311 3312 1407 3356 nrruc
1434 3289 1547 3359 multo
1578 3290 1787 3361 melioribus
1814 3294 1861 3370 D.
1885 3294 2094 3386 ullartinus,

1105 3413 1308 3482 quapquam
1357 3389 1457 3458 brevi
1506 3414 1643 3482 sperem
1691 3392 1893 3469 absolutum
1938 3403 1981 3475 iri
2016 3397 2094 3493 **).

1103 3483 1311 3573 Brachium
1335 3483 1420 3587 m)
1448 3496 1584 3581 gaudeo
1618 3490 1706 3565 mihi
1733 3487 1935 3595 σύμμαχον
1962 3508 2093 3576 facturo
2208 3514 2218 3531 ‘

1141 3807 1200 3877 Ι41)
1218 3804 1329 3867 „Dixi”
1348 3804 1423 3861 deest
1436 3804 1502 3859 hiel.
1519 3824 1586 3876 opp.

1154 3884 1731 4010 ”³rttltlfflt'lflalltttt⁰l⁸l¹ltt
1746 3888 1996 4015 ⁵¹¹.¹.¹¹‘tt‘.t'⁵'''”'''
2012 3900 2093 3956 ‘⁶⁵¹⁰'

1188 3976 1368 4097 ‚tdyp‘iaic’
1379 4054 1410 4067 -
1443 4024 1538 4093 Quom
1560 3974 1805 4102 iuterpnpptidrutu
1822 3984 2092 4091 mesenhihhe'iihh

1206 4096 1363 4156 scriberem,
1383 4093 1736 4165 quueotdymttauemmt
1753 4096 1868 4150 orationi
1884 4102 2091 4168 praesecuerunt

1206 4164 1299 4246 (supra
1309 4180 1368 4245 pag.
1376 4162 1446 4229 286),
1458 4161 1586 4241 exanimo
1600 4178 1663 4213 meo
1675 4161 1785 4222 effluxit,
1805 4166 1927 4232 mttppr·
1937 4172 2091 4227 ontionem

1206 4242 1232 4287 et
1251 4252 1278 4286 m
1299 4231 1418 4284 eiusdem
1439 4248 1503 4299 opp.
1525 4227 1645 4283 Basilees
1663 4230 1725 4282 edd.
1744 4230 1777 4285 Τ.
1794 4233 1815 4286 Ι.
1832 4252 1859 4304 p.
1870 4234 2031 4293 defi-889,
2049 4261 2093 4294 η.

1205 4313 1285 4354 stare.
1320 4298 1476 4369 Scripturas
1494 4296 1717 4367 discrepantiam,
1736 4299 1758 4351 si
1796 4319 1829 4354 us
1841 4313 1897 4367 est,
1915 4302 1944 4358 iu
1963 4304 2017 4363 line
2032 4310 2090 4365 Vo.

1206 4367 1314 4422 luntiuis
1328 4366 1409 4439 primi
1423 4365 1607 4437 Epistoleruru
1619 4366 1741 4431 Htltiopt'
1751 4368 1784 4421 da
1804 4388 1831 4423 o.
1883 4372 1919 4425 1⁴.

1136 4468 1164 4539 0¹)
1182 4468 1209 4523 d,
1224 4470 1257 4521 10
1282 4486 1320 4521 m.
1335 4464 1402 4519 Dec.
1416 4464 1485 4517 1620
1502 4462 1634 4517 Lutherus
1654 4464 1716 4535 igne
1738 4469 1870 4525 cremavit
1885 4468 1986 4527 bullam
2002 4474 2092 4552 Papae

1171 4547 1197 4590 ep
1219 4538 1263 4589 tu,
1285 4532 1466 4589 Canopicum.
1517 4532 1649 4586 Versiculi
1677 4540 1803 4607 leguntur
1828 4540 1858 4591 in
1878 4542 1948 4614 opp.
1968 4542 2090 4603 Lutbeci.

1172 4606 1338 4725 &utiterum
1358 4620 1486 4655 unacum
1503 4600 1542 4654 his
1560 4613 1585 4654 et
1599 4622 1734 4656 sommant
1752 4605 1901 4679 angelicam
1917 4623 1944 4667 et
1977 4618 2091 4675 croadam

1202 4670 1397 4741 ungentum&
1413 4668 1489 4723 Ecca
1499 4669 1643 4723 etlt'meers'
1654 4669 1737 4726 libros
1752 4677 1950 4743 combussisse,
1967 4682 2088 4753 apseLu·

1128 4784 1132 4791 .
1171 4744 1267 4795 citerus
1287 4737 1423 4810 spalatino
1444 4756 1459 4790 s
1479 4775 1488 4790 .
1508 4738 1542 4791 de
1562 4736 1665 4792 Wette
1684 4739 1779 4799 l.532.
1801 4758 1903 4801 narrat.
1951 4752 1988 4803 cl.
2009 4752 2090 4807 etiam

1171 4809 1281 4865 Lutberi
1301 4826 1364 4880 opp.
1381 4807 1423 4860 ed.
1493 4806 1553 4861 alcb
1574 4806 1607 4860 Τ.
1623 4806 1684 4864 XV.
1706 4828 1735 4880 p.
1752 4812 1820 4865 1924
1834 4834 1909 4887 seqq.
1957 4816 2090 4875 Versiculi

1170 4897 1249 4941 sero,
1270 4877 1326 4947 qui,
1349 4884 1479 4944 quantum
1493 4874 1616 4947 equidem
1635 4876 1702 4941 scio,
1720 4877 1747 4931 in
1762 4880 1870 4935 Lutberi
1885 4902 1948 4955 opp.
1966 4898 2090 4956 praeter.

1172 4948 1245 5030 missi
1264 4945 1534 5026 sunt‚·nttperritue
1560 4946 1588 4996 in
1611 4944 1778 5028 ephemerid.
1803 4950 1925 5021 theolog.
1950 4953 2091 5025 „Aligesm

1171 5013 1460 5085 Krmben·Zettrrug'’
1476 5013 1681 5069 &1827recust
1697 5028 1769 5073 sunl.
1803 5018 1851 5087 Ε]

1135 5098 1185 5166 dil²)
1204 5098 1342 5165 Hsilippus
1360 5094 1481 5178 libellum
1496 5114 1529 5148 eo
1541 5094 1652 5167 quidem
1671 5108 1807 5169 tempore,
1825 5100 1869 5154 cui
1885 5099 1928 5156 bic
1940 5102 2091 5177 adscriptus

1171 5179 1210 5223 est
1226 5168 1274 5237 (m.
1288 5166 1393 5231 Febr),
1410 5183 1462 5218 rant
1481 5165 1643 5218 absolverat.
1684 5166 1758 5220 Cave
1775 5168 1858 5239 igitur
1879 5180 1968 5242 putes,
1993 5192 2044 5229 nur
2062 5177 2090 5229 in

1172 5248 1325 5308 temporum
1341 5234 1445 5288 ratione
1458 5234 1546 5304 lapsos
1561 5252 1627 5288 esse.
1666 5234 1702 5289 F.

1135 5320 1200 5388 m)
1216 5318 1300 5373 Poeta
1313 5316 1360 5371 illo
1373 5328 1425 5372 tem
1445 5338 1493 5372 ore
1507 5316 1577 5371 haud
1593 5315 1733 5393 ignobilis,
1750 5320 1796 5391 qui
1809 5332 1867 5377 tutu
1880 5323 1996 5393 Lt'pst'ae
2010 5346 2091 5391 cons-

1172 5398 1293 5443 morstus
1314 5397 1383 5442 erat.
1469 5386 1561 5457 quitor
1585 5382 1656 5439 haud
1679 5380 1761 5441 dubie
1781 5387 1815 5442 de
1833 5392 1909 5462 epist.
1928 5392 2091 5467 Bsiselu‘t‘gsd

1170 5453 1379 5531 ‚w
