4500 5782
102 280 299 349 iiiii..
797 252 1353 335 ..eusuuouuuou
1589 322 1594 327 .
1752 221 1821 329 π’
1874 286 1926 331 ·..
2042 278 2070 329 x

102 434 290 538 perierint,
329 458 446 532 neque
469 438 584 507 muita
614 426 815 527 apogrmbs
843 432 883 500 iit
912 431 1095 500 codicibus
1143 442 1198 501 tat
1213 429 1346 500 iudicia
1361 431 1530 500 liberiora
1551 443 1590 499 ct
1608 431 1762 520 ingenua
1783 432 1829 501 de
1848 431 2006 521 regibus,
2034 452 2070 520 pi

102 544 319 625 habeantur,
349 543 409 609 vix
431 553 560 631 potest:
586 550 705 607 tamen
729 534 879 627 quisque
899 532 968 601 sibi
991 532 1094 601 facile
1144 532 1301 623 cipibus,
1326 532 1451 601 aulicis
1470 546 1505 602 et
1527 532 1607 601 iiiiii
1627 533 1686 601 viii
1706 535 1869 621 legantur
1888 558 1994 627 quain
2012 526 2070 599 in⁴

103 645 347 741 peiauadebit,
380 640 623 712 Camerariuin
646 650 742 706 certe
762 658 836 703 non
859 635 971 703 multa
997 634 1096 701 deie-
1145 624 1360 704 Camerarii
1386 628 1453 703 hoc
1480 635 1519 702 in
1542 658 1580 706 se
1604 634 1708 703 fidem
1729 635 1850 705 testari
1870 636 1976 704 etiam
1997 633 2070 701 vidi

103 750 214 833 visae,
251 768 364 841 quinti
387 743 427 813 in
455 742 535 811 aliie
556 739 643 811 ullis
663 732 910 807 Melanthouis
937 734 1096 828 epistolii
1146 736 1258 805 atium
1281 728 1431 804 Posteri
1455 735 1639 806 silentium
1675 738 1721 805 de
1754 732 1811 806 hie
1843 736 2018 829 epistolii,
2062 759 2070 801 i

170 1057 372 1115 elaementiam
400 1047 612 1118 moenieeisse,
639 1053 668 1099 et
692 1045 830 1099 &arbee
852 1050 971 1109 propter
994 1039 1101 1109 ingenii

170 1128 370 1191 doctrinaeque
397 1119 598 1174 encedmtiam
623 1115 698 1180 seio,
730 1115 900 1179 experiendo
918 1112 993 1163 itlius
1011 1113 1097 1163 soter·

172 1198 245 1249 dom
258 1196 341 1247 rebus
352 1192 456 1251 dubiis,
473 1196 501 1240 et
514 1185 669 1254 difficilibus
680 1183 774 1234 animi
783 1180 992 1247 praesentiam,
1009 1187 1036 1232 et
1049 1195 1098 1243 pe·

171 1263 301 1318 rindoeis
309 1260 517 1330 lentitudinem.
555 1252 663 1324 Qisibiu
678 1252 838 1319 benignitas
850 1249 910 1304 Dei
924 1245 1097 1314 aeterniss·

171 1335 282 1387 wtati's
293 1331 403 1399 aliquid
410 1329 497 1379 etam
503 1323 634 1391 aspersit,
651 1319 861 1373 ardentissimis
871 1317 999 1385 precibus
1009 1315 1098 1379 &sius

171 1406 364 1467 mpetratum.
402 1395 617 1465 Quibutmnque
634 1392 709 1443 enim
727 1391 807 1441 rebus
825 1395 853 1439 st
869 1386 989 1452 rseqati's's
999 1388 1043 1437 lsi‘c
1055 1384 1100 1435 uel

170 1469 311 1537 meluit,
334 1468 379 1519 uel
394 1463 536 1530 interfuit,
562 1475 659 1511 eorum
676 1460 805 1509 omissum
817 1457 913 1508 exitus
925 1454 1097 1535 med'socrsm

172 1543 296 1593 habuere
305 1536 531 1604 priieperitetem,
549 1535 649 1580 contra
659 1529 881 1592 ptaerarumqus
893 1540 978 1588 saepe
991 1525 1097 1603 opinio·

172 1624 240 1659 isem
259 1623 295 1657 oc
315 1608 469 1656 multorum
489 1600 672 1650 uoluntatem.
715 1596 867 1661 Nunquam
884 1593 927 1643 ita
943 1593 991 1644 itte
1009 1596 1099 1649 ceant,

174 1684 206 1729 ut
223 1677 350 1729 ueritatis
366 1669 557 1737 patrocinium
570 1669 727 1726 desereret,
743 1672 798 1715 aut
808 1665 944 1725 proderet
955 1675 1096 1738 caussam.

173 1745 271 1812 Neque
289 1745 329 1795 sic
343 1751 442 1792 tamen
458 1736 576 1798 restitit,
598 1749 707 1799 proque
723 1748 779 1784 sua
794 1740 879 1795 perte
895 1733 1096 1811 propupnauit,

173 1822 207 1864 ut
223 1822 343 1871 temere,
358 1816 505 1873 proterve,
528 1804 729 1864 immoderate,
748 1814 802 1864 per
818 1800 1003 1851 mntendendi
1021 1812 1096 1863 cupi-

172 1884 293 1936 tlitatem
306 1888 392 1946 utque
403 1874 611 1929 contumaciam
618 1870 732 1938 sereret
745 1869 902 1935 quicquam.
937 1866 976 1919 Et
987 1870 1098 1917 constat

173 1952 377 2003 nanceianum
396 1960 510 2003 earum,
535 1941 631 2009 quibus
648 1942 708 2003 ipse
724 1938 865 1989 odiubitue
883 1951 941 1986 non
953 1935 1027 2003 fuit,
1049 1948 1097 1982 ne·

174 2034 319 2088 quaquam
331 2015 452 2068 sispitem
463 2010 557 2078 juisse
567 2007 730 2076 fortunam
767 2004 885 2070 Cutpent
902 2019 974 2056 sans
991 2001 1097 2054 lenita-

173 2097 232 2141 tem
251 2089 309 2140 eius
326 2093 353 2137 et
372 2086 524 2134 obtnetent
542 2076 746 2136 moderationi,
763 2082 791 2125 et
805 2074 934 2125 unitum
946 2071 1097 2137 appellent,

175 2165 206 2209 et
216 2167 355 2225 tanquam
369 2148 526 2202 lobaennti
537 2147 680 2197 interdum
698 2158 848 2209 aspergere
864 2150 1001 2192 conentur
1017 2139 1098 2192 oetie-

175 2234 284 2279 mentee
300 2221 389 2289 ali'qui
407 2226 436 2270 et
453 2214 622 2280 importuni,
639 2216 777 2273 audaces,
791 2210 922 2279 seroces,
942 2208 1100 2260 dummodo

175 2296 235 2350 Det
244 2292 356 2346 aeterni
365 2289 545 2342 adiumento,
568 2299 603 2332 ea
616 2281 790 2333 consuluerit
804 2289 833 2331 et
854 2280 939 2345 egerit
958 2275 1026 2329 ΡΜ
1029 2277 1043 2327 l
1047 2276 1060 2326 i
1062 2294 1100 2342 p·

175 2377 246 2433 pus
265 2357 537 2417 Misenensium,
554 2367 627 2418 quae
639 2358 666 2401 et
677 2348 858 2415 Reipublicae
867 2345 1053 2415 profuerunt,
1072 2351 1102 2397 et

69 2478 73 2485 ,
179 2431 330 2483 Bedesiom
355 2424 422 2477 lesu
448 2421 567 2484 Christi,
605 2420 720 2485 huicque
749 2418 901 2469 seruientia
932 2424 990 2480 opt.
1015 2413 1101 2467 eisd.

176 2504 322 2563 patrorum
336 2502 365 2547 et
383 2493 490 2544 ortium
508 2490 619 2554 studi'a,
635 2493 850 2549 sustentarunt,
869 2491 1028 2547 mearunt,
1045 2498 1100 2533 au-

178 2576 299 2622 xerunt:
318 2573 346 2616 et
360 2562 512 2626 ubieunque
525 2560 583 2621 ipse
596 2556 689 2622 affuit,
711 2556 749 2606 ibi
767 2556 812 2604 uel
823 2551 978 2621 fructuosa
989 2551 1103 2630 luerint

179 2638 293 2691 masiliis
310 2640 338 2685 et
354 2633 536 2682 conducentes
555 2627 677 2677 adunet
695 2624 789 2686 itlius,
817 2625 864 2674 vet
883 2636 941 2671 non
958 2625 1103 2673 mouerint

177 2714 255 2759 certe
269 2710 320 2754 aut
331 2699 532 2751 detrinsentum
544 2694 699 2746 attulerint.
737 2691 808 2743 Cum
827 2692 883 2741 ista
895 2690 1006 2741 nonu'ni
1021 2688 1083 2739 Ptii
1089 2716 1102 2729 ·

180 2773 273 2841 lippi
295 2768 401 2837 insana
418 2767 533 2821 saliare,
561 2770 698 2828 tanquam
719 2760 893 2826 tempestatis
912 2766 964 2809 aut
983 2755 1107 2811 matidii

180 2842 301 2897 saeuitia
321 2850 488 2905 quacunque
503 2831 646 2898 peruasit,
672 2830 711 2880 ibi
731 2829 872 2880 uastitatis
891 2835 919 2878 et
935 2826 1042 2892 strapis
1059 2827 1104 2877 in·

181 2913 276 2982 gentio
296 2910 420 2968 damnes,
447 2902 552 2968 sibique
570 2901 623 2965 ipsi
641 2901 714 2950 adea
734 2896 896 2965 afflictionis
913 2910 1031 2947 caunas
1053 2898 1105 2946 de-

181 2980 267 3035 derit.
304 2976 388 3045 Quod
404 2987 495 3036 neque
511 2977 583 3021 esset
600 2984 635 3018 ea
651 2968 815 3017 amireorum
830 2965 975 3034 strenuae,
995 2972 1029 3014 ut
1047 2963 1105 3014 ati·

182 3051 245 3104 eubi
262 3048 317 3112 ipsi
333 3043 489 3096 comittere
504 3037 623 3089 turbidis
639 3035 811 3101 temporibus
831 3035 988 3096 auderent,
1017 3048 1106 3098 neque

183 3119 331 3170 incitatum
348 3122 445 3163 tamen
452 3106 585 3175 furorem
598 3106 701 3156 uident
715 3105 873 3167 cohercere,
897 3109 926 3153 et
939 3101 1107 3153 conscientia

185 3188 265 3238 mala
280 3191 364 3248 estque
381 3177 516 3230 uecords‘u
534 3174 641 3237 timtdt,
665 3180 693 3224 et
706 3172 886 3235 improbitate
897 3186 931 3221 ae
946 3168 1107 3233 petulantia

184 3253 321 3325 effrenati.
356 3251 448 3313 Atque
464 3245 593 3295 iactitant
613 3247 810 3306 ostentantque
829 3239 946 3303 gloriosi
957 3239 1007 3289 itti
1016 3239 1106 3304 quod-

184 3330 254 3377 dam
267 3320 353 3372 robur
364 3318 528 3367 oni'inorum
538 3310 705 3362 invictorum
718 3308 877 3376 mirificum.
914 3304 973 3375 Qui
983 3322 1042 3357 nan
1054 3305 1110 3356 nisi

185 3394 216 3445 bi
234 3406 283 3456 epe
292 3388 434 3455 fortunae
452 3395 607 3446 prosperae
628 3380 774 3437 exultare,
792 3384 821 3427 et
835 3376 1022 3427 multitudiuis
1036 3391 1108 3425 com·

186 3467 282 3515 mnae
295 3459 379 3506 duces
392 3466 467 3510 esse,
490 3457 517 3499 et
536 3449 587 3498 iilo
604 3447 700 3496 minus
715 3444 876 3505 arridente,
890 3443 1031 3511 finiendo
1047 3443 1109 3493 sub·

188 3529 305 3581 trabere
331 3538 408 3581 sese,
437 3518 571 3583 iiislaquc
596 3514 723 3566 deuitare
751 3519 969 3571 wneueuerunt,
1003 3511 1109 3565 ebnilee

185 3608 303 3664 prorem
321 3585 499 3643 suenonis,
523 3591 552 3635 et
570 3582 766 3648 Apettuonti'i,
791 3588 818 3632 et
832 3579 939 3647 tydae
952 3577 1110 3639 Tarsensi's,

188 3674 216 3718 et
225 3658 394 3718 ¹Ari'etionis,
412 3662 440 3708 et
452 3654 479 3705 si
495 3653 543 3720 qui
557 3653 609 3702 alii
619 3653 740 3718 aliquem
753 3649 961 3716 principatum.
977 3650 1067 3728 quiete
1083 3655 1110 3698 et

187 3736 339 3801 pimeente
356 3732 436 3779 statis
452 3723 643 3774 contiubonda
653 3719 878 3783 concupiverunt.
915 3716 954 3769 tn
971 3718 1108 3785 quidnam
1147 3724 1150 3729 '

189 3805 246 3856 i'atts
264 3799 407 3864 Gigantea
426 3810 460 3843 ee
482 3791 616 3857 φώρια
635 3788 747 3839 soboles
769 3793 889 3851 spectet,
921 3793 951 3840 et
975 3801 1110 3852 quorsum

190 3872 303 3928 tendat,
319 3862 557 3917 wnaiderandum
569 3865 668 3908 tanien
678 3855 954 3921 procidendiunque,
971 3861 999 3906 et
1010 3868 1111 3921 quoue·

192 3955 246 4007 qae
259 3938 346 3987 etiam
360 3926 580 3997 mpredifiiru
593 3926 697 3990 possit,
719 3926 874 3977 consedere
888 3923 1111 3989 prospiciendum

189 4022 252 4061 em
264 4005 406 4061 walter.
437 3995 475 4048 In
484 3997 536 4047 lsoa
548 4004 645 4046 autem
656 4010 757 4059 penae
768 3992 899 4058 inprimis
909 3993 1034 4058 loqueos,
1048 4007 1110 4041 cum

189 4074 312 4131 audacia
329 4070 400 4121 illud
414 4067 552 4126 abundet,
574 4080 662 4130 neque
676 4077 796 4125 prarsiu
811 4061 897 4112 lsebee
914 4063 964 4123 sit,
992 4067 1112 4125 superat

190 4140 377 4211 impudentiis,
403 4142 430 4186 et
446 4132 590 4185 calliditas
606 4131 709 4183 eminet
729 4130 900 4183 mutando
949 4128 1032 4199 Quae
1056 4143 1111 4177 au·

191 4216 304 4267 dieriuit
322 4225 342 4259 o
359 4202 576 4269 sapientioribus
597 4208 625 4251 et
646 4198 825 4259 doots‘oribue,
854 4213 952 4249 eorum
973 4197 1113 4251 mnnutta

192 4281 337 4335 oenawe
355 4274 411 4340 ipsi
423 4270 532 4327 edunt,
550 4276 578 4319 et
588 4269 633 4319 bie
645 4267 688 4319 uti
696 4276 835 4333 tanquam
846 4267 913 4318 euie.
950 4265 1034 4336 Quae
1046 4280 1113 4315 vera

192 4365 250 4403 mn
264 4355 382 4413 potuere
400 4340 483 4407 qisuss'
499 4338 772 4401 comprehendendo,
790 4342 819 4385 ut
830 4334 873 4385 ito
884 4336 999 4401 loquer,
1014 4349 1112 4387 eonco-

192 4431 293 4487 quere,
310 4420 336 4464 et
348 4427 402 4463 sua
417 4408 625 4475 quodammodo
632 4404 750 4472 jacere,
771 4420 807 4455 ea
825 4406 1005 4455 obtrectando
1025 4400 1116 4454 auerti

192 4489 321 4543 sument,
340 4488 367 4532 et
379 4476 603 4535 declamitando,
621 4480 649 4526 et
659 4474 767 4525 libellos
780 4473 872 4523 uarios
885 4471 1042 4523 emittendo
1055 4472 1112 4519 uut-

193 4571 247 4623 με
259 4549 446 4617 instituentes.
489 4542 559 4595 Gum
571 4543 708 4595 Veritatis
726 4539 914 4604 i'ntelliecntiu
928 4539 1028 4604 pauet&
1046 4554 1113 4590 con·

194 4631 271 4676 tenta
290 4622 334 4671 eit.
379 4614 437 4667 Sed
454 4612 525 4664 ni‘liil
544 4620 585 4663 est
603 4611 744 4669 onimium,
770 4626 826 4674 quo
852 4610 943 4674 inags's
957 4607 1033 4676 freti
1048 4608 1115 4667 sint,

195 4706 281 4760 quam
293 4685 509 4738 maledictorum
524 4680 764 4743 wniiiciorumqise
784 4685 810 4729 et
828 4679 1043 4731 insectationum
1061 4693 1113 4740 ap·

192 4766 308 4826 paratu.
356 4751 448 4823 Quem
470 4757 610 4801 terrorem
634 4747 764 4799 obi's'eiunt
783 4749 882 4797 statim
898 4746 1041 4805 amtu'bus.
1070 4745 1119 4811 qui

196 4828 266 4893 ipsis
276 4824 484 4877 adversantur.
501 4819 546 4869 uei
558 4833 619 4868 non
629 4816 743 4868 ommno
754 4816 962 4867 assentiuntur.
994 4812 1058 4865 Etsi
1067 4813 1114 4864 itte

196 4914 262 4953 aero
272 4902 369 4944 terror
381 4905 438 4940 non
451 4896 493 4939 est
504 4894 645 4951 tanquam
658 4883 815 4947 diremti,
831 4891 864 4935 ut
875 4898 1046 4949 magnopere
1059 4898 1116 4932 me·

197 4968 241 5019 tui
257 4964 373 5020 debeat,
389 4960 439 5009 sed
456 4956 515 5007 eius
531 4957 643 5015 instar,
660 4969 747 5021 quain
765 4950 875 5003 Hormo
887 4950 993 5005 Graeci
1008 4959 1116 5008 uacum,

196 5036 316 5097 meum
327 5028 472 5094 quantiam
485 5026 524 5075 orl
537 5025 745 5087 pereeltendum
756 5035 914 5084 puerorum
925 5022 1039 5073 aniinos
1053 5020 1114 5070 ido·

198 5119 297 5160 mm,
327 5093 439 5148 ettonis
455 5094 549 5145 aetati
566 5093 736 5151 terribilem,
746 5118 749 5123 -
759 5087 912 5141 ridiculum
928 5089 1061 5145 caeteri‘e:
1077 5088 1117 5157 fit

198 5182 310 5227 tamen,
326 5174 357 5217 ut
369 5162 581 5215 verecundiores
593 5160 679 5211 istam
691 5174 800 5225 quoque
811 5159 1015 5220 petulantiam,
1030 5159 1119 5209 ueluti

198 5237 327 5290 mulieris
339 5232 465 5297 moade
485 5238 512 5281 et
529 5228 726 5281 meretriculae
736 5224 900 5293 fugientes.
917 5230 980 5279 casin
997 5229 1037 5279 eie
1051 5244 1117 5279 eon.

166 5364 169 5369 ,
197 5309 280 5375 gredi
288 5302 461 5366 disputando
477 5304 636 5351 unomen.
669 5292 762 5353 Sene,
779 5293 847 5361 quia
863 5310 923 5345 non
938 5298 1030 5349 satum
1045 5297 1120 5349 nituit

191 5379 257 5446 sere
270 5381 311 5428 est
320 5369 439 5441 pudoris
448 5367 480 5420 isi
492 5368 552 5419 ulte
562 5375 660 5419 aaran
670 5365 712 5419 ls'u
722 5364 890 5429 temporibus
902 5366 1049 5431 reliquiae,
1068 5369 1119 5418 ced

172 5438 179 5447 ‘
197 5444 322 5512 „maa
347 5438 531 5507 wasemes
549 5442 702 5500 mam
719 5430 1040 5499 immensitas
1061 5435 1119 5487 vua

1215 1057 1353 1118 tanquam
1369 1064 1453 1102 more
1469 1058 1643 1102 commotum
1656 1049 1801 1115 agitatur,
1827 1051 1890 1102 idea
1906 1053 1957 1102 uiae
1974 1050 2062 1103 aliter

1211 1127 1317 1185 potest,
1340 1136 1428 1185 quam
1442 1129 1475 1170 ut
1483 1135 1537 1185 per
1549 1136 1695 1170 summam
1709 1120 1853 1171 licentiam
1869 1121 1939 1171 baec
1956 1119 2071 1181 ducalis

1211 1189 1322 1252 perdite
1335 1190 1470 1252 degatur,
1488 1190 1634 1239 cedeonis
1642 1191 1834 1250 procurrendo
1845 1190 2062 1253 uniunuiusque

1206 1255 1331 1328 fidentia
1342 1257 1506 1318 immodice,
1527 1264 1680 1321 postquam
1693 1264 1719 1307 et
1731 1256 1849 1309 libertas
1868 1260 1999 1308 inaximo
2018 1271 2071 1307 con.

1214 1332 1244 1376 et
1255 1325 1337 1391 quasi
1347 1325 1464 1376 uenalis
1477 1327 1524 1376 ost
1531 1326 1631 1376 solutis
1642 1325 1686 1374 uel
1699 1325 1792 1389 rupti'e
1806 1340 1945 1391 proeeme
1963 1322 2071 1375 laeticie

1212 1396 1318 1460 prioris
1328 1393 1472 1445 seruitutis
1484 1394 1681 1459 indignitatem
1694 1393 1796 1444 elatibr
1802 1394 1854 1463 fit,
1870 1402 1898 1444 et
1911 1396 2071 1446 cumulatur

1215 1463 1329 1514 nenne.
1364 1460 1468 1527 ltaque
1477 1465 1571 1514 nescio
1582 1478 1636 1528 quo
1647 1469 1732 1525 pacto
1744 1478 1845 1513 omnes
1858 1465 2067 1528 propemodum

1215 1531 1244 1583 ei
1260 1544 1320 1580 nan
1337 1530 1488 1583 imolenses
1503 1540 1590 1597 atque
1606 1532 1756 1596 i'iidomi'te,
1780 1532 1876 1583 minos
1893 1540 1969 1582 certe
1988 1544 2071 1581 vereci

1215 1615 1276 1651 sese
1291 1607 1407 1663 gerum,
1429 1601 1459 1649 i'ri
1475 1602 1568 1651 aubi'ta
1585 1598 1737 1663 improuidi
1751 1614 1849 1651 eureus
1866 1601 2069 1663 concitatione,

1216 1670 1342 1721 nardum
1356 1668 1571 1719 eunddudinem
1586 1666 1786 1723 Hoiiiericami

1300 1742 1452 1822 turribulo
1465 1777 1494 1821 ut
1510 1786 1590 1840 quein
1604 1768 1676 1821 sorte
1690 1767 1736 1821 tiu
1750 1766 1784 1821 ad
1797 1784 1924 1838 praesepe
1939 1768 2051 1839 ligatum

1299 1836 1403 1890 Taedet
1417 1856 1516 1917 equum
1531 1846 1635 1903 pastus,
1654 1834 1741 1907 ruptis
1757 1835 1802 1890 bic
1816 1834 1903 1890 scitur
1917 1836 2035 1899 habenis,

1301 1904 1335 1957 Et
1349 1904 1431 1958 latuiii
1444 1906 1597 1975 ingredieris
1615 1906 1702 1975 campi
1718 1904 1857 1976 procurrit
1869 1904 1897 1957 in
1911 1923 2023 1975 aequor,

1301 1972 1376 2027 llum
1392 1971 1457 2043 petit
1472 1972 1598 2026 undantis
1610 1972 1661 2027 sibi
1678 1984 1741 2025 nota
1754 1972 1853 2026 fluenta
1869 1971 1976 2035 lavacri,

1301 2040 1411 2095 Eminet
1424 2040 1546 2113 elataque
1561 2052 1643 2113 caput
1657 2041 1761 2096 cervice
1775 2043 1932 2113 sapei-buin,

1302 2108 1356 2165 Sed
1369 2110 1431 2162 iubs
1446 2129 1495 2181 per
1508 2109 1603 2163 diffusa
1615 2108 1759 2163 bumeruai
1772 2110 1887 2163 iactatur
1898 2122 2056 2181 utrumque.

1301 2178 1340 2232 A'i
1360 2197 1372 2231 s
1392 2178 1448 2232 ecie
1462 2178 1520 2250 ipse
1534 2197 1580 2232 sus
1593 2178 1712 2247 gaudens
1728 2196 1760 2231 ac
1773 2178 1875 2232 robore
1891 2176 1985 2245 stetui,

1302 2198 1436 2301 turcium
1449 2242 1600 2319 alacrisque
1614 2248 1675 2301 solo
1695 2246 1854 2300 communia
1870 2246 1975 2328 quaerit

1300 2314 1419 2379 Pabula,
1437 2325 1463 2370 et
1477 2313 1665 2386 incogitatum
1681 2312 1765 2369 inbiat
1780 2314 1885 2387 proprii
1899 2315 1987 2387 gregis
2001 2335 2072 2386 agini

1221 2417 1302 2488 Quae
1319 2423 1362 2466 eit
1380 2415 1476 2480 imago
1492 2431 1637 2468 concessae
1655 2415 1792 2467 bbertun‘s
1809 2416 1931 2478 nimiae,
1950 2418 1995 2467 vet
2012 2432 2072 2469 arri

1219 2491 1307 2539 etiam
1322 2501 1374 2550 per
1390 2486 1565 2536 occasionem
1577 2484 1720 2540 nuntios,
1744 2501 1807 2536 cum
1825 2501 1883 2536 non
1900 2486 2009 2536 ratione
2026 2500 2073 2537 aiu

1220 2558 1286 2607 dine
1298 2562 1350 2607 aut
1361 2553 1586 2605 carnideratione
1598 2554 1657 2603 ulla
1670 2554 1716 2603 uel
1728 2554 1877 2617 eusebiitur
1894 2556 1939 2603 vet
1954 2556 2049 2619 agitur
2068 2581 2073 2602 i

1221 2640 1323 2691 quani,
1340 2624 1392 2673 seit
1404 2623 1522 2685 impetus
1535 2629 1562 2674 et
1580 2621 1741 2679 innotuit·
1759 2624 1949 2682 vehementia,
1967 2632 1994 2673 et
2007 2623 2073 2687 effre

1219 2706 1407 2759 mecepsque
1427 2691 1520 2741 animi
1535 2688 1717 2752 i'rnpatentt'a,
1742 2692 1983 2756 cupiditatumque
2004 2693 2073 2756 insti}

1220 2762 1386 2813 dominatur
1402 2761 1433 2810 iii
1444 2758 1532 2825 sactis
1549 2767 1635 2824 atque
1651 2759 1740 2809 dietis.
1781 2759 1855 2811 Sunt
1873 2767 1969 2811 autem
1987 2760 2061 2810 talia

1220 2845 1294 2894 pora
1312 2828 1412 2893 grauia
1429 2836 1456 2878 et
1472 2830 1583 2892 maenis
1598 2825 1810 2895 difficultatibus
1824 2826 1943 2894 riperta.
1983 2829 2057 2897 Quid

1219 2905 1316 2965 potest
1332 2897 1361 2947 in
1378 2899 1432 2949 isto
1445 2905 1585 2962 taaqimm
1592 2897 1784 2959 mosellorum
1789 2895 1929 2962 fragore,
1949 2905 1976 2948 et
1995 2906 2073 2949 tanto

1223 2967 1309 3031 ligiis
1325 2967 1411 3017 ueluti
1422 2965 1598 3026 nimborum,
1618 2966 1806 3028 prudentiae,
1831 2965 2032 3026 niaderatioiii,
2053 2983 2073 3029 p

1223 3037 1267 3087 dis
1285 3033 1538 3093 admonitionibus,
1561 3036 1589 3083 et
1606 3034 1721 3085 omnino
1740 3034 1912 3085 salutarium
1929 3043 2073 3100 praecepte

1223 3106 1387 3157 adiumenta
1399 3116 1457 3154 esee
1468 3102 1541 3152 lacit
1565 3099 1634 3153 istis
1646 3109 1745 3153 autem
1756 3103 1897 3154 scatentia
1908 3104 2073 3165 luunenaeq

1223 3173 1301 3225 sititis
1315 3172 1448 3231 sublatis,
1464 3170 1594 3232 exposita
1609 3177 1653 3220 eet
1668 3171 1805 3222 niensium
1819 3171 1875 3220 uita
1888 3176 2044 3223 eommunis
2058 3187 2073 3218 υ

1226 3244 1283 3293 tati
1297 3248 1324 3291 et
1343 3241 1444 3300 exitio,
1466 3253 1520 3303 per
1543 3238 1695 3289 barbariae
1711 3240 1940 3300 immanitatem,
1962 3243 1991 3290 in
2006 3242 2073 3303 relig

1225 3311 1404 3360 sanctitatem
1423 3316 1450 3357 et
1470 3306 1580 3357 ciuilem
1597 3308 1830 3359 necessitudinem
1845 3310 2012 3370 grassantia.
2048 3307 2074 3358 Ι)

1225 3394 1291 3428 nem
1296 3375 1398 3443 serum
1410 3377 1630 3440 interrogatum,
1647 3392 1703 3442 qua
1717 3379 1834 3427 tandem
1851 3377 2007 3427 accessione
2020 3379 2074 3427 tion

1226 3461 1294 3498 suae
1306 3443 1412 3496 aetatis
1424 3443 1502 3494 aucti
1512 3444 1625 3495 essent?
1656 3442 1860 3508 Respondisse.-
1882 3444 1938 3510 Eo,
1956 3448 2030 3511 quod
2043 3447 2074 3495 iri

1227 3515 1320 3565 bitatii
1329 3515 1450 3577 puderet
1461 3513 1612 3565 neminem.
1648 3510 1733 3595 Quod
1750 3512 1860 3562 malum
1880 3519 1922 3565 est
1940 3521 2074 3565 extrema

1227 3584 1360 3634 ultimum
1372 3583 1400 3632 i'n
1409 3580 1557 3632 bominum
1570 3580 1697 3631 miserim
1733 3580 1810 3631 Nam
1822 3582 1970 3633 oraculum
1983 3584 2074 3633 extetii

1226 3652 1304 3711 duni,
1313 3652 1360 3709 id,
1377 3651 1451 3717 quad
1458 3652 1641 3715 paedagogus
1651 3646 1801 3701 Plautinus
1814 3649 1872 3700 ait:
1888 3648 1971 3699 Eum
1988 3653 2074 3711 perii

1226 3719 1285 3771 oui
1301 3720 1412 3783 periit
1431 3721 1560 3782 pudor.
1598 3718 1913 3787 Quadeiquandonon
1929 3720 2013 3769 niodo
2028 3734 2074 3782 pei

1224 3787 1354 3854 pudoris,
1371 3787 1553 3838 ueli’iitsri'tue
1562 3786 1827 3853 quoquelsominurn
1841 3788 1929 3839 uitam
1937 3789 2074 3853 depravat

1226 3860 1374 3909 conturbat
1384 3856 1471 3906 ebbm
1481 3858 1636 3907 temerarie
1648 3855 1804 3906 dementiae
1813 3857 1983 3918 pertinacia,
2000 3855 2074 3906 indu

1228 3925 1294 3989 ipso
1315 3925 1370 3977 eibi
1388 3923 1419 3975 in
1441 3926 1587 3977 amnibus:
1625 3922 1700 3993 Quid
1721 3923 1802 3973 atiud
1829 3925 1943 3987 pietatis
1971 3926 2074 3977 veritat

1228 3994 1406 4049 amantibus,
1438 4002 1465 4043 et
1482 3991 1616 4043 studiosis
1634 3993 1745 4042 uertuts'e
1763 3992 1954 4057 bonarumque
1977 3993 2074 4043 nrts'uu

1227 4065 1355 4114 ciendum
1371 4062 1435 4113 eet?
1454 4078 1541 4127 quani
1556 4068 1588 4111 ut
1602 4060 1655 4113 eibi
1670 4061 1799 4124 uideant,
1822 4061 1852 4110 in
1870 4059 1926 4111 Dei
1942 4062 2054 4113 aeterni
2070 4088 2075 4109 0

1229 4131 1425 4191 ieiunum,
1447 4138 1477 4183 et
1490 4130 1532 4180 itis
1551 4128 1588 4179 ab
1607 4128 1697 4193 ipsius
1715 4128 1907 4179 marrantia
1925 4133 2061 4192 protecti,

1229 4215 1317 4267 quam
1332 4198 1444 4262 proelio
1459 4199 1607 4250 oomnii'eeo
1620 4207 1647 4249 et
1658 4198 1797 4261 ds'seipato
1811 4199 1883 4257 acie,
1899 4198 1936 4247 ab
1957 4199 2038 4250 exitii
2054 4199 2075 4249 ii

1229 4270 1324 4320 nentis
1336 4268 1461 4332 pericula
1477 4268 1653 4318 seducantur.
1696 4266 1724 4315 V
1725 4282 1803 4318 erum
1820 4267 1856 4315 de
1875 4267 1927 4316 ista
1946 4268 2075 4317 boininun

1230 4353 1299 4388 nere
1310 4338 1484 4385 nunciorum
1496 4352 1553 4387 tion
1565 4350 1623 4385 esec
1636 4335 1770 4385 mentioni
1779 4332 1940 4395 copiosiori,
1956 4352 2045 4399 neque
2058 4352 2074 4385 a

1230 4422 1269 4457 no
1288 4419 1373 4471 opius,
1401 4412 1431 4454 ut
1452 4404 1535 4454 uerba
1552 4402 1646 4470 finiit,
1670 4418 1758 4466 supra
1777 4403 1854 4451 dici:
1882 4401 1927 4453 De
1944 4402 2026 4452 rebus
2045 4421 2075 4470 qi

1230 4476 1342 4538 tongiur
1359 4481 1399 4523 est
1418 4473 1516 4523 lsobita
1540 4473 1648 4534 oratio,
1681 4488 1767 4538 quam
1783 4469 1910 4537 sortasse
1933 4474 2074 4529 debuerit,

1231 4546 1336 4594 settem
1355 4541 1508 4606 oportuerit
1527 4539 1558 4589 in
1580 4542 1632 4591 luia
1651 4542 1761 4607 quidem
1781 4539 1896 4600 scripto.
1946 4538 2046 4606 Itaque
2072 4566 2075 4589 ι

1232 4610 1415 4675 memineo
1433 4611 1573 4660 lsacteisus
1590 4610 1797 4669 compellationi
1815 4607 2030 4659 illustrissimae
2045 4610 2075 4661 Ε

1232 4681 1326 4733 si'tatte
1343 4686 1425 4743 tuae,
1444 4679 1500 4729 ista
1520 4694 1567 4728 me
1585 4678 1751 4742 i'siserui'sen
1770 4679 1843 4727 eatis
1856 4677 1997 4727 habeatur
2003 4715 2011 4739 ,
2029 4686 2075 4727 eti

1231 4751 1335 4812 detur,
1358 4748 1385 4798 si
1402 4748 1469 4813 quid
1479 4745 1560 4813 sorte
1578 4755 1619 4797 est
1637 4747 1741 4797 dictum
1763 4745 1989 4797 immansuetiue.
2031 4745 2075 4798 Re

1233 4825 1276 4869 eet
1287 4816 1362 4867 taio
1372 4831 1438 4880 spes
1449 4831 1530 4875 mea,
1544 4812 1763 4866 llluetn'seimae
1774 4813 1959 4865 olumnam
1972 4821 2057 4880 tuoe,

1233 4894 1281 4937 tei
1299 4885 1335 4935 ob
1355 4899 1474 4936 oauews
1492 4898 1554 4934 non
1567 4884 1752 4935 iniucundum
1763 4882 1831 4949 sore
1843 4880 2035 4946 lapbtotarum
2050 4884 2076 4934 bi

1233 4954 1394 5014 tectionem,
1411 4951 1448 5002 In
1455 4952 1553 5018 quibus
1557 4968 1617 5002 non
1625 4960 1690 5002 tam
1700 4961 1793 5001 comta
1802 4950 1976 5014 etperpolitn
1986 4967 2076 5003 amun

1234 5022 1375 5088 aequisita
1387 5022 1481 5071 audio
1488 5022 1627 5084 elegantis
1643 5029 1671 5071 et
1682 5029 1818 5071 nemetae
1829 5020 2049 5083 compositionis,
2067 5040 2076 5083 i

1232 5107 1324 5155 puro,
1346 5090 1494 5145 dbtnua.
1516 5089 1683 5154 perspicuo,
1706 5088 1815 5139 usitata
1831 5087 1938 5148 oratio,
1960 5092 2076 5140 strabus

1235 5159 1335 5227 quibus
1345 5161 1481 5216 bobum,
1496 5159 1674 5218 coni-eniens,
1689 5172 1747 5207 mn
1759 5159 1864 5217 poterit
1874 5171 1933 5206 non
1951 5158 2076 5209 tsonesti‘s

1235 5229 1378 5280 blanditiis
1391 5224 1663 5292 legentes-deiudre.
1687 5223 1782 5293 -Quod
1801 5226 1828 5276 ei
1844 5226 1907 5292 quie
1918 5223 1998 5293 forte
2018 5235 2076 5278 tani

1236 5296 1378 5350 eou'dsane
1392 5312 1430 5347 oe
1439 5296 1511 5347 uita
1522 5294 1676 5360 minuique·
1686 5294 1813 5357 eperiasa
1824 5292 1930 5360 fornia
1949 5294 2050 5347 alieubi
2067 5314 2076 5343 s

1236 5368 1337 5421 datori
1360 5364 1393 5417 le
1410 5380 1502 5431 neque
1517 5372 1636 5427 tempus
1650 5362 1734 5428 quasi
1752 5366 1793 5414 od
1811 5365 1988 5414 elinandum
2002 5363 2076 5431 fuiss

1235 5436 1337 5488 batua
1351 5434 1449 5487 suun
1465 5434 1580 5499 aestu.
1608 5439 1636 5483 et
1653 5434 1684 5483 ui
1703 5432 1829 5502 epistolis
1846 5448 2027 5498 nequaquam
2049 5448 2076 5484 ri
