4500 5782
22 190 42 261 ‚·
150 135 226 211 aas
272 82 284 97 ’
661 202 668 221 s
738 92 1169 235 netsron'anuu
1219 136 1328 211 ntn.
1361 128 1432 214 n·
1464 132 1595 212 1521.
2118 126 2199 213 ast

156 304 357 401 Principes,
371 304 555 379 ¹maiorum
572 322 771 380 vestromm
786 311 964 396 studium,
988 310 1053 403 qui
1065 332 1148 381 suas
1200 335 1292 395 mus,
1307 324 1431 383 utrum
1446 310 1492 381 ad
1505 301 1913 379 universamEcclesiam
1924 302 2199 399 cognitiones*

152 412 251 479 ¹vires
268 410 418 501 experiri
427 406 581 481 Turcatn
596 412 757 496 voluere,
782 414 841 479 sed
857 413 1044 482 stultorum
1052 410 1150 480 Pon·
1202 437 1319 482 sarum
1336 413 1418 480 fidei
1436 412 1629 501 pertineat,
1656 412 1800 503 quando
1817 410 1852 478 id
1871 410 1970 481 iubet
1985 425 2021 481 et
2029 404 2201 503 Apostoli

160 513 292 581 tificum
314 536 436 581 accuso
457 513 691 603 impietatem,
717 513 779 606 qui
802 512 881 582 illos
900 512 1028 583 'l'urcis
1050 513 1151 582 obie-
1201 513 1304 584 Pauli
1342 514 1515 583 sententia
1561 526 1597 581 et
1639 511 1773 602 primae
1806 511 1943 601 Syoodi
1974 510 2200 605 ‚exemplprtp

162 608 256 696 cere,
291 629 329 683 ut
356 614 425 705 ipsi
451 614 593 683 interim
622 616 718 683 dorni
747 615 1028 687 dominarentur.
1089 609 1151 684 dn
1202 615 1360 687 Tantum
1385 614 1499 699 abest,
1527 628 1567 684 ut
1589 638 1609 681 a
1630 612 1747 705 stultis
1771 626 1805 681 et
1828 613 1947 707 impiis
1960 608 2200 717 l'ontilteiptu

162 714 351 785 obscurum
374 728 442 799 est,
468 742 539 809 quo
563 715 710 785 consilio
732 712 888 785 Hearici
912 730 946 785 et
964 708 1154 811 Friderr'ci
1202 718 1381 809 appellare
1395 715 1561 810 Synodos
1578 739 1653 783 non
1670 714 1784 799 liceat.
1905 754 1910 789 ;
2088 780 2106 799 ,.
2135 784 2140 795 ,
2166 702 2197 721 '⁴

163 810 340 885 in-Asiam
356 816 507 907 ablegati
526 817 621 887 sint?
670 811 730 885 An
746 818 934 887 obscurum
954 831 1019 902 cst,
1044 841 1151 911 quam
1304 816 1477 902 Proinde,
1509 815 1692 907 Principes
1717 816 1859 909 optimi,
1898 809 1993 885 nihil
2021 837 2086 885 vos
2112 812 2198 899 illo,-

154 910 376 995 'infoeliciter
391 918 596 989 dimicatum
615 918 660 987 sit
678 921 721 987 ad
740 917 918 1004 llarnam,
950 919 1151 1010 compium
1202 944 1282 989 rum
1307 919 1424 987 insani
1452 932 1486 988 et
1507 918 1609 1009 impii
1634 917 1805 987 clamores
1833 919 2091 1009 interturbent,
2124 942 2196 1011 qun

163 1016 288 1087 foedus
301 1014 499 1109 Hungarici
520 1020 611 1109 regis
634 1033 669 1090 et
685 1017 823 1090 'furcae
843 1020 951 1112 impie
974 1021 1153 1091 rescinde·
1202 1022 1324 1089 minus
1343 1022 1386 1089 de
1407 1015 1473 1089 hac
1492 1043 1611 1089 caussa
1633 1031 1667 1088 et
1688 1020 1826 1089 sortiter
1850 1033 1883 1087 et
1898 1014 2105 1089 Christiano
2123 1018 2197 1111 spi-

158 1116 619 1189 'rctCardinalislulianus?
641 1146 761 1191 annon
779 1122 862 1193 satis
882 1146 1073 1213 poenarum
1087 1145 1151 1215 pro
1205 1123 1277 1192 ritu
1300 1121 1473 1193 iudicetis.
1520 1119 1603 1189 Non
1623 1114 1693 1189 hoc
1713 1120 1801 1209 agit,
1829 1134 1870 1191 ut
1890 1144 1927 1189 se
1949 1102 2197 1193 sorvnisLo-

165 1218 312 1313 perfidia
332 1214 494 1291 dedimus
519 1221 647 1291 amisso
669 1247 749 1313 rege
764 1222 995 1313 llungarico?
1018 1238 1059 1293 ut
1075 1248 1154 1291 cae·
1206 1216 1351 1306 thenas,
1376 1222 1435 1299 sed
1459 1235 1497 1292 ut
1515 1216 1751 1310 Evangelinm
1774 1221 1965 1307 tueamini,
1994 1222 2098 1305 cuins
2119 1222 2198 1311 glo-

167 1335 239 1391 tera
265 1336 406 1393 taccam.
464 1321 604 1393 Horum
630 1348 690 1395 vos
712 1349 857 1394 monere
876 1328 992 1409 volni,
1025 1340 1065 1395 ut
1086 1322 1154 1415 ipsi
1205 1327 1293 1394 riam
1310 1326 1383 1416 ipse
1403 1325 1555 1393 libenter
1577 1348 1638 1393 sua
1660 1336 1774 1393 morte
1796 1337 1978 1414 empturus
2000 1338 2086 1397 est..
2113 1319 2200 1393 Non

166 1424 344 1512 cogitetis,
370 1450 476 1519 quam
499 1451 625 1517 parum
646 1428 702 1516 pia
724 1428 795 1495 sint
816 1422 882 1495 hoc
902 1451 1031 1516 gertus,
1057 1423 1155 1495 Tur·
1206 1430 1413 1517 deprecatur
1436 1427 1549 1515 ignes,
1575 1449 1650 1492 non
1669 1425 1837 1495 formidat
1860 1425 1969 1493 ullam
1990 1446 2108 1517 neque
2129 1418 2200 1499 ho·

167 1525 238 1594 cica
260 1526 371 1610 bella,
397 1552 486 1618 quae
507 1553 572 1595 nos
595 1529 664 1596 iam
686 1529 821 1621 aliquot
844 1531 968 1598 seculis
993 1528 1155 1617 gerimus.
1204 1529 1355 1607 minum,
1380 1551 1494 1619 neque
1512 1528 1724 1595 daemonum
1741 1527 1826 1600 vim.
1859 1521 1964 1597 Nam
1977 1522 2017 1619 si
2020 1516 2198 1597 Christos

167 1622 265 1717 Quid
285 1629 380 1720 quod
394 1626 532 1698 Romae
545 1629 723 1698 linxerunt
734 1626 903 1699 hactenns
919 1631 1036 1713 toties,
1062 1629 1154 1709 bella
1204 1625 1410 1726 pronubis,
1434 1624 1518 1725 quis
1532 1635 1659 1695 eontra
1674 1624 1767 1696 nos?
1798 1625 1925 1697 Vestra
1941 1652 2025 1697 vero
2042 1618 2198 1711 intersit,

167 1727 298 1797 minari
321 1727 496 1813 Turtam,
531 1730 668 1822 quoties
690 1730 921 1800 Germaniam
947 1729 1156 1823 depraedari

167 1828 284 1903 libuit.

267 1977 452 2049 Postremo
495 1981 611 2068 arguit
653 1982 909 2051 inconstantiae
947 1975 1155 2051 Lulderum

169 2078 307 2166 hircus,
341 2074 438 2174 quod
461 2106 540 2149 cunt
563 2082 785 2177 adeoncilia
807 2080 1049 2154 Ecclesiastica
1072 2110 1157 2175 pro-

167 2198 284 2267 vocet,
309 2197 412 2272 neget
427 2196 564 2267 namen,
586 2208 674 2275 quae
691 2210 709 2253 a
723 2182 893 2253 Conciliis
910 2187 1048 2255 decreta
1062 2200 1156 2258 sunt.

167 2281 283 2368 Audi,
308 2280 424 2368 hirce,
453 2308 528 2352 nnn
548 2286 655 2353 modo
674 2310 694 2353 a
713 2287 889 2371 conciliis,
914 2310 989 2355 non
1008 2288 1115 2356 modo
1137 2311 1157 2355 a

167 2384 333 2456 Romano
347 2382 533 2469 Pontifice,
559 2388 617 2454 sed
634 2411 653 2455 a
669 2388 787 2479 pueris
802 2388 907 2457 etiam
925 2390 1043 2457 doceri
1062 2390 1157 2458 volet

168 2479 375 2572 Lathertm,
401 2487 431 2555 si
452 2488 659 2578 scripturam
680 2489 838 2561 doceant.
888 2485 947 2558 Ad
968 2486 1157 2559 homiuum

129 2628 132 2635 ·
169 2602 367 2659 commenta
382 2612 456 2657 non
473 2590 580 2657 modo
594 2614 668 2657 non
676 2586 874 2675 pontilicis,
901 2593 961 2661 sed
983 2592 1047 2660 ne'c
1059 2589 1158 2663 Con-

169 2692 335 2760 ciliorum
353 2690 560 2761 auctoritate
576 2691 670 2779 adigi
686 2690 827 2782 poterit.
878 2690 991 2761 Immo
1010 2689 1158 2762 anathe-

1208 1732 1390 1801 restituere
1415 1755 1454 1799 ac
1475 1728 1567 1798 tueri
1590 1729 1798 1813 doctrinam,
1823 1753 1931 1820 quam
1944 1728 2118 1818 sauguine
2133 1752 2198 1809 suu

1209 1831 1385 1901 dedicavit
1400 1826 1580 1914 Christus,
1607 1824 1676 1922 qua
1699 1831 1925 1921 praescripsit
1942 1854 2016 1901 una
2031 1830 2081 1901 ad
2104 1824 2200 1901 salu-

1207 1934 1398 2004 tem'viam.
1449 1932 1522 2018 Qui
1536 1932 1716 2001 diversum
1729 1934 1869 2015 docent,
1891 1955 1955 2001 suo
1969 1932 2099 2015 ventri,
2116 1954 2198 2001 suae

1209 2035 1407 2128 tyrannidi,
1440 2056 1521 2101 suae
1541 2033 1692 2121 gloriae,
1718 2056 1792 2100 non
1815 2034 1921 2103 saluti
1944 2047 2106 2117 vestrae,
2125 2054 2198 2123 nou

1209 2136 1341 2226 gloriae
1363 2135 1421 2202 dei
1443 2135 1644 2203 consultum
1666 2133 1803 2206 volunt.
1853 2132 1936 2203 Non
1961 2157 2109 2225 possum
2124 2128 2198 2203 effi*

1209 2238 1330 2307 catiori
1368 2236 1506 2305 ratione
1539 2235 1641 2303 vohis
1666 2231 1901 2322 Evangelium
1940 2235 2198 2319 commendare,

1209 2364 1315 2432 quam
1329 2363 1411 2407 cum
1423 2332 1610 2419 adhortor,
1635 2349 1675 2406 ut
1691 2359 1753 2405 sua
1770 2338 1897 2429 cuique
1913 2359 2018 2423 curae
2034 2338 2136 2435 salus
2145 2332 2198 2419 sit,

1209 2439 1352 2534 quaesi
1375 2462 1437 2507 vos
1458 2463 1533 2507 non
1556 2432 1662 2507 habet
1689 2437 1877 2523 sollicitos,
1921 2461 2000 2509 non
2032 2438 2108 2515 iam
2137 2458 2195 2525 ego

1209 2542 1303 2633 apud
1317 2534 1538 2611 Christianos
1551 2539 1740 2629 principes,
1764 2541 1826 2609 sed
1840 2540 1935 2631 apud
1946 2537 2196 2627 Diocletianus,

1209 2643 1303 2735 apud
1316 2640 1518 2711 Maxentius
1532 2640 1623 2713 dico.
1674 2638 1814 2728 Quodsi
1829 2653 1880 2717 ost
1894 2640 1933 2709 in
1947 2640 2051 2713 uobis
2064 2634 2197 2711 Christi

1209 2743 1371 2836 spiritus,
1396 2742 1612 2833 cogitabitis,
1637 2765 1809 2833 quorsum
1824 2764 1879 2810 res
1891 2736 2098 2811 Christiana
2116 2762 2196 2833 prub

169 2806 329 2876 maesto,
352 2792 513 2885 quisquis
527 2793 686 2863 docuerit
701 2808 840 2885 praeter
856 2794 904 2881 id,
924 2796 1020 2888 quod
1035 2795 1157 2887 prodi-

170 2897 254 2965 dere
270 2895 413 2964 divinae
429 2894 561 2966 limae.
1209 2848 1305 2936 lapsa
1326 2843 1390 2929 sit,
1411 2868 1517 2936 quam
1539 2843 1588 2913 sit,
1601 2836 1813 2912 Antichristi
1828 2840 1985 2913 Romani
2007 2864 2195 2932 regnum

704 3026 708 3035 ,
1209 2944 1351 3017 Christo
1380 2946 1557 3029 alienum,
1589 2967 1696 3036 quam
1721 2967 1789 3034 pra
1816 2944 1949 3013 divinis
1973 2944 2195 3037 legibuspro

274 3044 381 3133 Quod
395 3065 518 3132 negas,
538 3042 804 3134 provocandum
819 3041 1159 3116 aPontiliceRoma-
1210 3045 1343 3120 Christi
1362 3042 1558 3136 Evangelio
1580 3044 1688 3135 impia
1713 3057 1748 3114 et
1768 3047 1935 3136 pestilens
1956 3036 2197 3119 doctrinm

171 3168 218 3218 no
233 3149 278 3216 ad
293 3146 474 3240 Synodos,
501 3144 608 3237 idque
626 3144 721 3215 iuxta
737 3139 913 3235 Ephesini'
925 3142 1080 3215 Concilii
1096 3148 1160 3216 de-
1211 3163 1307 3241 cepta
1323 3148 1387 3234 sit,
1407 3162 1441 3217 et
1454 3172 1495 3217 ex
1512 3146 1620 3237 impia
1637 3146 1818 3231 doctrina,
1842 3140 2010 3233 humanis
2027 3144 2198 3233 constitu·

171 3263 329 3331 cretum‚
378 3244 539 3314 Primum
571 3270 643 3313 non
670 3258 823 3329 constat,
865 3247 950 3340 quid
976 3244 1157 3339 Ephesina
1211 3252 1387 3334 tionibus,
1419 3240 1483 3342 qui
1509 3249 1618 3331 ritus,
1654 3270 1760 3341 qnam
1782 3242 1959 3339 prophani
1981 3248 2023 3319 iu
2040 3236 2196 3318 Ecclesia

171 3350 337 3447 Synodus
356 3347 526 3417 statuerit.
578 3346 717 3415 Deinde
735 3348 830 3437 piam
848 3371 919 3416 esse
935 3350 1160 3438 provocatio-
1211 3351 1349 3423 conficti
1364 3351 1454 3435 sint,
1479 3363 1521 3419 ut
1535 3348 1649 3425 videri
1661 3371 1757 3417 nunc
1774 3349 1918 3417 demum
1933 3348 2066 3439 possit,
2088 3374 2112 3419 o
2132 3346 2197 3431 ml·

155 3477 252 3543 ‘nem
267 3452 310 3518 ad
327 3448 490 3542 Synodos
505 3445 637 3517 Paulus
653 3449 771 3531 docet,
797 3472 876 3516 cum
899 3472 1017 3519 rerum
1033 3444 1157 3525 Eccle-
1211 3475 1305 3521 seros
1319 3474 1402 3535 nos,
1425 3442 1705 3523 Christus-datus
1718 3448 1881 3538 gentihus
1899 3450 1945 3521 ad
1962 3448 2197 3531 ittpdenrtmn

171 3552 388 3624 siasticarum
405 3562 438 3617 et
454 3572 654 3617 caussarum
674 3549 756 3617 lidei
778 3548 949 3620 iudicium
974 3566 1078 3641 negat
1097 3576 1160 3644 pe·
1201 3553 1438 3643 ¹Quantillum
1455 3553 1550 3633 enim
1565 3552 1709 3621 interest
1722 3549 1815 3623 inter
1829 3549 1932 3631 illam,
1941 3552 2106 3641 gentium
2117 3548 2198 3637 lde-

171 3680 233 3725 nes
249 3650 445 3744 Episcopos
459 3673 531 3718 esse
548 3650 691 3732 debere,
718 3650 779 3718 sed
796 3674 902 3745 penes
916 3654 1091 3731 sedentes,
1118 3667 1158 3721 ut
1210 3655 1352 3723 latriam
1386 3667 1420 3722 et
1446 3648 1544 3723 hunc
1571 3649 1749 3721 Ecclesiae
1775 3665 1921 3736 statum,
1953 3650 2101 3740 gentilis
2134 3648 2198 3725 do·

172 3757 282 3849 ipsius
304 3753 412 3822 verbo
435 3766 524 3824 utar.
582 3748 685 3819 Hanc
709 3774 772 3839 ego
795 3753 1005 3821 sententiam
1025 3753 1160 3843 gravis-
1211 3756 1342 3839 ctrina,
1367 3748 1592 3847 philosophia
1607 3753 1759 3843 admissa
1779 3765 1832 3821 est
1852 3766 1889 3822 et
1905 3754 1951 3827 ad
1972 3748 2067 3825 hane
2080 3748 2195 3829 omnia

131 3934 134 3941 ,
172 3857 251 3931 simi
267 3852 431 3949 Apostoli
447 3877 521 3923 non
539 3853 652 3943 patiar
668 3847 757 3921 mihi
774 3852 928 3923 cuiusvis
944 3852 1080 3947 Synodi
1097 3857 1159 3923 de·
1211 3881 1308 3931 sacra
1332 3856 1494 3944 dogmata
1519 3854 1644 3923 referri
1666 3855 1792 3927 solent.
1851 3849 1908 3923 Ad
1932 3840 2196 3947 philosophi&

172 3975 265 4031 creto
284 3954 495 4049 extorqueri.
543 3952 733 4051 superiore
749 3956 866 4024 seculo
884 3969 916 4024 et
929 3953 1034 4040 aPio,
1053 3982 1157 4050 quem
1211 3972 1428 4027 accesserunt
1450 3954 1655 4025 Pontificiae
1685 3957 1796 4044 leges,
1834 3979 1923 4049 quae
1953 3970 2097 4047 practer
2119 3944 2196 4029 litai

172 4062 222 4133 sic
240 4058 431 4141 vocabant,
455 4053 682 4126 Pontificc‘et
707 4052 837 4126 alulio
861 4072 1001 4127 cautum
1021 4072 1089 4142 cst,
1114 4081 1159 4125 ne
1211 4060 1298 4155 quid
1321 4059 1418 4129 aliod
1440 4059 1586 4138 docent,
1608 4066 1716 4149 'quam
1741 4057 1864 4127 stultas
1890 4069 1925 4124 et
1950 4056 2079 4147 impias
2103 4078 2195 4153 retu·¹

170 4164 251 4259 quis
280 4171 486 4254 provocaret
509 4159 555 4225 ad
583 4156 757 4251 Synodos.
827 4154 927 4245 Quae
953 4159 1158 4230 constitutio
1203 4160 1372 4230 monias?
1420 4152 2195 4250 Episcopi,·quil›usest'demandatasunctin

171 4289 278 4359 quam
295 4286 371 4331 non
391 4252 529 4350 sit'pia,
555 4254 613 4329 hic
626 4256 730 4328 Pauli
745 4257 844 4328 locus
859 4250 991 4348 arguit,
1017 4259 1081 4353 qui
1096 4284 1160 4351 pe·
1201 4254 1397 4350 Evangelii
1427 4258 1673 4350 praedicandi,
1709 4259 1797 4329 luxu
1830 4272 1865 4327 et
1894 4258 2089 4349 splendore
2118 4280 2196 4337 eunt

85 4356 88 4361 ¹
171 4390 235 4436 nes
257 4367 416 4433 sedentes
436 4385 509 4429 esse
533 4360 702 4431 indicium
724 4383 922 4429 caussarum
942 4361 1024 4429 fidei
1048 4364 1159 4433 docet.
1203 4350 1352 4452 Tregibus
1369 4361 1524 4450 gentium
1545 4374 1698 4443 certant,
1723 4375 1757 4429 et
1775 4354 1871 4429 haud
1885 4360 1958 4429 scio
1979 4356 2196 4455 anpr'ipcan

171 4465 267 4556 Ergo
287 4464 393 4554 impie
419 4456 554 4542 errant,
580 4461 640 4552 qui
666 4461 731 4528 soli
748 4460 913 4531 Romano
929 4459 1093 4530 Pontifici
1114 4462 1159 4530 de
1204 4462 1400 4533 Caesarum
1425 4462 1601 4541 luxuriam
1625 4461 1746 4531 vincat
1767 4460 1872 4529 etiam
1889 4458 2030 4532 Romae
2047 4458 2197 4555 pontit

172 4568 302 4638 caussis
332 4563 469 4652 pietatis
499 4562 681 4631 iudicandi
711 4564 954 4631 anctoritatem
985 4565 1158 4633 tribuunt.
1210 4566 1274 4637 cia.
1325 4562 1373 4633 Et
1390 4560 1481 4633 hanc
1496 4562 1797 4631 dissimularemus
1820 4562 1981 4655 quidem,
2004 4562 2077 4633 nisi
2098 4584 2197 4654 pratb

171 4666 220 4740 Et
249 4667 425 4760 pertinere
461 4664 699 4759 coguitionem
731 4688 852 4749 carrum
879 4666 923 4731 ad
956 4665 1156 4733 universam
1212 4681 1307 4735 textu
1336 4664 1492 4734 nominis
1511 4660 1646 4733 Christi
1666 4664 1735 4732 sihi
1760 4662 1901 4757 quidvis
1927 4658 2197 4753 arrogarentil.

172 4769 384 4850 Ecclesiam,
426 4763 514 4832 illud
543 4766 580 4831 in
610 4764 695 4834 actis
716 4760 931 4856 Apostolicis
959 4767 1156 4859 exemplum
1210 4768 1272 4859 qni
1292 4790 1328 4835 se
1341 4763 1476 4837 Christi
1491 4766 1649 4847 riccarius,
1674 4779 1709 4833 et
1725 4764 1801 4833 iure
1817 4764 1961 4857 quidem
1977 4765 2119 4851 diuino,
2132 4761 2197 4835 iu·

172 4873 278 4943 etiam
301 4881 464 4963 testatur,
486 4866 549 4933 ubi
571 4889 645 4933 non
666 4866 773 4935 modo
792 4862 1063 4956 Apostolorum,
1096 4869 1157 4937 sed
1210 4870 1407 4937 verecunde
1422 4882 1456 4937 et
1470 4858 1578 4957 impie
1593 4866 1711 4935 vocari
1726 4866 1861 4935 volunt·
1910 4862 2049 4937 Forsan
2071 4866 2111 4937 in
2132 4858 2198 4937 hoe

172 4972 353 5043 communi
370 4966 548 5037 seniorum
563 4979 597 5033 et
615 4967 721 5035 totius
735 4962 912 5036 Ecclesiae
930 4970 1158 5037 consiliode-
1207 4970 1374 5041 excitavit
1386 4967 1484 5039 Deus
1505 4958 1669 5039 Lutderi
1688 4966 1874 5056 spiritum,
1903 4984 1946 5038 ut
1969 4992 2011 5036 ex
2036 4963 2106 5039 hoc
2127 4968 2196 5039 ira'e

172 5089 308 5145 cretum
327 5087 379 5143 est
397 5070 441 5139 de
462 5068 623 5137 libertate
642 5062 854 5139 Christiana.
906 5066 965 5137 Sic
989 5062 1084 5137 enim
1108 5070 1157 5139 ait
1208 5084 1384 5162 tempore,
1420 5084 1462 5140 ut
1491 5066 1750 5139 curnDaniele
1781 5069 1924 5159 loquar,
1962 5069 2106 5165 aliquos
2136 5090 2213 5163 per-

171 5175 303 5259 Lucas,
331 5168 374 5243 V
370 5168 463 5239 mom
477 5178 529 5237 est
542 5164 778 5262 Apostolr's·ct
793 5166 1000 5237 semoribus
1020 5178 1054 5237 et
1072 5169 1157 5239 tmi-
1207 5166 1442 5267 Evangelium
1455 5166 1704 5241 suumevocet.
1744 5167 1881 5239 Forsan
1896 5162 1989 5239 hacne
2006 5171 2197 5253 scintillam

172 5298 294 5361 versae
310 5269 509 5344 Eccleszaa.
559 5268 658 5359 Quid
674 5282 725 5341 est
744 5268 872 5358 igitur,
896 5272 993 5364 qnod
1014 5261 1156 5344 dubitess
1207 5272 1297 5344 lucis
1322 5270 1555 5363 Evangelicae
1584 5272 1695 5361 donat
1724 5270 1921 5343 miserabili
1951 5264 2038 5343 huie
2063 5272 2197 5363 'meula
