4500 5782
110 156 217 309 trs*
703 210 1143 341 ,urrs'ronaafuu
1180 216 1290 292 nro.
1323 215 1368 292 n
1423 213 1552 291 1sso.
2067 223 2140 297 no

107 398 143 457 ot
157 381 225 456 hoc
241 383 354 453 multo
368 381 525 476 ineptior
535 377 683 457 Eccius.
731 377 814 455 Erit
832 404 913 473 ergo
936 405 991 452 res
1004 376 1097 451 mihi
1149 397 1200 455 est
1223 397 1265 457 ut
1286 382 1398 471 dicas,
1438 383 1534 455 iuxta
1557 381 1663 455 Pauli
1688 387 1918 495 seqtentiam,
1955 382 2142 463 Christum

44 558 47 565 ,
106 500 319 557 nanterum
342 485 467 570 modo,
500 487 561 555 sed
586 497 620 555 et
642 508 724 555 cum
746 478 981 575 Aegoceron,
1014 507 1096 555 cum
1149 508 1233 561 esse.
1285 486 1384 581 quod
1412 485 1443 555 si
1466 479 1649 561 Aharonis
1677 490 1872 561 sacerdotio
1901 513 1943 560 ac
1970 490 2142 566 sacrificio

107 584 237 672 Εεείο,
272 586 427 657 breviter
456 611 538 657 cum
570 586 738 657 omnibus
771 581 878 657 huius
906 584 1096 679 impictatis
1149 587 1383 679 significatum
1404 599 1456 658 est
1481 588 1732 687 sacerdotium!
1746 614 1786 661 ac
1816 591 2028 665 sacrificium
2054 592 2142 676 cius,

107 689 321 765 auctoribus.
371 684 421 757 Et
435 688 473 756 in
489 714 529 759 eo
549 712 606 758 res
623 688 739 758 omnis
753 689 820 759 sita
843 700 912 774 εει,
938 702 978 758 ut
990 686 1097 757 Levi·
1149 689 1213 782 qui
1226 690 1381 782 placaret
1391 691 1507 774 deum,
1521 691 1618 783 quod
1628 692 1672 760 ad
1689 691 1854 784 spiritum
1867 693 2014 781 adtinet,
2028 694 2144 789 quies

106 795 217 887 ticum
245 790 479 861 sacerdotium
506 785 679 862 aChristi
701 791 913 874 sacerdotio,
948 805 984 861 et
998 787 1097 885 Petri
1149 792 1257 861 semel
1274 791 1434 875 offerret,
1458 804 1492 861 ει
1507 791 1611 862 unica
1624 792 1806 864 oblatione
1821 809 2082 866 consummaret
2097 791 2141 888 ²⁰)

36 973 39 981 ¹
106 892 303 966 ministerio
326 905 417 963 recte
439 891 676 977 discernatur,
701 892 740 961 in
757 917 826 986 quo
848 893 952 962 video
969 891 1097 960 misere
1150 917 1223 979 eos,
1242 893 1304 987 qui
1326 892 1601 977 sanctificantur,
1626 918 1690 965 cur
1704 919 1820 985 negas,
1847 893 2018 969 Aharona
2033 892 2143 967 Chri-

108 1015 124 1070 t
193 1008 375 1087 etuosque
396 987 618 1066 hallucinari.
669 987 788 1089 Atque
807 995 943 1065 utinam
962 993 1019 1062 vel
1037 987 1097 1061 hie
1150 996 1195 1065 sti
1209 1008 1333 1089 typum
1345 993 1476 1064 fuisse?
1523 990 1625 1063 Nihil
1639 996 1903 1084 comminiscor,
1928 994 2142 1088 nihiltingo,

109 1022 416 1194 tillcltsasardus
430 1087 512 1166 tuus
525 1096 730 1181 monuisset,
743 1109 784 1167 ut
799 1099 843 1165 de
859 1100 966 1167 tantis
980 1095 1098 1178 rebus,
1149 1096 1254 1168 Pauli
1270 1097 1315 1165 ad
1330 1093 1511 1166 Hebraeos
1524 1096 1644 1167 omnia
1659 1112 1761 1183 sunt,
1784 1124 1873 1194 quae
1890 1113 2014 1175 tracto.
2047 1098 2142 1189 Qui-

110 1202 234 1273 sirion
250 1197 382 1289 aptius,
409 1210 445 1267 at
463 1199 599 1269 cautius
618 1198 818 1277 dissereres.
864 1194 993 1267 Censes
1008 1195 1098 1287 figu-
1151 1200 1237 1283 bus,
1268 1198 1339 1266 nisi
1360 1197 1490 1291 impius
1514 1221 1569 1282 es,
1600 1199 1769 1289 refragari
1797 1202 2006 1295 neutiquam
2031 1217 2142 1295 potos.

107 1316 226 1399 ratum
241 1294 369 1369 Moshe
384 1293 584 1384 Christum,
610 1294 778 1370 Abarone
794 1297 951 1373 Petrum.
990 1296 1098 1387 Quod
1150 1290 1233 1371 Non
1247 1299 1411 1390 figuravit
1428 1300 1501 1385 lex,
1526 1300 1597 1371 nisi
1623 1324 1705 1371 eum
1724 1299 1949 1390 Pontificem,
1974 1305 2040 1397 qui
2061 1328 2143 1396 pec-

109 1427 194 1491 cam,
214 1402 457 1485 confutavero,
497 1396 590 1471 nihil
614 1425 678 1492 per
707 1402 911 1471 ementitam
936 1392 1099 1471 rolla'tio-
1150 1417 1268 1473 catum
1289 1401 1465 1485 aboleret,
1491 1401 1554 1495 qui
1569 1403 1682 1492 legem
1698 1403 1896 1475 absolveret
1913 1429 1953 1475 ac
1969 1404 2144 1498 impleret,

110 1530 193 1577 nem
209 1517 307 1575 tuam
331 1501 494 1571 effectum
515 1502 701 1592 intelliges.
761 1500 918 1574 Proinde
937 1503 1099 1572 omnium
1150 1504 1325 1587 breviter,
1351 1502 1413 1596 qui
1428 1503 1632 1574 iustificaret
1647 1528 1687 1573 ae
1705 1505 1864 1579 salvaret.
1916 1504 2012 1577 Haec
2034 1521 2075 1579 tu
2095 1505 2141 1577 ad

109 1608 266 1703 primum
291 1627 434 1688 censeo,
459 1606 619 1697 rpropius
642 1600 829 1686 Aharonc,
867 1628 974 1699 quam
997 1602 1099 1684 Mose
1151 1605 1297 1677 Petrum
1317 1604 1425 1697 impie
1453 1605 1562 1675 sratcr
1585 1607 1739 1677 reseres?
1794 1606 1886 1677 Nam
1909 1623 1951 1678 ut
1969 1606 2070 1679 Petri
2088 1622 2144 1702 ty-

109 1706 292 1783 Christum
315 1705 475 1795 figurari,
501 1707 598 1800 quod
617 1704 737 1776 Moses
760 1707 902 1798 proprie
923 1698 1101 1801 legislatq-
1151 1732 1237 1800 pum
1263 1701 1431 1777 Aharona
1456 1705 1560 1791 sacis,
1596 1708 1646 1777 ita
1672 1731 1810 1777 neccsse
1834 1722 1905 1794 est,
1936 1724 1978 1781 ut
1994 1707 2144 1781 Petrum

111 1816 204 1893 rem,
238 1802 385 1878 Aharon
409 1830 493 1877 vero
517 1810 750 1899 placatorem,
787 1811 946 1902 adeoque
970 1806 1100 1897 gratiae
1153 1808 1414 1881 iustificatorem
1453 1831 1493 1877 ac
1518 1807 1736 1885 ,salvatorem
1769 1811 2000 1903 amplectaris.
2061 1809 2144 1901 Qua

112 1930 236 2010 typum
263 1922 354 2001 agat.
418 1933 533 2004 neque
557 1904 719 1981 Christus
739 1910 918 1999 legislator
941 1909 1005 1988 sit,
1038 1908 1100 1977 sed
1154 1910 1331 2002 impietate
1365 1932 1454 2003 quae
1485 1908 1599 1978 maior
1632 1910 1821 2000 excogitari
1847 1913 1984 2004 potest?
2040 1908 2144 1983 Nihil

111 2012 243 2108 gratiae
269 2025 304 2081 et
329 2011 451 2082 salutis
479 2026 612 2084 auctor.
681 2007 730 2081 Et
766 2025 806 2081 ut
837 2007 896 2081 hic
929 2011 1101 2093 omittam,
1152 2008 1211 2082 hic
1238 2010 1381 2096 attollo,
1413 2011 1534 2081 omnia
1563 2010 1821 2105 simplicissime
1843 2014 1993 2103 colligo,
2024 2027 2144 2084 utres

113 2129 287 2213 quptenus
313 2109 410 2182 Mosi
432 2138 512 2184 cum
534 2108 676 2182 Clitisto
707 2113 894 2183 conveniat
927 2108 1036 2205 (Nam
1061 2134 1100 2179 ea
1153 2115 1229 2206 ipsa
1255 2113 1419 2206 postulat.
1491 2107 1593 2183 Nihil
1625 2113 1821 2200 maliciose,
1858 2110 1951 2184 nihil
1988 2139 2053 2208 per
2086 2138 2145 2185 ca·

113 2215 303 2309 disputatio
324 2214 497 2307 prolixior
514 2227 581 2298 cst,
608 2239 714 2307 quam
736 2227 777 2285 ut
795 2208 854 2284 hic
873 2214 1017 2285 tractari
1039 2213 1102 2282 de-
1153 2215 1327 2287 lumniam
1346 2213 1487 2303 lougius
1507 2214 1617 2299 duco,
1649 2239 1757 2307 quam
1788 2217 1863 2309 ipsa
1893 2241 1949 2286 res
1979 2216 2144 2308 patiatur.

114 2321 230 2415 beat),
277 2313 406 2385 Nonne
429 2311 565 2385 Christi
596 2316 831 2385 sacerdotium
857 2340 937 2386 cum
960 2309 1102 2387 Aharo-
1153 2316 1362 2411 placabilius
1382 2315 1507 2400 luerit,
1531 2340 1613 2385 eum
1632 2310 1817 2387 haereticis
1833 2318 2045 2412 quibusdam
2062 2318 2146 2388 uni-

113 2420 170 2491 nis
191 2417 384 2496 sacerdotio
404 2412 449 2490 D.
467 2410 600 2488 Paulus
622 2418 661 2486 in
675 2414 837 2511 Epistola
860 2418 905 2487 ad
921 2414 1102 2487 Hebraeos
1155 2408 1295 2489 versum
1314 2414 1442 2487 Mosen
1463 2439 1609 2505 negare,
1634 2443 1741 2511 quam
1762 2410 1932 2489 Aharona
1948 2416 1988 2515 ²¹)
2011 2419 2057 2489 ad
2076 2416 2145 2493 Pe-

115 2531 309 2614 comparat‚
348 2531 383 2588 et
414 2518 462 2587 sic
489 2533 687 2613 comparat,
726 2532 766 2589 ut
792 2519 954 2611 impietas
978 2518 1024 2589 sit
1045 2540 1102 2586 re·
1155 2536 1250 2593 trum
1262 2521 1482 2613 detorquere.
1518 2516 1607 2588 Tale
1618 2534 1682 2605 est,
1698 2521 1794 2613 quod
1809 2517 2017 2593 Romanum
2029 2543 2145 2589 sacer-

114 2626 207 2699 ferre
227 2618 279 2692 'ad
307 2617 454 2690 Petrum
488 2645 545 2706 ea,
583 2645 673 2714 quae
702 2615 881 2690 Aharonis
907 2619 1102 2690 sacerdotio
1155 2622 1293 2694 dotium
1308 2619 1478 2709 confingis
1493 2642 1566 2689 esse
1579 2621 1820 2691 sacerdotium·
1835 2623 2030 2694 secundum
2048 2621 2147 2691 ordi-

116 2724 307 2817 significata
329 2721 436 2791 sunt?
487 2718 588 2811 Quae
613 2722 820 2816 quominus
842 2724 947 2812 vulgo
969 2721 1104 2791 intelli·
1155 2748 1238 2795 nem
1246 2717 1465 2802 Malchizede
1501 2717 1557 2817 ²²).
1599 2719 1738 2811 Quaeso
1748 2718 1986 2817 Sycophanta,
2000 2722 2146 2793 nullane

116 2839 261 2919 gantur,
288 2823 416 2916 impiae
430 2848 469 2892 ac
483 2818 709 2917 blasphemae
723 2825 969 2918 quaestionum
982 2818 1104 2896 Theo·
1156 2840 1191 2897 te
1203 2824 1327 2915 religio
1337 2837 1434 2894 tenet
1447 2823 1487 2891 in
1498 2823 1604 2894 rebus
1616 2839 1688 2895 tam
1697 2824 1797 2894 seriis
1806 2825 1990 2915 nugandi?
2016 2821 2146 2894 Nonne

119 2929 231 3020 logias
270 2926 448 3013 debemus.
526 2922 771 2997 Sacerdotium
803 2923 1002 2996 Leviticum
1042 2946 1105 3016 per
1155 2927 1348 2998 secundum
1365 2923 1528 2995 ordinem
1538 2920 1804 2995 Malclrizedeck
1820 2927 1981 3015 sacerdos
1997 2938 2061 3011 est,
2084 2923 2146 3018 qui

117 3031 237 3102 omnia
263 3026 490 3098 cerimoniale
517 3040 608 3113 erat,
649 3041 750 3099 erant
771 3024 1019 3097 immunditiae
1046 3049 1106 3095 es·
1155 3053 1217 3100 rex
1225 3040 1276 3099 est
1284 3026 1391 3122 pacis,
1409 3051 1470 3095 rex
1487 3026 1657 3112 iusticias,
1672 3026 1734 3121 qui
1744 3041 1912 3123 perpetuo
1922 3024 1999 3097 sine
2010 3049 2147 3097 succes-

101 3137 268 3216 ternae,
297 3141 400 3199 erant
422 3141 457 3199 et
480 3128 622 3200 illarum
646 3129 756 3220 gratia
782 3129 969 3216 sacrificia,
991 3151 1106 3227 “quae,
1156 3131 1306 3215 scribas,
1322 3127 1700 3219 sinevicariisregnat?
1726 3124 1776 3198 At
1784 3152 1903 3220 pacem
1912 3153 1951 3197 ae
1960 3125 2148 3213 iusticiam,

118 3249 157 3305 ut
181 3231 313 3304 Paulus
343 3230 408 3313 ait,
440 3255 513 3301 non
543 3243 706 3323 poterant
732 3232 828 3303 iuxta
857 3230 1107 3302 conscientiam
1155 3246 1295 3327 praeter
1306 3226 1507 3315 Christum,
1532 3253 1638 3298 nemo
1659 3229 1763 3298 nobis
1782 3229 1952 3314 absolvit,
1975 3231 2054 3299 sine
2068 3253 2148 3299 suc-

119 3334 288 3428 periectos
301 3332 430 3416 facere,
456 3334 645 3403 servientes
660 3333 777 3403 solum
790 3333 829 3403 in
850 3334 937 3403 cibis
961 3348 995 3404 ct
1014 3331 1108 3423 poti-
1156 3333 1369 3415 cessorihus,
1401 3331 1477 3400 sine
1500 3332 1640 3400 vicariis
1665 3331 1761 3401 solus
1781 3326 1945 3401 Christus
1964 3331 2063 3423 apud
2085 3353 2147 3424 pa-

119 3440 204 3520 bus,
242 3448 277 3503 et
305 3432 414 3502 variis
441 3434 711 3524 baptismatibus
744 3447 779 3504 et
806 3435 953 3505 iusticiis
983 3432 1109 3515 carnis,
1157 3451 1247 3508 trem
1275 3457 1340 3526 pro
1371 3433 1477 3503 nobis
1498 3433 1708 3525 interpellat.
1777 3430 1874 3502 llaec
1901 3446 1941 3503 tu
1963 3429 2147 3504 Christum

120 3560 231 3631 usque
260 3535 306 3604 ad
335 3547 472 3626 tempus
502 3536 730 3605 correctionis
770 3535 955 3627 impositis.
1019 3530 1107 3602 Erat
1159 3562 1239 3607 curn
1252 3534 1358 3605 Petro
1375 3534 1483 3624 finges
1498 3530 1541 3630 ²³)
1562 3529 1693 3604 habere
1715 3533 1941 3605 communia?
1992 3527 2029 3602 Ο
2053 3533 2149 3603 insa-

121 3663 203 3729 ergo
228 3637 388 3707 sacerdos
410 3635 569 3706 leviticus
589 3636 746 3728 placator
764 3637 839 3719 dei,
864 3637 960 3728 quod
984 3636 1028 3703 ad
1052 3634 1109 3703 iu·
1158 3639 1237 3707 nias
1252 3636 1367 3705 falsas.
2067 3712 2071 3723 .

121 3738 239 3811 sticias
269 3737 384 3808 carnis
410 3736 596 3822 attinebat,
629 3752 731 3808 erant
760 3738 946 3823 sacrificia,
980 3737 1109 3830 quibus
1271 3735 1321 3808 Ut
1346 3731 1546 3819 Christum,
1588 3722 1743 3830 inquies,
1785 3729 1935 3805 Aharon
1965 3734 2149 3825 significat,

122 3845 209 3917 deus
224 3834 265 3936 Ν)
287 3840 510 3933 placabatur,
536 3841 632 3932 quod
649 3841 693 3907 ad
712 3838 865 3909 iusticias
883 3838 997 3909 carnis
1018 3837 1111 3907 adti-
1160 3840 1209 3910 ita
1238 3852 1272 3908 et
1292 3833 1427 3908 Christi
1453 3838 1655 3907 ministrum
1687 3834 1892 3908 Romanum
1918 3839 2147 3910 sacerdotem

123 3945 240 4016 nebat.
303 3937 455 4024 Contra,
484 3934 618 4011 Christi
642 3941 875 4029 sacerdotium
901 3965 964 4033 per
990 3940 1110 4009 omnia
1160 3940 1340 4025 Primum,
1365 3954 1405 4009 ut
1421 3952 1550 4009 temere
1568 3942 1716 4022 donem,
1740 3952 1773 4007 et
1786 3933 1969 4009 Christum
1991 3952 2026 4008 et
2040 3933 2148 4010 Chri-

123 4043 281 4139 spiritale
304 4057 365 4115 est.
431 4040 523 4113 Sunt
548 4042 793 4113 immunditiae
817 4043 976 4112 internae
1002 4055 1035 4111 et
1061 4041 1112 4109 le·
1161 4044 1206 4115 sti
1223 4041 1426 4111 ministrum
1437 4040 1637 4131 significari,
1654 4063 1728 4109 non
1744 4040 1870 4109 efficies
1884 4053 2013 4124 tamen,
2035 4062 2148 4111 unum

124 4144 253 4231 thales,
279 4158 330 4214 est
353 4156 388 4214 et
410 4141 552 4212 illarum
575 4144 684 4235 gratia
702 4144 920 4216 sacrificium.
971 4140 1111 4232 Quaeso
1162 4143 1363 4239 quempiam
1390 4157 1424 4213 et
1451 4167 1629 4212 summum
1654 4141 1853 4230 significari.
1910 4139 1959 4211 At
1980 4128 2051 4211 hoc
2076 4141 2149 4231 agi-

125 4248 245 4344 quod?
295 4241 456 4317 Christus
471 4246 560 4336 ipse,
586 4271 657 4340 quo
674 4246 819 4338 perlecti
838 4247 1036 4316 redduntur
1057 4267 1112 4313 se·
1162 4270 1258 4329 mus,
1298 4245 1476 4314 neminem
1514 4242 1720 4312 Pontificem
1749 4237 1918 4311 Aharone
1960 4242 2149 4332 significari

126 4350 283 4421 cundum
310 4346 580 4431 conscientiam,
620 4347 682 4440 qui
710 4348 981 4418 sanctificantur.
1046 4343 1113 4416 Sa·
1163 4361 1300 4440 praetor
1319 4341 1521 4427 Christum,
1550 4358 1584 4413 et
1604 4344 1754 4435 impium
1778 4366 1867 4428 esse,
1898 4343 1962 4437 qui
1978 4339 2149 4413 Aharona

127 4452 249 4522 cerdos
268 4443 431 4519 Christus
452 4448 608 4539 placator
630 4448 686 4518 dci
709 4463 779 4537 est,
815 4450 911 4542 quod
938 4448 982 4517 ad
1012 4447 1114 4517 iusti·
1163 4452 1206 4518 ad
1216 4446 1360 4518 Petrum
1376 4447 1517 4540 proprie
1530 4443 1573 4538 21)
1590 4443 1792 4537 detorqueri
1806 4445 1999 4518 contendit.
2039 4443 2150 4517 Cuius

128 4553 219 4623 ciam
252 4550 395 4642 spiritus
422 4550 567 4621 adtinet.
624 4549 833 4619 sacrificium
859 4550 931 4642 ipse
952 4544 1114 4620 Christus
1163 4549 1354 4620 sententiae
1368 4563 1547 4619 auctorem
1561 4542 1891 4615 habemusPaulum
1905 4548 1950 4615 ad
1960 4543 2151 4625 Hebraeos.

129 4669 197 4740 est,
230 4676 302 4746 quo
324 4653 410 4720 deus
430 4651 607 4743 placatur,
648 4653 745 4744 quod
769 4651 852 4721 item
873 4653 918 4721 ad
950 4651 1114 4742 spiritum
1164 4665 1199 4722 et
1221 4651 1316 4743 ipsae
1336 4651 1465 4722 docent
1480 4651 1625 4742 figurae,
1650 4647 1680 4717 si
1704 4647 1793 4716 levis
1816 4647 1912 4719 testis
1924 4643 2090 4741 Epistola
2106 4650 2150 4719 ad

130 4755 274 4828 adtinet.
325 4751 402 4822 lam
424 4752 508 4846 quia
528 4752 719 4846 quotannis
743 4752 866 4821 iisdem
889 4747 1013 4823 hostiis
1033 4752 1116 4824 lita·
1163 4751 1345 4824 Hebraeos
1362 4752 1419 4826 sit.

128 4861 252 4944 hatur,
277 4852 509 4946 significatum
533 4867 599 4938 est,
625 4853 868 4945 imperfectum
889 4869 961 4924 csse
983 4855 1115 4926 sacrifi-

129 4960 242 5043 cium,
276 4971 310 5027 ct
330 4956 405 5026 sore
426 4954 572 5049 aliquod
593 4957 786 5047 perfectum
806 4957 1016 5050 aliquando,
1044 4981 1115 5050 quo

131 5062 237 5134 semel
252 5050 390 5130 tantum
406 5058 594 5133 litaretur..
629 5053 723 5127 Illud
743 5059 954 5150 perlectum,
978 5082 1116 5129 necesse
1219 5040 1722 5184 wlfffigss'ffiffilysslip‘lmum
1747 5038 1788 5092 Εὖ·
1813 5056 1860 5110 ι’ΘΓ
1879 5057 2000 5095 errorem
2032 5050 2152 5115 'lew-²

1220 5189 1264 5258 21)
1283 5186 1422 5266 Aharopa]
1441 5180 1518 5234 Luth.
1534 5198 1597 5301 opp.
1612 5177 1728 5257 ubique:
1745 5174 1894 5238 „haram”
1920 5176 1967 5257 'R

1221 5258 1266 5326 22)
1286 5249 1483 5314 Melchisedelr]
1503 5248 1552 5302 Lut
1571 5265 1656 5317 .opp.
1671 5247 1786 5330 absque:
1803 5242 2044 5307 ‚,Melchrzedck.¹'
2079 5246 2111 5302 F,

1564 5306 1569 5317 a

1222 5326 1269 5391 28)
1288 5323 1384 5445 haqes]
1402 5322 1424 5373 L
1448 5337 1527 5391 oppa
1546 5317 1671 5386 „lingis”
1707 5314 1740 5367 I‘.

182 5408 228 5476 19)
246 5403 311 5459 deus
343 5399 373 5454 1,
386 5416 467 5471 opp:
490 5398 590 5462 „deor”¹
626 5398 659 5453 Ρ.
1052 5458 1056 5463 ,
1222 5392 1268 5467 24)
1283 5393 1317 5449 sd
1351 5400 1441 5446 etrum
1454 5392 1561 5462 propa}
1579 5383 1610 5439 1..
1626 5401 1706 5455 opp:
1727 5381 1907 5454 ..propriead
1920 5380 2060 5441 l’ctrum.¹’
2094 5387 2126 5440 F.
