4500 5782
104 438 313 506 pancorum,
358 431 446 501 quos
476 399 573 474 Deus
609 402 705 473 velut
738 433 756 477 e
788 410 924 477 mundo
960 419 1091 479 evocat.

104 517 202 607 Quid
218 515 327 607 igitur
342 510 464 593 iacias,
491 509 604 593 dices,
630 510 758 595 decis,
779 511 843 606 qui
865 535 938 580 non
958 505 1091 578 habent

103 619 273 692 iustitiam
303 610 555 685 christianam?
611 607 671 682 An
700 613 957 706 peccabunt‘et
981 614 1090 683 aude-

102 725 193 793 bunt
216 719 335 789 omnia
360 711 523 808 impune,
557 717 669 787 donec
691 714 788 787 Deus
818 739 877 786 eos
902 715 1090 812 immutet?

101 823 351 919 Nequaquam,
391 818 524 891 Paulus
556 820 651 888 enim
674 821 775 890 docet
798 819 910 910 legem
935 841 1008 887 esse
1032 818 1088 885 in-

102 928 202 998 iustis
218 926 381 1016 positam.
991 974 995 983 ‚

200 1025 265 1098 Est
304 1027 425 1118 itaque
461 1037 597 1115 praeter
636 1018 862 1092 christianam
906 1023 1088 1108 iustitiam,

100 1131 231 1202 iustitia
264 1124 437 1211 humana,
482 1127 551 1218 qua
588 1120 765 1194 coherceri
801 1125 903 1218 impii
945 1125 1086 1194 debent.

97 1231 201 1303 Hanc
216 1255 279 1323 ego
296 1229 466 1300 iustitiam
484 1230 578 1298 soleo
600 1228 848 1317 paedagogiam
864 1250 1010 1310 vocare,
1032 1250 1087 1295 se-

99 1347 199 1405 cutus
213 1331 381 1418 Paulum,
407 1331 469 1425 qui
484 1331 529 1399 ad
537 1327 682 1400 Galatas
698 1326 763 1403 Ill.
781 1330 849 1416 ait,
874 1331 985 1420 legem
1003 1353 1087 1419 pae-

98 1440 271 1527 dagogum
296 1457 368 1504 esse
382 1435 429 1502 'in
452 1428 654 1517 Christum,
686 1445 720 1501 et
739 1457 888 1524 puerum
914 1433 1092 1522 tantisper.

97 1541 162 1609 sub
178 1539 253 1627 lege
269 1537 397 1606 debere
421 1536 590 1628 tanquam
605 1534 671 1604 sub
687 1536 865 1617 tutoribus
881 1560 971 1620 esse,
1000 1536 1085 1603 dum

63 1682 67 1698 ι
95 1644 302 1731 grandescat
324 1639 362 1706 in
382 1631 536 1709 Christo.
587 1634 684 1706 Haec
706 1638 919 1731 paedagogia
941 1637 1084 1728 politica

96 1746 268 1837 quaedam
290 1740 422 1811 iustitia
439 1753 506 1823 est,
533 1763 622 1831 quae
638 1763 755 1808 mores
771 1741 918 1826 format,
941 1754 975 1809 et
995 1740 1085 1809 ritus

96 1861 129 1916 et
150 1840 306 1915 humana
326 1867 366 1912 ac
389 1841 506 1911 civilia
530 1841 644 1911 officia
668 1841 843 1927 continet,
876 1866 1004 1934 pueros
1029 1865 1100 1910 ast

61 1933 65 1937 ’
94 1948 241 2017 suesacit
254 1947 299 2016 ad
317 1944 450 2014 cultum
464 1939 550 2024 Dei,
575 1944 754 2029 docendo,
779 1947 991 2029 exercendo,
1012 1956 1084 2012 sto-

93 2051 207 2119 lidum
231 2048 357 2137 vulgus
381 2070 402 2116 a
428 2045 524 2115 vitiis
547 2040 707 2129 cohibet,
746 2046 836 2116 sicut
859 2059 893 2117 et
913 2045 1084 2117 Salomon

85 2150 264 2245 praecipit
281 2147 558 2220 Proverbiorum
576 2144 727 2220 XXVL:
761 2146 959 2240 Flagellum
980 2173 1084 2241 equo,

93 2249 235 2323 chamus
247 2245 435 2347 [hamusi]
449 2250 559 2334 asino,
576 2263 610 2320 et
619 2250 717 2339 virga
729 2249 768 2318 in
780 2252 884 2322 dorso
897 2252 1005 2321 stulti.
1036 2246 1084 2321 Et

92 2353 368 2424 Proverbiorum
376 2349 531 2425 XXlll.:
557 2351 610 2422 Ne
622 2349 807 2423 subtrahas
819 2378 839 2422 a
852 2378 962 2445 puero
977 2354 1084 2423 disci·

31 2527 37 2535 ,
92 2456 246 2547 phuam,
279 2455 310 2523 si
333 2454 657 2545 enimpercusseris
673 2456 789 2546 virga,
813 2481 886 2526 non
902 2457 1083 2527 morietur.

91 2556 172 2628 Huc
187 2557 341 2650 pertinet
361 2556 466 2626 etiam
482 2556 538 2625 ius
554 2555 681 2647 gladii,
713 2558 795 2652 qui,
820 2572 861 2630 ut
875 2556 1008 2628 Paulus
1024 2560 1083 2642 ait,

92 2661 197 2731 debet
211 2682 283 2728 esse
298 2658 418 2729 timori
433 2656 557 2744 malis,
581 2653 713 2728 honori
726 2661 841 2730 bonis.
879 2657 975 2729 Haec
990 2661 1084 2752 poli-

90 2762 160 2833 tica
176 2760 309 2832 iustitia
333 2760 527 2853 prudenter
548 2773 600 2830 est
616 2783 634 2828 a
653 2759 824 2851 religione
843 2785 904 2832 seu
918 2759 1083 2853 Evange-

90 2865 157 2933 lica
183 2863 317 2933 iustitia
345 2852 588 2935 discernenda.
648 2859 698 2936 At
719 2861 887 2958 plerique
902 2857 1010 2933 hodie
1033 2865 1081 2935 ita

88 2966 294 3059 praedicant
346 2963 583 3053 evangelicam
611 2959 664 3063 ²),
709 2981 751 3037 ut
790 2990 883 3036 nova
919 2966 1080 3058 impietas

88 3081 262 3140 nascatur.
321 3065 412 3136 Nam
435 3065 538 3157 impii
561 3066 706 3159 quidam
727 3063 889 3139 homines
910 3069 1080 3140 simulant

89 3171 211 3254 iidem,
238 3182 273 3239 et
299 3170 343 3239 de
356 3163 493 3270 Christi
515 3169 662 3238 nomine
684 3170 897 3260 gloriantur,
924 3185 957 3240 et
980 3195 1080 3241 secu-

88 3271 230 3341 ritatem
253 3273 432 3362 quandam
458 3270 635 3340 carnalem
657 3272 877 3363 concipiunt,
908 3297 928 3341 a
950 3274 1079 3367 quain

88 3395 217 3463 magna
238 3371 325 3442 vitia
347 3371 644 3463 praecipitantur,
667 3397 733 3443 nec
754 3368 940 3444 coherceri
955 3400 992 3445 se
1017 3377 1079 3444 de-

89 3476 172 3545 bere
194 3473 423 3545 arbitrantur.
480 3471 680 3564 Negligitur
702 3489 736 3546 et
760 3500 952 3567 puerorum
976 3477 1080 3546 insti-

88 3576 197 3662 tutio,
231 3587 266 3647 et
294 3569 363 3645 hoc
388 3588 499 3666 genus
519 3576 608 3660 alia,
640 3600 720 3646 cum
745 3589 864 3648 tamen
892 3579 1080 3650 subiecerit

88 3676 185 3749 Deus
205 3672 290 3747 huic
313 3676 544 3768 paedagogiae
567 3700 707 3764 omnes,
733 3680 794 3772 qui
822 3679 879 3749 vel
902 3704 975 3750 non
995 3684 1086 3751 sunt'

89 3779 128 3848 in
145 3773 306 3863 Christo,
329 3779 385 3849 vel
399 3778 592 3849 imbecilles
614 3794 716 3875 sunt,
739 3781 834 3851 iuxta
859 3782 958 3851 illam
973 3780 1078 3852 Pauli

89 3881 298 3951 sententiam
327 3880 373 3949 ad
394 3877 543 3979 'Galatas
566 3877 630 3956 Ill.
645 3894 679 3951 et
695 3878 759 3952 lv.
811 3880 854 3953 ln
878 3885 953 3975 lege
977 3909 1079 3976 prae-

88 3995 229 4074 ceptum
252 3982 337 4068 luit,
375 3972 426 4054 ul'
445 3983 585 4053 aedium
614 3982 799 4054 vestibulis
826 3986 1079 4056 inscriberetur

87 4081 302 4176 Decologus,
333 4084 420 4155 item
444 4085 594 4155 vestium
619 4085 778 4159 fimbriis.
838 4085 941 4161 Talia
963 4088 1078 4158 officia

89 4188 176 4282 quid
200 4188 298 4258 aliud
319 4211 427 4283 quam
445 4187 655 4278 paedagogia
680 4201 799 4274 erant,
823 4214 892 4282 qua
915 4185 1078 4259 coherce-

89 4301 214 4360 rentur
236 4304 270 4362 et
292 4284 560 4383 frenarentur³)
585 4286 703 4382 pueri,
739 4303 773 4360 et
794 4290 924 4384 reliqui
948 4291 1078 4361 similes

90 4389 233 4483 pueris?
283 4387 342 4460 Ad
365 4387 462 4461 hunc
486 4392 632 4461 modum
659 4391 852 4462 etiamnum
873 4394 1078 4479 erudienda,

89 4494 243 4583 regenda
273 4506 307 4561 et
337 4489 554 4563 cohercenda
576 4507 649 4562 erat
672 4494 863 4564 multitudo
885 4495 1021 4584 legibus
1044 4509 1078 4564 et

91 4595 192 4665 certis
208 4594 345 4667 officiis.
395 4590 444 4665 Et
466 4594 595 4688 opinor
618 4594 704 4663 olim
727 4590 796 4666 hoc
820 4597 969 4667 consilio
992 4622 1078 4668 con-

39 4747 44 4754 1
90 4696 163 4768 dita
180 4720 253 4767 esse
268 4696 500 4779 monasteria,
524 4697 588 4767 ubi
609 4696 712 4789 pueri
728 4697 824 4769 iuxta
833 4692 932 4770 hanc
949 4701 1078 4791 paeda-

89 4800 227 4892 gogiam
241 4798 520 4881 instituerentur.
554 4798 624 4870 Sed
640 4799 720 4871 talis
737 4803 948 4893 paedagogia
964 4826 1079 4894 quan-

90 4927 196 4996 quam
213 4902 384 4974 divinitus
400 4915 581 4993 praecepta
600 4900 661 4985 sit,
686 4915 804 4972 mmen
820 4928 894 4972 non
915 4904 1080 4974 iustificat

90 5029 207 5074 coram
223 5002 311 5075 Deo.
352 4995 455 5088 med,
479 5016 521 5072 ut
534 5001 666 5073 Paulus
680 5004 746 5089 ait,
772 5001 855 5075 sunt
877 5029 983 5095 egena
1006 5008 1078 5075 ele-

90 5120 208 5177 menta
224 5106 366 5190 mundi,
392 5101 461 5176 hoe
475 5118 546 5189 est,
571 5106 830 5192 ordinationes,
854 5132 944 5201 quae
957 5133 1078 5180 neces-

142 5361 170 5413 et
189 5359 237 5412 Ed.
251 5378 314 5417 auu.
330 5359 555 5433 retentatore:
579 5359 771 5430 Evangelium.

141 5427 168 5496 3)
186 5427 237 5482 Ed.
253 5448 307 5484 ann
333 5427 655 5500 mensurarentur.

669 215 1110 303 EPlS-TOLARUM
1161 228 1269 302 LIB.
1312 228 1376 305 lll.
1432 229 1561 307 1524.

1959 232 2136 355 ‚oe

1121 392 1237 501 [ssimi
1259 399 1434 476 humanae
1461 408 1640 491 serviunt,
1680 430 1744 477 nec
1774 425 1960 482 merentur
1989 412 2135 500 gratiam

1141 519 1200 576 aut
1234 508 1478 578 remissionem
1510 524 1749 601 peccatorum,
1792 526 1854 582 aut
1883 525 1925 583 ut
1954 513 2133 606 contingat

1141 607 1295 700 Spiritus
1312 626 1462 691 sanctus.
1514 612 1573 684 Sic
1588 614 1683 681 enim
1699 609 1833 683 Paulus
1848 614 1937 687 dicit
1952 617 2001 685 ad
2014 613 2132 711 Ephe·-

1141 711 1211 780 sios
1235 709 1297 782 ll.:
1326 711 1447 785 Gratis
1470 715 1593 784 salvati
1616 715 1697 784 estis
1724 716 1916 807 perfidem
1940 730 2006 793 etc.
2059 717 2132 791 lmo

1140 814 1202 882 ubi
1219 817 1399 886 accesserit
1411 817 1553 908 opinio,
1579 819 1675 911 quod
1691 842 1730 886 ea
1747 819 1792 887 sit
1813 819 1948 892 iustitia
1974 816 2130 894 christia·

1140 939 1205 1001 na,
1231 931 1409 1008 peccatur,
1436 921 1733 1012 quemadmodum
1749 924 1788 991 in
1802 923 2030 993 monasteriis
2054 948 2129 1019 pae-

1139 1019 1322 1107 dagogium
1339 1021 1500 1089 videmus
1515 1045 1650 1091 versam
1670 1048 1742 1094 esse
1760 1025 1798 1092 in
1815 1025 1969 1118 impium
1985 1039 2020 1095 et
2042 1026 2132 1097 com*

1138 1120 1340 1190 mentitium
1356 1124 1490 1191 cultum
1509 1121 1586 1194 Dei.
2111 1140 2117 1165 ‘

1173 1223 1177 1231 '
1239 1220 1420 1293 Hactenus
1441 1251 1555 1294 meam
1579 1229 1789 1316 seutentiam
1813 1231 1973 1324 exposui.
2033 1232 2123 1307 Reli·

1139 1350 1248 1418 quum
1265 1340 1337 1410 est,
1358 1340 1399 1396 ut
1415 1327 1587 1415 iudicem,
1614 1330 1677 1399 ubi
1693 1332 1923 1404 dissentiatur
1938 1335 1985 1403 ab
1996 1331 2124 1413 Aristo·

1138 1428 1251 1497 telicis
1278 1424 1468 1519 theologis;
1509 1431 1637 1500 faciam
1665 1446 1782 1502 autem
1813 1431 1884 1506 hoc
1914 1439 2121 1514 brevissime

1137 1528 1275 1599 Docent
1291 1531 1420 1600 mereri
1439 1555 1504 1601 nos
1518 1534 1648 1603 nostris
1662 1535 1799 1605 viribus
1815 1552 1849 1609 et
1864 1557 1989 1615 nostro
2006 1559 2121 1618 conatu

1138 1632 1304 1721 gratiam,
1326 1648 1464 1724 peccata
1483 1635 1615 1704 remitti
1632 1650 1778 1730 propter
1790 1643 2048 1723 satisfactiones
2068 1674 2120 1718 no-

1137 1746 1241 1824 stras,
1272 1736 1401 1827 quibus
1422 1738 1645 1826 dogmatibus
1666 1742 1772 1833 plane
1795 1747 2010 1822 obscuratur
2031 1753 2120 1821 satis-

1135 1835 1240 1905 factio
1256 1830 1400 1907 Christi.
1453 1838 1551 1928 Quid
1567 1854 1684 1910 autem
1703 1847 1916 1920 conscientia
1939 1853 2059 1923 solatii
2072 1868 2122 1926 aut

1136 1939 1211 2029 spei
1230 1932 1376 2023 habeat,
1400 1940 1429 2009 si
1451 1966 1493 2009 ex
1516 1943 1648 2012 nostris
1665 1947 1820 2034 meritis,
1854 1975 1930 2022 non
1957 1979 2000 2025 ex
2021 1955 2121 2047 gratia

1135 2064 1199 2131 per
1218 2035 1418 2128 Christum,
1452 2046 1582 2134 pendet
1606 2047 1724 2116 salus?
1774 2048 1863 2121 Fere
1891 2055 1979 2126 item
2004 2082 2071 2128 nec
2089 2058 2121 2128 io

1135 2141 1373 2234 poenitentia,
1399 2145 1518 2214 necin
1543 2147 1788 2221 iustificatione
1809 2157 2003 2250 requirunt
2017 2156 2122 2253 Spiri-

1134 2257 1211 2314 tum
1235 2258 1412 2331 sanctum,
1445 2250 1507 2316 sed
1527 2250 1675 2319 rationis
1697 2267 1824 2324 conatu
1852 2260 2017 2332 contenti
2039 2272 2121 2333 sunt.

1135 2344 1210 2435 Qui
1232 2359 1349 2415 tamen
1374 2343 1466 2418 nihil
1495 2351 1591 2420 aliud
1623 2352 1692 2421 nisi
1724 2379 1820 2425 mera
1843 2354 2048 2454 hypocrisis
2068 2378 2122 2447 est,

1133 2449 1225 2517 sieut
1239 2447 1537 2536 testaturPaulus,
1556 2478 1635 2523 cum
1655 2455 1720 2524 ait:
1747 2463 1905 2532 ascendit
1925 2463 1964 2535 iu
1984 2487 2047 2535 cor
2062 2460 2120 2534 ho

1132 2549 1240 2619 minis
1255 2562 1318 2620 etc.
1370 2549 1475 2621 ltem:
1503 2549 1640 2625 Omnes
1654 2558 1755 2627 vacui
1772 2575 1853 2631 sunt
1868 2564 1983 2654 gloria
1999 2563 2077 2640 Del.

1233 2650 1354 2723 Potest
1375 2649 1460 2724 hinc
1487 2660 1666 2745 cognosci,
1692 2660 1731 2728 in
1753 2650 1872 2733 verbis¹
1895 2679 2058 2754 tantum,
2080 2690 2121 2738 an

1132 2776 1172 2822 re
1187 2757 1425 2826 controversia
1441 2757 1496 2827 sit.
1532 2756 1767 2851 Evangelium
1781 2780 1928 2858 propter
1943 2766 2121 2841 Christum

1132 2856 1284 2945 gratuita
1300 2859 1508 2928 remissione
1528 2878 1749 2952 peccatorum
1765 2867 1869 2957 erigit
1882 2872 2121 2957 conscientias,

1132 2952 1350 3029 Aristotelici
1364 2962 1525 3031 doctrina
1541 2965 1748 3035 meritorum
1767 2969 1916 3058 adigunt
1934 2976 1981 3043 ad
2004 2977 2120 3067 despe-

1131 3058 1323 3147 rationem,
1342 3059 1576 3153 Evangelium
1592 3068 1694 3138 docet
1703 3092 1767 3159 per
1775 3068 1949 3162 Spiritum
1965 3088 2120 3154 sanctum

1132 3163 1276 3253 purgari
1306 3165 1411 3234 corda
1439 3178 1473 3235 et
1494 3169 1676 3254 renovari,
1716 3184 1757 3241 ut
1783 3193 1978 3262 agnoscant
1997 3177 2122 3274 Deum

1131 3264 1242 3334 fidant
1265 3261 1359 3348 Deo,
1387 3279 1421 3336 et
1443 3269 1589 3338 timeant
1612 3268 1745 3357 Deum,
1772 3270 1995 3350 Aristotelici
2017 3282 2119 3353 ratio-

1130 3365 1187 3434 nis
1200 3360 1380 3460 hypocrisi
1394 3362 1480 3439 haec
1496 3372 1616 3462 perfici
1630 3395 1731 3463 posse
1747 3389 1883 3464 putant.
1926 3374 1996 3452 Est
2009 3398 2118 3459 auten

1130 3468 1320 3538 obscurum
1337 3471 1545 3558 discrimen,
1570 3489 1755 3565 propterea
1770 3479 1996 3572 quodoculis
2011 3485 2118 3563 caruis

1130 3569 1227 3638 cerni
1242 3594 1316 3639 non
1332 3584 1458 3664 potest.

1356 3751 1414 3808 DE
1445 3751 1724 3813 poststuottt
1757 3756 1892 3818 Loco,

1231 3875 1446 3975 Quanquam
1458 3883 1619 3974 superior
1631 3885 1731 3955 locus
1744 3886 1932 3960 obscurior
1943 3884 1991 3963 sit
2001 3893 2116 3987 dispu-

1129 3981 1262 4052 tatione
1279 3984 1322 4051 de
1336 3976 1502 4054 humanis
1515 3986 1776 4072 traditionibus,
1794 4001 1911 4060 tamen
1927 3996 2045 4065 nescio
2060 3996 2116 4090 qui

1128 4084 1205 4167 liat,
1228 4097 1268 4154 ut
1283 4080 1370 4153 haec
1387 4084 1577 4177 disputatio
1596 4088 1746 4157 maiores
1763 4104 1881 4161 motus
1897 4093 1935 4161 in
1960 4097 2047 4167 orbe
2062 4122 2114 4175 ex·

1129 4184 1222 4258 citet.
1280 4182 1328 4256 Et
1351 4210 1431 4255 cum
1447 4183 1626 4257 liutherus
1648 4191 1760 4279 magis
1780 4203 1902 4283 urgeat
1926 4194 2007 4283 illa,
2032 4221 2114 4295 quae

1129 4310 1235 4378 supra
1253 4287 1327 4356 dixi
1348 4289 1392 4356 de
1408 4290 1651 4379 poenitentia,
1677 4292 1721 4360 de
1742 4294 1893 4382 gratuita
1911 4298 2113 4371 remissione

1128 4403 1369 4481 peccatorum,
1402 4391 1445 4458 de
1470 4391 1539 4460 fide
1561 4406 1595 4461 et
1617 4415 1692 4484 spe,
1724 4409 1757 4464 et
1779 4410 1921 4466 moneat
1946 4399 1999 4469 ibi
2023 4425 2114 4471 sum·

1129 4514 1221 4560 mam
1238 4514 1311 4560 esse
1325 4491 1515 4581 religionis,
1538 4508 1656 4564 tamen
1669 4518 1743 4564 non
1761 4520 1888 4588 parum
1906 4502 2012 4572 multi
2029 4515 2113 4587 sunt,

1128 4593 1192 4686 qui
1213 4593 1414 4662 existimant
1437 4590 1530 4663 nihil
1551 4596 1677 4666 docere
1690 4593 1888 4669 Lutherum
1903 4601 1977 4671 nisi
1995 4599 2113 4675 huma·

1128 4718 1256 4764 narum
1282 4694 1515 4765 traditionum
1547 4711 1796 4792 contemptum.
1866 4699 1988 4796 Atque
2017 4702 2056 4776 hi
2077 4704 2113 4775 'se

1129 4797 1231 4864 valde
1249 4796 1328 4887 pios
1344 4819 1417 4866 esse
1438 4811 1579 4888 putant,
1602 4776 1676 4869 'ubi
1699 4800 1738 4868 in
1761 4804 1961 4874 sacerdotes
1982 4807 2113 4880 sortiter

1129 4892 1335 4970 debacchati
1348 4911 1444 4984 sunt,
1462 4915 1523 4971 aut
1533 4916 1655 4973 contra
1671 4925 1805 4973 morem
1821 4927 1945 4975 carnes
1960 4909 2112 4980 ederunt.

1128 4994 1203 5092 Ego
1219 5024 1333 5071 meam
1350 5001 1558 5073 sententiam
1575 5002 1730 5072 breviter
1746 5007 1948 5081 recensebo.

1230 5098 1408 5171 Dominus
1423 5100 1665 5194 apudEsaiam
1681 5105 1813 5201 inquit,
1837 5106 1986 5183 Frustra
2001 5108 2114 5187 secoli

1128 5203 1304 5273 mandatis
1324 5198 1532 5290 hominum,
1555 5200 1589 5277 et
1607 5206 1772 5299 repetivit
1792 5203 1886 5281 hanc
1909 5213 2115 5291 sententiam

1129 5299 1291 5375 Christus
1312 5307 1408 5401 apud
1431 5303 1665 5382 Matthaeum.
1726 5306 1846 5397 Quare
1871 5311 2037 5409 impietas
2061 5328 2114 5401 est.

1129 5406 1356 5479 traditionem
1378 5408 1490 5480 ullam
1511 5405 1704 5482 humanam
1728 5411 1932 5503 instituere,
1965 5432 2029 5492 aut
2048 5436 2114 5491 ser·
