4500 5782
172 223 223 300 05
757 213 1195 311 EPISTQLA‘RUM
1244 219 1350 297 ΜΒ.
1378 217 1427 297 11.
1481 216 1611 296 1519.
2142 226 2199 302 96

175 394 484 479 constitutionem,
516 416 605 486 quae
626 403 826 461 recensetur
847 389 887 459 in
909 389 1074 461 decretis:
1106 387 1161 460 Ne
1210 393 1367 479 mittere,
1391 387 1484 462 mihi
1497 417 1561 484 per
1579 392 1658 463 illas
1674 394 1960 466 ratiocinationes
1976 393 2019 494 ⁸⁴)
2040 420 2117 471 nen
2136 422 2201 493 ap-

173 499 360 579 Romanus
384 494 540 588 pontifex
562 493 772 565 universalis
784 488 983 583 Episcopus
997 492 1162 561 nominc-
1211 497 1368 586 parebat.
1408 492 1525 588 Atque
1543 489 1628 566 haec
1644 497 1788 589 quidem
1804 513 1886 567 sunt
1900 499 2091 591 potissima,
2111 524 2202 596 quae

175 616 253 685 tur,
278 599 476 690 respondit:
504 621 578 665 non
599 596 743 687 quidem
765 594 1000 665 universalem
1026 594 1163 686 episco-
1213 597 1252 664 in
1267 597 1530 666 contentionem
1544 596 1862 683 istamuniversam
1878 601 2098 689 ipcidcrunt,
2123 605 2202 694 ple-

134 784 141 789 ·
175 727 262 795 pum
286 700 545 771 nominandum
568 720 660 782 csse,
684 696 745 765 sed
767 696 977 777 universalis
999 696 1162 765 ecelesiae
1213 722 1322 791 raque
1355 698 1424 767 alia
1451 697 1564 787 magis
1588 698 1740 769 ridicula
1770 714 1868 786 sunt,
1905 726 2012 795 quam
2035 718 2076 774 ut
2100 704 2145 774 iis
2168 719 2202 777 tc

84 835 90 845 ·
173 800 404 896 Episcopum.
493 870 501 879 ,
620 874 623 879 ,
702 844 704 849 ·
744 844 746 849 -
921 880 925 885 ¹
1035 845 1037 849 ν
1213 820 1388 870 onerare-¹
1402 798 1560 891 possim,
1602 801 1740 895 alioqui
1780 803 1944 873 foelicius·
1979 821 2201 896 occupatum.

279 901 364 973 Post
397 898 484 972 haec
521 902 564 969 de
600 898 803 991 purgatorio
840 899 896 987 agi
929 911 1093 989 coeptum
1114 889 1162 993 ⁹),
1213 899 1294 971 Duo
1315 900 1445 994 reliqui
1467 895 1600 996 dies‘)
1629 903 1702 973 dati
1725 918 1808 973 sunt
1827 896 2111 977 Corolestadio:
2149 908 2202 977 al·

176 1005 278 1079 cuius
311 1003 527 1098 quaestionis
568 1001 722 1072 arbitror
761 1024 906 1090 scopum
935 1024 980 1067 ne
1012 999 1164 1088 attigisse
1213 1016 1308 1097 gero,
1344 1004 1389 1071 de
1420 1003 1537 1085 obice,
1574 1017 1615 1074 ut
1645 1018 1791 1090 vocant,
1831 1009 1961 1095 gratiae
1990 1021 2107 1077 actum
2138 1023 2201 1093 est,

176 1108 333 1202 quidem.
384 1104 475 1175 Nam
497 1127 578 1173 cum
600 1103 845 1171 disserendum
872 1115 976 1186 esset,
996 1125 1102 1194 quam
1125 1101 1164 1169 in
1214 1100 1320 1198 quem
1343 1103 1493 1193 largitur
1517 1099 1639 1173 Elius
1661 1130 1735 1175 non
1756 1105 1835 1176 tolli
1860 1122 2001 1192 natura,
2035 1110 2096 1179 sed
2122 1133 2201 1200 gra-

176 1206 419 1303 purgatorium
466 1217 672 1298 potestatem
720 1200 847 1273 lrabeat
887 1201 1003 1294 Papa,
1050 1202 1165 1293 coepit
1216 1208 1281 1291 tia3
1323 1207 1451 1290 altero,
1487 1205 1598 1274 auin
1631 1206 1790 1298 quolibet
1819 1209 1914 1279 bono
1947 1233 2055 1300 opere
2081 1235 2202 1302 pecce-

176 1306 302 1380 Eltius
323 1309 428 1377 aliam
442 1306 673 1392 cantilenam,
699 1328 772 1375 esse
793 1305 1056 1395 purgatorium,
1080 1328 1165 1395 pro-
1214 1331 1303 1376 mus.
1366 1303 1420 1375 De
1450 1331 1520 1399 quo
1548 1307 1725 1402 plerisque
1747 1332 1828 1379 curn
1851 1312 1896 1380 ab
1920 1306 2038 1396 Elio,
2078 1326 2200 1383 tuma

176 1413 257 1483 bari
280 1425 319 1480 ut
343 1409 470 1500 possit3
505 1406 547 1478 Id
570 1409 665 1500 quod
690 1406 863 1497 receptius
888 1420 960 1491 est,
988 1429 1101 1500 ,quam
1125 1417 1165 1474 ut
1214 1399 1478 1479 Carolosradio
1501 1408 1647 1498 egregiis
1670 1410 1862 1501 scripturae
1889 1412 1977 1483 locis
2003 1428 2201 1504 pugnatum

177 1535 317 1585 necesse
331 1511 395 1596 sit,
420 1510 522 1580 toties
537 1510 575 1577 in
589 1503 874 1579 scholasvocare.
925 1506 1041 1576 Locus
1055 1521 1106 1577 est
1124 1506 1164 1575 in
1205 1525 1283 1595 est,
1308 1504 1400 1583 mihi
1416 1533 1499 1579 sane
1520 1511 1614 1580 visus
1638 1526 1688 1582 est
1702 1504 1848 1582 Paulus
1865 1510 1949 1583 Vll.
1964 1511 2051 1605 Cap.
2065 1516 2112 1584 ad
2125 1513 2201 1588 Ro-

176 1612 398 1686 Maccabacis
419 1612 600 1701 vulgatus,
633 1635 704 1702 quo
730 1608 940 1679 sententiam
963 1632 1063 1677 suam
1084 1633 1165 1677 mu·
1215 1635 1338 1681 manos
1361 1605 1529 1680 nonnihil
1555 1611 1722 1681 adiuvare
1752 1614 1962 1685 sententiam
1982 1606 2201 1685 Carolosta-

122 1782 125 1788 .
176 1709 446 1789 niebatElu'ns.
497 1706 731 1805 Martino⁴⁹)
754 1711 870 1779 visum
889 1710 997 1780 estin
1019 1724 1166 1780 conten·
1216 1708 1280 1781 dii.
1331 1711 1664 1803 Plurascripturus,
1691 1714 1760 1782 alio
1780 1715 1825 1783 ad
1845 1717 2057 1786 necessarias
2078 1742 2201 1810 operas

178 1819 296 1901 tione,
330 1816 427 1885 iuxta
444 1810 668 1907 Hieronymi
690 1813 916 1896 sententiam,
949 1835 1024 1881 non
1048 1811 1165 1880 valere
1215 1815 1404 1898 avocabar,
1438 1839 1653 1907 quamquam
1674 1809 1713 1909 ⁵⁵)
1747 1809 1833 1884 haec
1862 1818 2007 1887 fortasse
2034 1819 2202 1889 immodi-

177 1918 417 1991 Maccabacos.
468 1913 601 1986 Contra
624 1914 702 2000 ille,
726 1928 864 1984 tantum
888 1913 1010 1983 deberi
1024 1911 1166 1982 Macca—
1216 1939 1277 1986 cus
1292 1909 1352 2010 ⁵⁶);
1379 1917 1439 1984 sed
1454 1917 1586 2005 placuit
1607 1916 1733 2005 nugari
1752 1932 1866 1987 tecum
1888 1918 2121 2007 amicissimo,
2146 1945 2201 1991 ea·

176 2023 348 2091 bacarum
371 2008 485 2100 libro,
510 2030 682 2110 quantum
698 2012 913 2104 Evangelio,
938 2015 1045 2104 digna
1070 2014 1167 2084 scili·
1215 2040 1284 2112 que
1318 2017 1362 2085 de
1396 2041 1434 2085 re
1469 2040 1576 2109 quam
1616 2020 1855 2109 expectatione
1893 2020 2047 2105 maiore,
2095 2046 2201 2116 quam

176 2136 232 2194 cet
252 2117 416 2208 theologo
438 2143 523 2202 vox,
549 2131 583 2186 et
607 2116 755 2187 omniuo
779 2117 816 2185 id
838 2116 1017 2195 mordicus
1039 2115 1165 2188 renuit
1214 2119 1333 2188 fructu
1356 2118 1412 2207 agi
1433 2118 1507 2208 ipse
1531 2117 1618 2192 vidi.
1673 2116 1728 2189 De
1751 2115 1957 2190 huiusmodi
1979 2122 2202 2215 disceptatio-

112 2272 131 2283 ..
178 2221 333 2295 Additus
352 2213 471 2289 Pauli
488 2219 587 2288 locus
608 2220 653 2287 ad
673 2212 894 2288 Corinthios:
921 2212 1060 2288 Sabus
1086 2214 1164 2298 erit,
1215 2221 1322 2289 nibus
1355 2218 1603 2311 plausibilibus
1634 2222 1722 2314 quid
1757 2221 1818 2289 alii
1854 2222 2024 2309 sentiant,
2072 2224 2202 2308 nescio,

177 2317 745 2419 sictamenquasiperignem,
771 2320 908 2408 dequo
932 2318 1014 2400 scis,
1039 2330 1165 2388 utva-
1215 2317 1306 2390 mihi
1328 2321 1472 2413 quidem
1488 2317 1745 2417 ἇπροςχριστοὶ
1761 2318 1801 2418 ’)
1823 2323 2001 2398 videntur.
2047 2323 2202 2416 Ingenia,

178 2428 273 2497 rient
297 2425 515 2514 interpretes.
575 2419 650 2490 lam
672 2435 707 2492 et
729 2416 797 2507 hoc
816 2412 1028 2489 Matthaei:
1068 2415 1166 2488 Esto
1215 2423 1452 2493 eruditionem
1485 2424 1618 2517 variam
1661 2436 1695 2493 et
1736 2424 1969 2517 multiplicem
2004 2426 2202 2498 doctrinam

179 2516 709 2599 consentiensadversariotuo
728 2537 791 2596 etc.
808 2523 1019 2607 decurrere,
1042 2534 1077 2591 ct
1093 2546 1165 2614 quo
1215 2519 1283 2594 hoc
1306 2518 1442 2593 theatro
1464 2537 1684 2594 ostentarunt
1704 2525 1781 2610 isti,
1807 2549 1848 2595 ex
1872 2527 2002 2619 quibus
2023 2528 2069 2598 ad
2092 2528 2204 2621 pieta·

179 2629 328 2712 dicitur,
353 2629 466 2695 donec
485 2625 629 2695 solverit
645 2621 687 2719 ὀ)
708 2637 901 2693 extremum
922 2623 1166 2715 quadrantem,
1215 2641 1287 2698 tem
1309 2637 1350 2695 ut
1370 2626 1525 2718 plurima
1548 2626 1645 2695 lieret
1666 2625 1832 2712 accessio,
1857 2627 2020 2719 optarim.
2078 2628 2203 2702 Caete-

179 2726 250 2801 huc
280 2728 446 2806 detorsit,
486 2728 582 2819 qnod
610 2725 710 2793 vides
743 2724 839 2795 unde
865 2738 1024 2815 petatur,
1063 2738 1097 2795 et
1126 2724 1167 2793 in
1215 2752 1313 2811 rum,
1355 2729 1449 2817 apud
1484 2751 1550 2796 nos
1582 2749 1730 2817 magnae
1768 2728 1998 2799 admirationi
2025 2729 2203 2826 plerisque

179 2856 286 2927 quam
311 2830 358 2902 sit
383 2828 516 2897 dictum
538 2827 763 2912 sententiam3
798 2820 940 2916 Nephas
959 2840 1012 2897 est
1032 2839 1167 2916 putare,
1215 2829 1283 2899 suit
1305 2822 1429 2897 Elios
1461 2829 1509 2898 ob
1539 2829 1655 2898 varias
1688 2842 1723 2899 et
1753 2829 1908 2919 insignes
1932 2830 2070 2921 ingenii
2095 2834 2202 2907 dotes.

180 2959 222 3005 co
245 2931 315 3003 loci
337 2954 510 3001 carcerem
532 2931 576 2998 de
600 2927 803 3021 purgatorio
826 2926 978 3016 intelligi
985 2951 995 3014 ;
1027 2925 1166 2996 Vellem
1216 2921 1520 3001 Caroloatadium
1554 2924 1639 3025 e⁵⁸)
1678 2930 1840 3023 scriptis,
1889 2932 2018 3019 credo,
2061 2934 2203 3008 novisti.

178 3029 313 3108 Christi
340 3032 558 3124 plebeculam
585 3031 722 3101 felicius
749 3029 882 3099 erudiri
897 3100 902 3109 ,
916 3053 1021 3122 quarn
1047 3027 1083 3098 id
1106 3052 1166 3119 ge·
1215 3030 1339 3101 Bonus
1361 3046 1412 3102 est
1433 3033 1490 3100 vir
1525 3046 1559 3102 et
1579 3056 1659 3102 rara
1689 3032 1869 3119 doctrina,
1906 3035 2082 3126 planeque
2113 3058 2204 3107 nou·

179 3160 248 3207 nus
261 3133 610 3226 interpretationibus
620 3129 670 3227 ³¹).
693 3132 878 3224 pleraeque
897 3131 1038 3220 longius
1054 3131 1168 3201 aton·
1216 3129 1310 3203 nihil
1331 3148 1426 3203 extra
1448 3134 1542 3229 uolgi
1560 3134 1670 3203 aleam
1687 3134 1856 3203 cruditus.
1907 3132 1950 3203 In
1966 3131 2143 3207 Martiae
2155 3132 2204 3233 ⁸³),

180 3237 277 3311 tibus
302 3238 437 3307 ducunt
458 3235 687 3326 scripturam,
722 3256 828 3327 quam
849 3236 891 3302 u't
914 3233 1070 3311 nativam
1093 3234 1168 3302 vim
1217 3236 1322 3326 longo
1347 3235 1418 3304 iam
1444 3259 1510 3305 usu
1536 3231 1626 3305 mihi
1655 3235 1877 3304 familiariter
1905 3238 2067 3326 cognito,
2104 3238 2203 3311 vivax

176 3339 341 3421 ¹retineat.
406 3334 484 3405 Iam
507 3350 541 3405 et
563 3331 631 3405 hoc
656 3335 696 3404 in
717 3335 852 3426 psalmo
876 3356 941 3424 pro
963 3335 1166 3426 purgatorio
1218 3338 1420 3427 ingenium,
1466 3337 1703 3407 eruditionem
1731 3350 1765 3406 et
1799 3336 2003 3407 facundiam
2037 3340 2203 3424 samber,

180 3439 364 3536 produxit:
397 3431 658 3506 Transieimus
679 3458 743 3532 per
764 3434 884 3528 ignem
903 3443 1108 3531 elegeam,
1134 3451 1168 3505 et
1218 3438 1395 3507 sincerum
1421 3452 1456 3508 et
1476 3461 1564 3528 pure
1583 3433 1825 3508 Christianum
1847 3437 2008 3509 animum
2028 3462 2107 3511 non
2127 3464 2202 3533 pos-

179 3540 318 3625 nescio‚
341 3563 429 3632 quae
449 3539 527 3628 pari
550 3539 618 3607 lide
641 3538 720 3606 alia.
770 3535 824 3606 De
846 3536 1077 3626 indulgentiis
1098 3536 1169 3604 mi·
1220 3563 1298 3608 sum
1322 3563 1397 3607 non
1419 3540 1592 3609 deamare.
1643 3539 1779 3608 Amicis
1804 3540 2054 3610 communibus
2077 3566 2120 3613 ex
2141 3566 2202 3614 no-

145 3666 269 3714 ‘uore
296 3641 521 3712 contentione
545 3641 763 3731 disputatum
784 3651 836 3707 cst
854 3629 932 3732 ”)‚
966 3637 1076 3709 immo
1101 3638 1168 3730 ipsi
1218 3641 1275 3712 bis
1297 3642 1445 3724 salutem
1469 3640 1588 3709 dicito.
1639 3639 1716 3709 Scis
1737 3640 1831 3731 quod
1858 3639 1929 3709 dici
1949 3643 2085 3730 graecis
2109 3646 2201 3725 solet,

181 3740 283 3815 Etio
305 3743 476 3812 iocum'et
499 3742 624 3813 ludum
644 3741 792 3811 ciebant.
844 3734 903 3807 Ad
925 3761 1104 3808 summum
1125 3742 1169 3808 dc
1220 3739 1381 3833 πολᾷιιου
1400 3734 1445 3837 ⁶⁰)
1475 3736 1564 3813 κενὰ
1582 3734 1622 3835 ⁶¹)
1646 3736 1782 3826 πολλὰ,
1824 3738 1946 3828 Quare
1965 3766 2041 3812 non
2067 3759 2137 3830 est,
2168 3759 2201 3817 ut

182 3844 400 3942 poenitentia
424 3857 540 3913 actum
562 3856 615 3912 est
629 3833 729 3936 m),
761 3842 835 3909 eius
859 3840 1073 3932 quaestionis
1091 3865 1170 3912 sco·
1221 3846 1264 3913 de
1283 3840 1388 3914 huius
1403 3843 1665 3935 disceptationis
1681 3856 1827 3926 eventu,
1853 3866 1969 3935 neque
1985 3845 2122 3931 lamae,
2146 3871 2203 3917 ne-

182 3972 270 4041 pum
284 3941 379 4013 Etit
393 3940 649 4038 enthymemata
665 3943 782 4011 nescio
801 3966 847 4010 an
865 3941 1059 4029 attigerint,
1084 3968 1170 4034 poe-
1220 3971 1289 4039 que
1307 3947 1368 4027 iis,
1394 3946 1457 4038 qni
1481 3945 1519 4012 in
1543 3968 1582 4012 ea
1604 3945 1717 4012 famae
1738 3946 1967 4029 studuerant,
1990 3948 2114 4018 omnia
2135 3974 2203 4020 crc-

183 4073 248 4119 nas
271 4048 407 4140 aliquas
430 4044 675 4116 satisfactionis
692 4044 910 4136 probabant,
934 4067 1020 4135 quas
1041 4046 1170 4115 admit·
1221 4050 1294 4121 das.
1346 4045 1453 4132 Vale,
1479 4044 1766 4135 Voittembergae
1781 4043 1879 4118 XXI.
1893 4042 1996 4118 lUld
2016 4040 2075 4142 ⁶²).

183 4152 280 4223 tebat
299 4143 494 4219 Mrrrtinus
513 4144 566 4242 εἳ).
636 4143 801 4215 Ceterum
828 4168 895 4235 pro
917 4144 1067 4233 singulis
1088 4171 1171 4236 pec-

184 4251 270 4324 catis
288 4253 335 4321 ad
348 4250 505 4339 singulas
520 4271 650 4340 poenas
670 4246 812 4338 deposci
832 4245 1070 4336 poenitentem
1087 4244 1127 4345 ⁵³)
1151 4275 1171 4318 a

184 4352 479 4436 iustitiarlivina,
506 4348 656 4444 quasin
678 4359 847 4440 potestate
870 4342 1028 4416 hominis
1048 4348 1094 4418 sit
1116 4374 1171 4420 rc·
1225 4430 1229 4440 Ι
1274 4363 1318 4431 54)
1335 4361 1567 4431 ratiocinationes]
1592 4360 1757 4417 madernas
1775 4347 1929 4415 ηιιὶοιιε».Ι

1274 4463 1318 4530 55)
1336 4461 1514 4532 quamquam]
1537 4458 1702 4513 Lbselrerus:
1720 4459 1851 4532 quamvis.

1274 4559 1323 4623 56)
1339 4559 1517 4625 immodicus]
1542 4557 1620 4612 Lurb
1635 4577 1697 4631 opp.
1711 4567 1737 4612 et
1750 4557 1799 4611 L.=
1821 4557 1965 4628 prolixiora
1979 4572 2054 4617 sunt.

236 4667 281 4735 49)
300 4665 433 4729 blartino]
451 4662 553 4720 lidem:
570 4659 699 4716 Lutbero.
1274 4657 1323 4727 57)
1341 4655 1548 4729 ἆπροςχρισιοὶ]
1570 4654 1649 4710 Lutlr.
1669 4673 1748 4728 opp:
1772 4655 1930 4728 periculosa
1977 4658 2146 4720 Idacbcrust
2162 4676 2219 4737 pf·

172 4786 175 4791 ,
236 4750 281 4818 50)
301 4748 423 4814 solverit]
446 4744 612 4799 Lbscberus:
634 4743 762 4801 solveret.
1326 4726 1470 4781 tieldone-

235 4834 281 4903 51)
297 4852 378 4905 qnam
393 4832 425 4912 id
445 4848 529 4902 gertus
548 4829 676 4898 interpr.]
696 4826 776 4887 Lutb.
788 4850 853 4905 opp.
871 4843 898 4888 et
909 4829 957 4886 L.:
979 4849 1041 4889 nam
1054 4830 1114 4886 tatis
1128 4831 1174 4887 in.
1276 4829 1321 4897 58)
1341 4830 1367 4896 e]
1389 4825 1468 4881 Lutb.
1483 4844 1549 4899 opp.
1564 4825 1608 4880 ed.
1623 4824 1744 4880 lenens:
1765 4824 1807 4880 de.

289 4909 504 4973 ωΡΓΨῘΨΜ·
587 4937 592 4949 ·
1276 4929 1320 4997 59)
1339 4927 1473 4996 Martino]
1494 4926 1596 4981 liderus
1612 4924 1740 4980 Lutlrero.

238 4985 283 5053 52)
302 4982 450 5050 Martinus]
473 4981 574 5034 iidem:
596 4980 736 5056 Lutlrerus.
802 5022 805 5028 -
1681 5044 1689 5058 .

238 5070 282 5138 53)
301 5066 500 5139 poenitentem]
523 5063 687 5119 Ldsclrerns:
709 5068 912 5138 poenitentiam.
1275 5030 1320 5099 60)
1341 5029 1476 5099 πολέμου]
1504 5024 1554 5079 Ed·
1567 5025 1689 5080 lenem·-
1712 5026 1803 5082 nolis·

219 5150 451 5291 wgtssss'zrrlliu?
465 5146 565 5276 digium
583 5147 616 5201 de
637 5152 795 5220 purgatorio
816 5151 859 5204 die
872 5149 945 5205 Vlll.
960 5160 989 5203 et
1001 5149 1047 5204 tt.
1064 5170 1100 5205 m.
1114 5148 1174 5206 tutti
1275 5131 1322 5286 gg}
1338 5129 1419 5269 'iffi
1435 5123 1849 5333 &spiegi’lliteibirgazmli‘xll
1863 5212 1934 5284 lulij.
1946 5240 1983 5257 -
1999 5214 2080 5274 Loth,
2094 5238 2153 5292 opp,
2163 5208 2202 5267 ed·

222 5307 265 5372 tt)
285 5304 311 5357 d,
323 5301 372 5358 χι,
388 5320 426 5357 m,
440 5298 511 5357 lum,
544 5300 579 5357 [ιζ
1329 5282 1420 5337 Viteb.
1434 5292 1461 5335 et
1483 5299 1527 5334 en.
1538 5287 1566 5332 ct
1576 5276 1727 5332 thcherus
1739 5278 1858 5333 addunt:
1881 5282 1965 5338 Anno
1981 5284 2058 5344 1⁵19.

220 5389 283 5457 W)
303 5387 329 5442 d.
341 5384 402 5443 llll.
414 5393 441 5439 ct
452 5372 528 5441 Xlll.
540 5382 662 5441 ciusdem
676 5387 783 5442 mentis.
817 5387 850 5442 F.
1260 5384 1291 5454 *)
1308 5384 1336 5441 d.
1348 5381 1420 5439 xlv,
1433 5390 1459 5436 et
1471 5375 1532 5434 XV.
1546 5394 1584 5431 m.
1598 5374 1669 5432 lolii.
1704 5375 1740 5431 F.
