4500 5782
106 208 185 301 sss,
691 188 1125 287 umcronanusr
1174 212 1284 293 ιιι.
1320 213 1370 289 ιι
1422 212 1560 294 asso.

104 381 358 473 religionibus,
381 383 559 455 vixerunt·
607 378 659 455 At
675 377 784 455 hodie
799 384 893 456 votis
907 379 1002 457 nihil
1018 386 1101 457 vul-
1151 411 1247 457 mere
1274 388 1392 481 quivis
1421 387 1580 480 arripiat.
1646 384 1819 459 Divinum
1847 390 2015 459 donum‹

107 483 226 574 garius
242 496 310 571 est,
334 498 376 556 ut
393 486 536 557 nullum
555 485 630 555 iere
644 486 737 557 vitae
755 508 864 576 genus
881 511 1021 559 sacrum
1040 502 1103 559 aut
1152 490 1293 569 animus
1321 505 1388 577 est,
1430 491 1528 583 quod
1559 512 1665 583 quam
1695 491 1819 581 paucis
1850 514 1931 560 vere
1959 515 2015 561 cor

108 578 353 659 Christianum
367 610 552 673 vocemus,
572 586 643 657 nisi
657 582 848 681 captivum.
1151 613 1281 681 magno
1311 594 1406 662 malo
1437 605 1560 661 nostro
1575 587 1681 683 proh
1708 591 1814 664 multi
1841 591 2015 686 experiun

212 684 409 780 Intelliges‚
433 713 490 779 me
511 713 586 759 non
604 690 821 782 patrocinari
832 704 975 764 nostrae
989 691 1104 762 licen·
1154 688 1236 781 Quo
1268 693 1473 786 diligentius
1501 688 1738 785 explorandae
1765 707 1849 764 sunt
1876 695 1970 763 vires
1999 718 2015 763 r

109 788 197 875 tiae,
221 790 253 859 si
275 791 509 875 intellexeris,
535 815 599 861 cur
619 815 641 862 a
663 793 803 885 vulgari
822 794 978 864 vovendi
992 807 1104 864 teme-
1153 820 1199 865 ne
1218 811 1341 868 nostra
1362 820 1427 865 nos
1449 795 1627 879 temeritas
1645 796 1845 867 frustretur.
1897 792 2014 888 Egreg

110 892 213 963 ritate
241 904 379 965 tantum
406 889 628 977 abhorream.
692 888 747 965 Ac
775 896 931 987 primum
959 896 1106 990 quidem
1155 899 1236 967 dem
1251 922 1306 967 res
1324 897 1517 969 coelibatus
1535 881 1603 981 es't,
1629 899 1690 966 sed
1706 897 1810 989 plena
1824 898 1986 989 periculi.

111 993 288 1065 addicitur
303 995 477 1080 castitas,
502 996 655 1089 quamsi
675 1019 800 1085 negem
820 1012 896 1069 tum
918 992 1106 1077 honestam
1151 998 1260 1069 nobis
1283 1000 1407 1092 ¹potius
1436 994 1503 1068 hoc
1527 998 1621 1068 vitae
1644 1021 1754 1089 genus
1778 999 2015 1091 amplectende

4 1108 9 1121 ’
112 1110 188 1167 tum
203 1096 425 1188 splendidam
442 1120 535 1182 esse,
559 1097 665 1189 plane
681 1122 703 1167 a
720 1100 902 1169 communi
924 1122 1029 1169 sensu
1049 1099 1106 1169 vi·
1156 1126 1227 1194 quo
1251 1102 1379 1173 certius
1403 1101 1446 1171 ad
1472 1095 1656 1170 Christum
1684 1101 1901 1191 pervenitur.
1967 1097 2015 1170 Pe

113 1198 199 1268 dear
217 1199 365 1274 alienus.
422 1194 474 1269 At
495 1222 618 1269 rursus
638 1223 714 1269 non
734 1202 937 1293 permittam
950 1198 991 1298 ¹²)
1015 1200 1107 1273 tanti
1156 1204 1365 1294 ampliorem
1390 1226 1464 1271 esse
1485 1201 1717 1287 coelibatum,
1742 1201 1923 1292 permittes
1941 1215 1975 1271 et
1989 1196 2015 1299 ¹⁷¹

113 1298 208 1384 beri,
232 1315 274 1371 ut
295 1302 334 1370 in
353 1325 394 1371 ea
413 1302 489 1371 sola
505 1298 544 1396 ¹³)
567 1323 742 1371 summam
756 1298 1022 1373 Christianismi
1039 1328 1108 1395 po,
1156 1304 1444 1397 periculosiorem
1465 1302 1661 1391 illuuiem
1676 1303 1853 1393 coniugio.
1904 1300 2015 1373 lama

113 1402 217 1473 sitam
245 1427 418 1477 censeam.
480 1400 566 1474 Non
592 1404 762 1475 continuo
791 1401 1017 1477 Christianus
1045 1418 1106 1489 est,
1157 1407 1250 1476 vitae
1262 1430 1373 1497 genus
1389 1405 1513 1476 sectari
1529 1404 1712 1491 convenit,
1739 1429 1815 1475 non
1837 1405 1876 1473 in
1897 1429 2015 1499 quop

31 1576 40 1588 .
113 1502 178 1599 qui
193 1500 263 1575 sibi
280 1510 493 1599 quocunque
513 1506 657 1576 tandem
678 1508 786 1577 modo
810 1505 988 1577 aVenere
1017 1520 1108 1577 tem-
1157 1508 1263 1578 riculi
1286 1508 1348 1594 sit,
1373 1510 1435 1577 sed
1456 1530 1527 1600 quo
1550 1507 1679 1578 certius
1700 1507 1744 1576 ad
1766 1531 1910 1598 scopum
1934 1506 2015 1577 eniti

114 1618 229 1699 perat:
253 1607 387 1701 alioqui
402 1607 490 1701 quid
507 1608 616 1697 magis
631 1608 731 1700 pium
747 1608 804 1678 vel
825 1608 972 1699 cogitari
991 1621 1108 1701 posset
1158 1633 1248 1695 mus,
1271 1608 1424 1679 maxime
1437 1634 1547 1704 quom
1559 1603 1767 1679 huiusmodi
1783 1607 1939 1699 pericula
1957 1608 2013 1676 sin

114 1704 308 1794 Messapis,
347 1704 549 1794 Thebanis,
587 1709 672 1779 item
703 1707 857 1780 Milesiis
898 1710 1109 1801 virginibus,
1159 1712 1346 1783 deflectant
1364 1735 1510 1805 prorsus
1529 1734 1549 1779 a
1566 1734 1689 1802 scopo,
1714 1711 1759 1779 ad
1780 1733 1885 1804 quem
1902 1710 2015 1803 utriqt

115 1833 206 1904 quae
230 1810 434 1882 incredibili
456 1810 568 1881 animi
589 1812 833 1902 magnitudine
854 1814 963 1896 mori,
1000 1836 1109 1906 quam
1139 1814 1351 1909 tendimus.
1401 1812 1496 1885 Sunt
1516 1813 1612 1881 enim
1634 1811 1757 1903 plane,
1783 1811 1813 1879 si
1833 1836 1909 1879 rem
1934 1810 2015 1902 ip'sa1

72 1981 75 1985 .
114 1911 306 2006 pudicitiae
324 1912 468 1982 laudem
489 1912 649 1983 amittere
665 1913 880 1988 maluerunt.
931 1910 1109 1984 immensa
1158 1915 1239 2007 pius
1255 1915 1523 2005 contempleris,
1551 1917 1724 2008 quaedam
1740 1913 1778 1981 in
1794 1913 1969 1982 coelibatu
1986 1935 2015 2004 p*

116 2036 172 2083 res
185 2008 478 2085 Christianismus
493 2028 560 2099 est,
584 2030 619 2086 et
632 2039 740 2109 quam
755 2015 902 2109 adsequi
919 2010 1109 2085 hominum
1159 2040 1249 2111 quae
1272 2040 1347 2087 non
1365 2039 1492 2108 queas,
1515 2028 1557 2084 ut
1577 2029 1629 2085 est
1652 2008 1808 2084 humana
1832 2012 2016 2084 imbecillit

116 2129 239 2209 captus
264 2116 397 2209 nequit.
468 2112 618 2188 Castitas
648 2140 734 2187 vcro
765 2117 860 2187 inter
888 2112 1109 2188 Christianae
1159 2133 1251 2204 tare3
1291 2142 1382 2212 quae
1405 2113 1493 2210 (nisi
1514 2114 1636 2213 fallor)
1657 2116 1877 2206 significabat
1888 2108 2015 2184 Paule

116 2217 265 2287 virtutes
281 2219 339 2287 vel
359 2231 537 2311 postremo
558 2219 649 2309 loco.
698 2215 821 2289 Nolim
835 2214 877 2314 ¹⁴)
901 2231 1020 2311 putes,
1045 2220 1110 2288 de·
1160 2220 1308 2291 diceret:
1338 2216 1527 2290 MELIUS
1545 2214 1641 2288 EST
1662 2212 1864 2289 NUBERE
1885 2212 2015 2307 QUAt

116 2342 240 2408 rogare
261 2344 319 2389 me
337 2320 528 2414 quicquam
551 2334 623 2391 tam
644 2321 817 2409 gratiosae
836 2319 972 2396 virmti.
1033 2317 1110 2390 No-
1158 2320 1250 2391 Nam
1265 2336 1300 2391 et
1320 2319 1573 2411 significantius
1596 2342 1717 2409 graece
1738 2319 1873 2389 dictum
1897 2333 1965 2404 est,
1985 2343 2015 2402 aa

117 2420 182 2490 lim
196 2418 402 2497 Iovinianus
419 2435 481 2493 aut
492 2415 715 2493 Christianos
726 2419 940 2514 Epicureos,
955 2422 1009 2495 'ut
1028 2446 1109 2494 cum
1159 2416 1254 2497 εἶναι
1298 2427 1439 2516 αμῆσαι
1452 2417 1478 2516 ἢ
1491 2418 1720 2516 πυροῦσθαι.

118 2518 347 2617 Hieronymo
362 2522 505 2617 loquar,
530 2524 712 2598 exclames.
771 2516 814 2593 ln
837 2525 1001 2596 ordinem
1022 2546 1108 2615 cogo
1261 2447 1380 2595 lhulta
1411 2519 1470 2593 hie
1501 2523 1666 2617 relinquo
1698 2521 1764 2592 tibi
1792 2520 1877 2615 ipsi,
1918 2545 2009 2616 quae

117 2624 329 2710 castitatem,
361 2625 411 2694 ita
436 2638 476 2694 ut
496 2649 656 2695 censeam
676 2620 888 2701 christianae
907 2626 1021 2699 menti
1045 2650 1110 2695 ne-
1159 2627 1353 2699 acrimonia
1367 2624 1492 2695 iudicii
1510 2625 1578 2710 tui,
1604 2623 1801 2713 cogitanda.
1841 2620 1927 2694 Non
1941 2637 2015 2716 pots

117 2726 323 2813 cessariam,
363 2726 494 2797 deinde
523 2739 560 2797 et
591 2721 872 2825 pulcherrimum
888 2754 893 2764 ·
908 2752 982 2801 esse
1019 2730 1111 2815 adu·
1159 2752 1234 2797 non
1255 2729 1459 2814 admittere,
1482 2750 1567 2797 vero
1585 2725 1704 2796 verius
1723 2749 1816 2810 esse,
1842 2724 1939 2819 quod
1963 2724 2015 2795 dic

117 2828 301 2899 lescentiae
325 2828 580 2902 rudimentum.
640 2826 777 2899 Verum
801 2830 916 2901 maius
937 2830 1109 2925 quiddam
1160 2830 1314 2901 iusmodi
1327 2828 1482 2921 pericula
1501 2850 1591 2912 esse,
1617 2851 1727 2920 eaque
1743 2823 1933 2896 innumera
1949 2827 2015 2895 ferr

97 2926 428 3005 ‘Christianismum
442 2950 548 3016 voco,
573 2954 681 3025 quam
694 2944 827 3001 uttam
848 2932 1007 3023 angustis
1028 2930 1110 3002 fini·
1159 2932 1271 3003 vitare
1292 2954 1368 3002 non
1391 2943 1523 3025 queant
1543 2928 1638 2998 ullae
1658 2923 1846 2997 bominum
1868 2927 1975 3002 vires.

115 3036 184 3105 bus
209 3028 462 3127 comprehendi
483 3031 581 3106 velit.
643 3030 718 3105 Nec
742 3044 844 3126 putes
863 3057 921 3104 me
948 3034 1109 3104 conferre
1159 3034 1296 3123 utinam
1311 3033 1548 3126 expenderent
1561 3026 1669 3100 huius
1690 3031 1827 3119 generis
1847 3028 2003 3121 pericula

118 3160 198 3206 cum
223 3135 363 3226 vulgari
386 3135 474 3205 luxu
501 3134 712 3220 castitatem,
750 3136 813 3205 sed
834 3159 916 3205 cum
943 3135 1108 3226 coniugio
1160 3159 1232 3208 sese
1244 3134 1478 3225 religionibus
1493 3132 1675 3204 addicunt.
1726 3126 1776 3201 At
1796 3127 1903 3201 hodie
1926 3143 2015 3224 quot

117 3236 341 3330 coelibatum.
406 3234 499 3307 Nam
526 3238 706 3327 vulgatam
733 3237 833 3307 illam
862 3237 1051 3310 libidinem
1076 3250 1111 3307 et
1159 3261 1229 3331 que
1249 3238 1308 3305 vel
1329 3237 1392 3307 illa
1416 3234 1594 3324 intelligit.
1646 3227 1682 3303 Ο
1707 3232 1845 3301 utinam
1868 3227 1927 3301 bic
1950 3230 2015 3300 ani:

81 3414 91 3425 ⁸
118 3361 184 3408 nos
201 3338 462 3411 abominamur.
1160 3340 1389 3430 cogitationes
1407 3336 1635 3429 introspicere
1656 3333 1723 3405 tibi
1736 3333 1848 3404 oculis
1864 3332 1934 3403 tuis
1948 3356 2015 3424 pen

219 3436 332 3509 Porro
349 3433 417 3508 hoc
436 3438 477 3507 in
489 3437 731 3532 quaestionem
744 3454 907 3511 vocatur:
933 3439 1043 3512 satius
1065 3440 1110 3509 sit
1160 3455 1257 3527 cest,
1293 3440 1499 3529 cogentum,
1536 3461 1643 3531 quam
1675 3458 1751 3505 non
1785 3448 1915 3506 temere
1957 3458 2015 3525 pra

117 3539 289 3612 coelibem
306 3540 415 3610 vitam
435 3562 482 3609 au
498 3539 704 3631 coniugium
724 3542 912 3633 amplecti?
960 3538 1015 3611 De
1034 3542 1111 3634 pie·
1160 3543 1350 3613 coelibatui
1372 3540 1589 3631 coniugium.
1647 3533 1731 3607 Non
1756 3537 1883 3607 attinet
1901 3536 2015 3619 dicere

119 3657 188 3714 tate
203 3643 454 3735 disceptamus,
480 3664 589 3734 quare
602 3664 692 3735 quae
707 3642 751 3711 de
766 3636 884 3713 haere
897 3637 1110 3736 Philosophi
1160 3639 1291 3714 horum
1308 3666 1374 3727 nos
1390 3641 1523 3733 experti
1541 3640 1650 3709 simus
1657 3663 1666 3724 ;
1700 3662 1765 3708 nec
1786 3638 1881 3707 enim
1905 3662 2015 3729 exemp

117 3744 354 3838 disputarunt,
380 3766 470 3837 quae
484 3736 660 3812 humanae
675 3742 768 3833 leges
785 3758 988 3831 sanxerunt,
1003 3744 1110 3815 omit·
1159 3769 1237 3816 rere
1265 3743 1478 3813 monasteria
1504 3756 1604 3835 puto.
1668 3736 1786 3834 Atque
1808 3740 1945 3810 utinam
1968 3763 2015 3808 no

119 3860 167 3920 to.
218 3841 358 3915 Omitto
377 3844 461 3915 item
479 3845 597 3936 ipsum
619 3857 767 3916 naturae
791 3868 954 3931 sensum,
979 3860 1015 3916 et
1035 3870 1111 3916 non
1161 3847 1354 3918 coelibatus
1371 3844 1478 3915 latius
1499 3858 1533 3915 et
1552 3843 1596 3914 ad
1613 3841 1796 3913 Sacrificos
1818 3855 1958 3910 nostros
1979 3865 2015 3932 pr

119 3948 254 4019 invitus
269 3945 439 4031 dederim,
463 3947 672 4037 ampliorem
688 3960 723 4016 et
736 3946 1014 4038 splendidiorem
1030 3972 1110 4018 coe-
1161 3963 1228 4022 tus.
1277 3946 1370 4018 Nam
1391 3940 1450 4017 hic
1469 3970 1551 4017 cum
1571 3944 1670 4015 aliud
1689 3967 1763 4013 non
1787 3942 1891 4012 liceat
1915 3956 1950 4012 et
1969 3966 2015 4033 pu

119 4050 271 4122 libatum
299 4072 393 4131 esse,
431 4071 558 4137 nempe
589 4046 689 4118 euius
712 4048 916 4138 gravissima
938 4044 1110 4119 habemus
1160 4050 1295 4120 malum
1317 4063 1454 4121 mutare
1474 4072 1550 4116 non
1570 4045 1760 4138 possimus,
1785 4058 1924 4114 tantum
1948 4057 2015 4114 vot«

120 4152 295 4244 exempla,
318 4145 591 4234 CHRISTUM,
615 4144 863 4231 ΙΟΑΝΝΕΜ,
887 4144 1111 4235 MARIAM,
1161 4166 1224 4225 est.
1275 4145 1485 4220 Onerarunt
1504 4149 1622 4219 nescio
1644 4146 1706 4240 qui
1722 4144 1884 4239 Tyranni
1901 4144 2015 4215 coelib

36 4282 39 4287 ·
121 4269 162 4326 ut
174 4255 381 4323 innumeros
393 4252 482 4323 alios
497 4265 722 4343 praeteream.
771 4248 885 4323 Dabis
898 4266 932 4322 et
951 4265 990 4321 tu
1008 4247 1111 4336 mibi,
1161 4253 1335 4338 cerdotia,
1360 4266 1401 4322 ut
1414 4251 1617 4344 prodigioso
1635 4247 1734 4317 luxui
1748 4247 1805 4316 via
1819 4248 1926 4319 lieret.
1973 4242 2015 4317 Fi

33 4411 37 4419 .
121 4354 280 4440 consuli,
311 4378 385 4425 non
413 4352 569 4447 praecipi
589 4352 824 4427 coelibatum.
883 4351 1111 4447 Siquidema
1162 4370 1203 4426 ut
1219 4354 1416 4424 interdictis
1430 4351 1565 4444 nuptiis
1580 4350 1700 4421 omnia
1715 4349 1784 4417 sibi
1808 4362 1931 4440 putent
1948 4345 2016 4417 lice

120 4450 263 4527 Christo
283 4455 499 4539 dictumest,
526 4463 581 4535 ut,
603 4452 670 4551 qai
681 4451 799 4550 possit
814 4476 955 4551 capere,
976 4452 1112 4553 sopiat.
1162 4457 1269 4527 modo
1289 4457 1503 4538 sacerdotes,
1529 4455 1590 4524 sed
1613 4467 1648 4524 et
1668 4473 1749 4535 nos,
1775 4451 1837 4544 qui
1858 4446 1923 4518 hae
1942 4472 2003 4541 spe

123 4556 198 4628 lam
225 4559 323 4652 quod
349 4557 493 4626 divinus
523 4554 677 4649 Spiritus
698 4553 737 4650 ¹³)
766 4556 948 4627 consulere
973 4558 1112 4643 maluit,
1162 4583 1260 4642 mur,
1292 4571 1333 4628 ut
1355 4557 1462 4626 sacris
1484 4554 1630 4625 nomina
1654 4555 1788 4624 demus.
1852 4550 1944 4622 Nam
1967 4575 2014 4642 po

123 4682 229 4754 quam
244 4657 444 4751 praecipere
456 4658 689 4741 coelibatum,
712 4658 797 4730 satis
811 4658 1016 4747 declaravit,
1036 4683 1113 4731 rem
1163 4659 1441 4731 adulescentium
1463 4658 1601 4741 animos
1623 4651 1715 4758 haec·
1731 4653 1838 4722 semel
1865 4677 2015 4746 occupas

123 4760 313 4854 ancipitem
333 4782 422 4845 esse,
447 4759 582 4837 uerita
600 4760 753 4857 positam
774 4760 814 4833 in
837 4760 975 4848 medio,
997 4775 1039 4832 ut
1060 4774 1115 4831 te·
1163 4762 1244 4849 nio,
1270 4761 1475 4835 interdictas
1488 4759 1558 4831 sibi
1577 4757 1721 4851 nuptias
1738 4778 1828 4837 esse,
1853 4753 2015 4846 applicati

176 5081 220 5150 ¹²)
237 5075 407 5159 P‘fmluffffll
431 5073 498 5129 Md·
518 5091 595 5149 ⁰912*
620 5073 834 5149 nl“¹¹¹3¹¹⁸¹¹¹·”
881 5076 934 5144 (Π.
953 5084 980 5131 ⁸¹
999 5094 1041 5150 ΕΡ·
1060 5034 1114 5152 Pil·
1217 5094 1259 5162 16)
1280 5092 1354 5162 quod
1374 5076 1505 5164 quam'-
1523 5086 1711 5159 experiuntur]
1738 5084 1802 5139 eod.
1823 5079 1923 5141 Goth:
1947 5100 2015 5155 ..qut

226 5166 303 5202 ”¹⁰¹⁰
318 5145 397 5199 ’Μ’
432 5142 482 5211 F')
1267 5163 1424 5231 contingere
1444 5157 1596 5212 ridemus.”

176 5233 219 5305 18)
234 5232 303 5299 sola]
318 5230 380 5287 eod.
393 5226 491 5284 Goth-s
506 5245 614 5300 „prope
626 5226 712 5283 „tr”
1201 5243 1260 5313 qq)
1278 5244 1319 5315 εἰ]
1336 5244 1399 5298 ωδ,
1415 5241 1515 5295 Gom,
1541 5249 1590 5304 „a
1604 5242 1660 5292 mg·

177 5321 222 5383 tt)
240 5317 345 5384 Nolim]
363 5313 426 5369 ood.
440 5311 540 5369 (iothe
556 5322 606 5376 „et
621 5310 735 5367 nolim·
1218 5330 1263 5400 13)
1268 5327 1364 5454 Sim]
1381 5324 1450 5381 Mel,
1463 5342 1528 5398 ⁰PP·
1540 5321 1621 5379 3251·
1635 5318 1714 5376 edd„
1733 5324 1840 5394 „qma
1874 5316 1928 5389 (ῃ,
1940 5326 1968 5373 gg
1982 5334 2015 5387 ᾳ

112 5422 116 5435 ’
175 5404 220 5475 15)
233 5399 364 5474 Spiritus]
381 5396 444 5454 rod·
458 5393 559 5453 Goth-t
576 5393 715 5474 „Spiritus
728 5394 857 5454 (bristi-¹⁵
1313 5408 1350 5453 ts.
1383 5395 1432 5464 F.)
