4500 5782
69 252 131 309 av
268 198 1902 333 §.enusiiiooisurisroiiuuuuui,uu1r1ssucin.
2015 258 2112 317 xio

69 428 165 499 quum
189 405 248 483 ia
260 410 450 499 publicum
472 412 629 483 mittcrcl
654 406 806 484 alterurn
831 415 1062 505 epistolarum
1113 418 1230 499 rebat,
1256 432 1329 487 uim
1354 418 1467 487 inulto
1490 416 1583 485 edito
1600 422 1691 499 esse,
1725 436 1815 507 qiiac
1840 409 2108 489 calumniatori·

69 504 144 580 itit
160 508 352 594 libellum,
379 513 491 581 multu
507 513 653 605 quidem
671 515 710 583 iu
732 518 949 606 praefatione
974 540 1062 610 quc-
1111 520 1178 589 bus
1198 516 1443 591 Melanthouis
1471 542 1599 587 novom
1624 517 1810 588 accusandi
1833 515 2002 605 praebere
2022 530 2107 605 pos-

69 624 130 681 iius
146 623 201 680 est
223 612 271 679 de
295 612 612 683 calumniatoribus
627 613 891 701 Melaiitliouis,
915 643 960 687 ne
980 642 1061 687 ver·
1110 635 1189 692 sciit
1210 623 1451 705 occasionem,
1472 634 1513 689 ul
1534 620 1680 711 epistola
1699 613 1943 687 Meluulhouis
1967 616 2013 685 cle
2028 608 2105 689 Iiu-

69 712 251 828 lio-autem
277 715 499 783 mentionem
526 717 611 787 iecit
635 719 905 807 epistolciriiinii
933 718 1059 789 Cuius·
1111 718 1205 791 llicii
1221 724 1354 814 nuptiis
1369 737 1402 792 ct
1418 724 1528 791 mullo
1546 722 1626 794 iilia.
1667 718 1835 793 Attamen
1853 742 1925 787 uou
1941 716 2105 803 dixerim,
2201 770 2208 781 .

69 836 151 881 iano
168 815 279 903 poulo
298 828 379 882 anto
394 818 581 891 editurum.
633 820 671 889 Si
689 820 756 911 ipsi
775 823 960 911 placuisset
975 817 1058 890 hoec
1110 822 1353 905 Coincrorium
1374 826 1478 915 plone
1494 819 1591 893 nihil
1603 821 1877 913 praetermisisse
1893 834 1928 891 ct
1942 832 2104 903 mutasse,

69 914 186 1029 editio,
212 916 260 982 dc
277 941 315 982 cu
333 912 428 985 houd
454 920 561 987 (lubic
580 920 748 1012 loquutus
767 924 907 1008 fuisset3
933 922 1059 1013 displi·
1110 950 1191 994 cuiu
1215 951 1256 995 er
1278 928 1489 1019 quibusdum
1511 921 1722 1016 apographis
1746 923 1981 1011 intelligutur,
2004 920 2043 989 id
2064 920 2107 995 in

69 1030 132 1085 cuit
155 1017 285 1103 igitur,
310 1032 345 1086 ct
363 1019 512 1089 sortasse
534 1036 738 1113 propterca,
764 1030 861 1117 quod
883 1048 985 1113 aegro
1007 1026 1057 1093 lc·
1109 1028 1290 1121 aliquibus
1314 1030 1437 1097 sciltcm
1462 1027 1620 1119 epistolis
1639 1027 1773 1097 fuctum
1794 1048 1878 1097 esse.
1936 1020 2023 1095 viil
2046 1044 2102 1113 ep.

126 1326 226 1363 corani
243 1312 371 1395 solici’tae
385 1316 601 1388 elaborationis,
624 1324 748 1391 sciatque
762 1326 837 1377 aeleo
851 1322 1057 1387 Philippum

126 1378 284 1461 oqluntatis
298 1382 478 1445 inclinatione
493 1392 532 1439 ad
545 1391 598 1442 iioe
614 1407 716 1458 penus,
742 1403 821 1444 certo
843 1396 967 1459 quodam
987 1410 1056 1444 cori-

125 1450 199 1509 ὼ,
209 1454 409 1515 propendisse.
440 1452 640 1511 Precatioriam
651 1463 763 1528 quidem
774 1462 890 1525 piarum
902 1480 959 1512 nari
970 1462 1057 1513 meida

125 1518 286 1569 sententiae
305 1523 458 1587 repetitae,
487 1530 538 1577 sed
554 1530 641 1585 uerba
662 1548 769 1597 qaoque
795 1540 950 1595 usurpata,
982 1549 1055 1599 quae
1087 1546 1090 1555 '

128 1594 219 1666 essent
229 1588 393 1669 introducta
407 1598 606 1647 consuetudine
618 1607 704 1665 atque
719 1608 804 1651 nota:
828 1598 864 1651 tit
876 1602 1055 1651 aiiaietatern

127 1656 252 1733 indicarit
271 1674 301 1707 in
315 1658 440 1711 miseriis
455 1664 560 1722 animi.
584 1672 613 1716 et
630 1668 806 1731 affectionem
827 1684 925 1718 ueram
945 1669 1055 1726 mentis,

128 1739 156 1771 in
168 1739 220 1779 ea.
241 1742 364 1791 quorum
373 1729 629 1785 cinisiilerati'onem
642 1736 911 1799 comprehendisset,
928 1739 1055 1789 intentae

127 1798 212 1871 alque
227 1792 352 1859 defixae,
391 1798 452 1847 lies
470 1808 567 1853 autern
582 1804 723 1871 profecto,
748 1809 785 1856 de
804 1806 900 1873 quibus
918 1806 1055 1867 scribitur,

128 1865 270 1911 nusrnodi'
285 1872 367 1923 sunt,
391 1874 423 1914 ut
443 1872 571 1931 quatruvio
591 1871 666 1923 leues
686 1876 827 1939 quaedam
847 1875 992 1939 exilisque
1009 1872 1053 1924 oi·
1086 1874 1089 1881 '

127 1930 269 1986 deantur.
302 1950 361 1983 non
385 1942 486 1986 tamen
512 1939 624 1989 liberali
648 1943 806 2007 erignitinne
828 1944 886 1994 sint
914 1944 1054 2007 ausinae.

70 2058 73 2065 Ι
130 1993 281 2065 Quaedam
301 2018 369 2052 uero
384 2006 591 2059 attendentibus
608 2010 759 2061 utilitatem
777 2014 856 2063 licinii
872 2021 1053 2065 contemnen-

127 2070 194 2115 dam
204 2076 344 2149 poterunt
356 2068 470 2135 afferre.
505 2072 542 2125 Et
556 2076 652 2127 incidit
668 2088 769 2130 nostra
785 2088 871 2132 cretas
884 2084 913 2131 iii
930 2098 965 2131 ea
984 2089 1054 2132 tem·

124 2150 211 2213 pora,
224 2137 330 2216 ‘quibos
342 2148 431 2189 antra
443 2144 539 2195 multi's
551 2148 669 2207 saeculis
688 2151 847 2209 remotiora
863 2168 981 2203 casuum
999 2152 1053 2201 ad·

127 2206 302 2281 mirabilium
321 2215 441 2289 eventa,
465 2213 505 2260 ad
523 2221 640 2265 nostras
659 2224 752 2267 terras
773 2235 912 2269 accessere
928 2220 1053 2284 propius.

125 2286 206 2335 inque
228 2276 303 2354 adeo
321 2274 377 2357 lios
394 2278 594 2334 incubuerunt:
625 2282 744 2337 bicciatis
764 2288 904 2353 maribus,
939 2288 1051 2352 cludis,

124 2348 272 2391 sententiis
295 2344 458 2411 iiorniiiuni,
490 2350 630 2419 totiusque
653 2356 768 2418 penitus
792 2360 866 2409 iii'tiie
887 2359 1053 2409 rationibus.

123 2412 327 2489 sipqiprueriint
341 2415 452 2465 detecta
464 2414 555 2481 milita
569 2422 689 2471 ariteliac
706 2425 824 2475 lulcnli'a
843 2434 870 2476 et
889 2429 997 2477 occulta
1012 2427 1052 2475 vi-

123 2487 163 2527 tia
175 2494 206 2527 in
213 2478 260 2529 lie
272 2478 481 2557 lieelesiastica‚
499 2493 526 2535 et
534 2488 675 2554 patefalti
686 2507 797 2544 orrares
810 2502 877 2545 sunt
890 2495 1053 2545 doctrinae:

124 2542 381 2629 Gubernalionibus
390 2554 508 2613 publicis
519 2574 640 2621 magnae
653 2561 763 2612 allatae
775 2562 973 2629 difficultates:
993 2561 1051 2612 Ex-

123 2622 269 2695 ternorum
289 2622 544 2699 intcstinorurnqae
564 2628 699 2678 bellorum
720 2630 816 2683 clades
834 2650 868 2683 ac
879 2631 1051 2698 formidines

122 2685 241 2765 abiectae
263 2686 411 2769 horribiles
428 2698 515 2755 atquc
531 2693 635 2748 tri'sles.
668 2698 711 2749 Ac
725 2700 858 2761 priuatae
877 2718 986 2767 quoque
1003 2715 1051 2751 res

120 2754 311 2811 plurimorum
323 2762 509 2813 incommodis
520 2765 602 2815 nouis
614 2764 739 2830 affectae,
758 2776 785 2819 et
797 2771 953 2821 bominibus
966 2784 1050 2821 curae

122 2822 210 2904 datae·
225 2830 408 2887 negotiorum
419 2830 550 2893 proruero
561 2839 589 2882 et
602 2832 824 2898 improuisaram
843 2841 951 2891 anxiae
966 2848 1050 2903 atque

116 2886 338 2973 formidolosae.
357 2962 364 2975 .
384 2892 489 2963 Quibus
507 2901 636 2953 omnibus
653 2906 747 2957 iiari'iis
767 2915 794 2957 et
811 2910 974 2974 multiplices
989 2924 1049 2959 ser·

121 2974 219 3010 mones
236 2968 375 3024 excitari,
394 2973 422 3015 et
438 2970 619 3031 suppeditari
633 2971 796 3025 litterarum
816 2988 986 3041 argumenta
1004 2976 1049 3026 di-

123 3042 201 3080 oersa
214 3044 330 3109 neeesse
344 3040 395 3083 est.
433 3038 526 3100 Atque
539 3039 642 3090 seiiiius
655 3040 684 3089 in
700 3044 751 3093 lioc
762 3060 865 3108 genere
881 3053 994 3097 tantam
1012 3044 1048 3094 li-

121 3096 258 3148 bertatem
266 3096 367 3163 fuisse
378 3104 486 3153 saeculi
495 3106 588 3165 iiiii'us,
606 3115 637 3158 rit
650 3109 701 3159 illa
713 3114 752 3161 ad
764 3114 907 3167 licentiam
919 3115 1048 3165 aniriiad·

123 3168 287 3215 uertendum
299 3170 486 3222 redundaret.
524 3172 606 3243 Quae
617 3189 711 3229 autem
726 3184 838 3233 adress
857 3190 884 3232 et
899 3182 1048 3249 propriam

121 3236 263 3295 quendam
279 3246 439 3301 respectum
452 3244 597 3303 pertinere
614 3242 664 3297 Pii
673 3246 809 3313 i'li'ppur
827 3250 902 3303 ttet.
922 3252 1047 3303 arbitra-

122 3309 199 3383 retar
210 3308 261 3363 (ea
273 3314 358 3385 crant
371 3308 440 3361 Duo
449 3310 643 3371 potissimum:
665 3316 773 3381 Religio
785 3327 814 3370 et
825 3322 923 3372 studiis
933 3322 1047 3386 sapien-

122 3372 185 3431 tiae)
199 3371 327 3453 De‘illis
344 3382 372 3424 et
386 3375 498 3439 scripsit
512 3388 540 3429 et
552 3390 594 3434 cst
605 3384 713 3435 locutas
725 3386 808 3439 utilia
824 3406 859 3439 ac
872 3388 954 3441 bona.
989 3388 1047 3439 Νο-

122 3454 172 3502 qae
181 3456 234 3521 epo
246 3440 360 3509 inficior
372 3460 430 3493 riori
445 3446 554 3512 aliquid
572 3450 727 3517 aliquando
746 3456 841 3508 minas
859 3467 941 3508 caute
957 3458 1047 3521 ipsum

118 3511 278 3571 protulisse,
296 3518 326 3563 et
340 3516 492 3567 mandasse
503 3518 603 3569 litteris
615 3522 807 3590 confidentius,
824 3542 883 3577 non
896 3528 1046 3577 attenden-

120 3582 176 3626 tem
188 3584 241 3627 aot
253 3587 403 3631 curantem
417 3598 515 3633 coram
527 3588 626 3653 quibus
634 3594 829 3649 praesentibus
844 3593 1048 3661 verbafierent,

121 3652 147 3695 et
161 3647 198 3695 de
212 3646 264 3706 iis,
286 3649 388 3713 quibus
404 3651 517 3705 litterae
535 3657 734 3717 mittebantur,
760 3662 840 3712 liaad
857 3664 934 3712 male
952 3665 1047 3727 suspi-
1081 3672 1084 3677 '

119 3720 241 3793 cantem,
258 3732 318 3765 nori
328 3720 527 3773 admittentem
539 3740 646 3791 quoque
664 3728 805 3781 interdurn
823 3732 1047 3784 admonitionem

120 3796 298 3839 wmcoruni,
316 3792 347 3833 ut
359 3795 434 3837 essct
444 3790 591 3856 aliquanto
606 3794 840 3861 cicumspectior.
875 3798 919 3851 Sit
935 3802 987 3851 lioc
1006 3803 1045 3852 iii-

120 3850 197 3903 ti'am.
232 3850 348 3903 Vitium
361 3864 434 3907 certe
447 3866 491 3909 est
501 3859 620 3915 tiami'rii's
626 3866 711 3925 probi
721 3876 748 3918 et
761 3866 896 3929 simplicis
908 3874 935 3919 el
945 3872 1047 3932 aperti,
1079 3898 1082 3905 ·

120 3926 146 3999 et
158 3918 252 4000 alieni
262 3920 301 3970 ab
312 3922 395 3971 oinni
402 3926 582 3981 simulatione
596 3947 630 3981 ac
640 3933 721 3994 dolo,
739 3944 768 3987 et
781 3936 844 3987 ideo
856 3936 942 3989 natta
954 3941 1044 4003 suspi-

118 3988 238 4069 cionibus
257 3988 354 4067 laeum
370 3992 564 4058 relinquentis.
607 3996 653 4048 tta
674 4002 749 4055 enim
766 4003 831 4069 fere
854 4008 1002 4069 suspicari·
1010 4010 1047 4057 de

119 4057 179 4135 iilos
200 4057 338 4109 naciones
363 4076 546 4139 consuevere,
575 4083 696 4133 quorum
714 4072 770 4133 ipsi
784 4074 839 4125 sibi
852 4082 918 4125 sarit
936 4080 1046 4129 conscii

118 4122 195 4205 llam
205 4128 283 4191 qood
292 4128 335 4207 ,σά
346 4128 482 4209 librorum
498 4133 603 4198 scripta
620 4139 655 4188 de
676 4140 801 4207 utrisque
819 4144 937 4195 attinet:
965 4145 1044 4203 licli-

117 4208 207 4257 μιηυ
221 4201 253 4243 et
261 4203 381 4275 pietatis
398 4198 559 4279 doctrinam
578 4203 625 4253 ille
642 4204 673 4254 in
690 4207 918 4262 dissimilitudine
936 4222 1045 4265 tracta-

117 4268 199 4313 tuum
218 4269 248 4314 et
262 4265 489 4347 duputatponum
503 4271 645 4324 varietate
655 4273 825 4344 dissipatam
837 4280 985 4346 niiniisquc
997 4302 1045 4341 eo·

117 4328 287 4381 baerentem
301 4333 426 4413 scilecit,
446 4343 474 4385 et
485 4350 714 4401 anagnientatani
727 4350 812 4409 unius
826 4350 911 4415 quasi
919 4354 1045 4415 eorpori's

117 4414 253 4479 camme
268 4402 419 4453 devinxit.-
436 4402 532 4471 Neque
545 4422 754 4487 superuacanea
766 4418 938 4475 edomitans,
956 4436 1045 4487 neque

117 4476 251 4520 muscas
262 4474 420 4551 napi-modii
432 4488 603 4533 necessario,
619 4482 669 4530 sed
680 4484 826 4549 qic'cquam
837 4487 925 4539 etiarn
938 4503 1044 4552 eorum,

118 4534 214 4617 qiabies
232 4540 341 4619 additis
359 4556 430 4601 opas
450 4550 523 4593 esset
540 4546 580 4595 ad
597 4550 778 4613 cognitionem
791 4552 986 4618 fructuosam,
1016 4566 1044 4609 st

117 4604 342 4685 expunctionem
348 4606 487 4677 fidelem,
502 4616 654 4665 secundum
664 4629 782 4671 sanctae
791 4620 931 4674 Ecclesiae
940 4624 1047 4677 Christi

116 4674 275 4753 msiiabcae
292 4680 322 4725 et
334 4677 512 4759 Mam
523 4698 700 4738 consensum.
735 4688 816 4742 Haec
829 4691 915 4753 ipsius
925 4694 1042 4759 diligeri-

117 4750 157 4793 tio
175 4750 264 4806 atquc
279 4742 438 4827 eloborctia
456 4749 613 4829 doctrinam
626 4754 781 4820 Religionis
800 4762 957 4822 aspiciatis
969 4780 1045 4817 nunc

116 4808 335 4895 quiquefulcit',
351 4821 380 4864 et
391 4818 592 4877 impedimento
605 4829 646 4873 est
659 4828 813 4877 multorum
826 4828 971 4882 conatibus
986 4841 1044 4883 tur·

117 4880 255 4937 bulensis,
273 4894 321 4945 qiic
332 4897 449 4965 rursum
460 4884 542 4937 illam
553 4889 738 4945 &trabenda
750 4902 777 4945 et
789 4898 998 4964 confundenda,
1015 4910 1043 4955 et

118 4955 277 4998 commento
294 4963 347 5029 sqsa
359 4956 527 5031 digerendo,
542 4972 594 5020 per
605 4959 724 5011 dissidia
736 4966 775 5014 ad
789 4968 887 5029 uulgus
898 4972 1040 5021 autorita-

117 5024 175 5065 tem
191 5024 427 5098 et'maffisleriam
438 5021 496 5072 sibi
504 5037 652 5088 quaerunt.
687 5030 764 5083 Nam
777 5037 927 5085 secundani
941 5040 1043 5089 ceteris

118 5082 223 5135 Graeci
243 5100 339 5138 uersus
357 5092 545 5142 sententiam:
568 5094 710 5149 Seditione
723 5110 803 5161 orta,
827 5102 1042 5165 improbissimis

119 5168 226 5221 qaoque
249 5160 335 5219 atque
356 5159 522 5211 deterrimis
542 5162 629 5215 iconas
648 5167 776 5221 liabetur.
822 5172 925 5225 Studia
942 5184 1040 5227 autem

118 5220 260 5275 huarmn
271 5222 436 5281 litterariam
447 5234 536 5295 atque
546 5233 654 5284 artium
666 5235 787 5289 iacentia
798 5256 832 5291 oc
848 5242 996 5307 squalida,
1013 5251 1040 5293 ct

118 5292 209 5365 srem't
220 5290 374 5359 Pisilipp.
391 5292 470 5359 blei.
488 5297 676 5367 sublevando,
700 5314 728 5357 et
746 5309 912 5373 detergendo
931 5328 1041 5379 crepor-
1070 5360 1073 5365 .

118 5360 201 5421 ecrit.
237 5358 277 5413 ln
295 5378 350 5427 qua
364 5362 421 5415 etsi
430 5365 607 5429 negotiorum
615 5371 865 5426 innumerabilium
878 5381 1038 5445 occupatio·

119 5442 165 5479 ω
179 5444 270 5495 neque
286 5431 505 5495 metationibus
535 5452 621 5489 neaoe
632 5444 826 5497 cantionibus
837 5446 927 5499 ociurn
940 5465 1039 5503 neces·
1069 5448 1072 5457 '

1176 1326 1285 1377 sai-iiim
1304 1342 1481 1379 concessere:
1504 1324 1546 1379 ld.
1553 1334 1651 1377 tarnen
1667 1325 1714 1377 ille
1728 1322 1887 1390 praestiti't,
1914 1326 1946 1372 ut
1957 1319 2101 1375 crinitos

1178 1394 1374 1461 exquireretur
1385 1396 1547 1457 studiosius,
1563 1394 1642 1444 etad
1657 1395 1730 1445 lianc
1748 1392 1793 1447 oia
1812 1388 1939 1455 aperti'or
1955 1386 2101 1455 magisque

1176 1464 1296 1529 arena,
1315 1466 1397 1530 inque
1409 1466 1573 1515 litterarum
1585 1464 1659 1515 ludi's
1670 1462 1746 1513 ratio
1761 1458 1945 1511 institutionis
1960 1458 2057 1509 mi'nue
2071 1464 2106 1513 et,

1176 1532 1273 1598 inepta
1294 1542 1365 1584 esset
1384 1541 1412 1583 et
1434 1533 1587 1585 laboriosa.
1631 1530 1773 1583 liesti'tula
1783 1527 1877 1594 facies
1895 1534 1937 1580 ccl
1974 1526 2099 1579 uaedam

1174 1602 1295 1652 lionesla
1314 1601 1478 1667 disciplinae
1497 1600 1618 1667 liberiili,
1644 1598 1831 1666 deformitatis
1850 1596 1947 1661 quibus·
1968 1612 2017 1647 arri
2033 1610 2098 1659 rna·

1175 1668 1244 1721 culis
1255 1672 1376 1720 eluendo
1387 1670 1502 1723 deletis:
1519 1679 1545 1721 et
1562 1685 1602 1719 ex
1613 1669 1700 1733 spinis
1713 1676 1798 1733 atque
1816 1665 1934 1717 salebris
1950 1663 2100 1715 barbariae
2185 1712 2190 1717 ,

1175 1745 1203 1789 et
1222 1740 1417 1803 argutiarum,
1446 1742 1476 1789 i'n
1497 1740 1619 1803 planum
1644 1746 1671 1787 et
1697 1738 1858 1801 expeditum
1885 1736 1939 1783 iter
1960 1734 2099 1793 deductae

1173 1821 1277 1870 operae
1290 1808 1487 1867 scliolaslieae,
1507 1815 1537 1857 ut
1550 1806 1681 1871 discipuli
1698 1813 1725 1856 et
1743 1803 1976 1868 coriiproliendere
1992 1799 2104 1865 aliquiil‘

1174 1876 1372 1940 intelligenda,
1398 1884 1424 1926 et
1445 1883 1552 1939 certos,
1576 1876 1694 1941 firmas,
1718 1874 1866 1935 illustres,
1884 1869 1967 1921 utilas
1983 1876 2098 1935 senten·

1173 1945 1229 1995 tias
1244 1946 1371 1996 oratione
1387 1945 1538 2008 perspicua
1557 1952 1583 1994 et
1596 1959 1655 1995 non
1670 1942 1787 1993 iiorrida
1798 1957 1886 2006 neque
1898 1939 2021 1999 absurda
2030 1950 2096 2001 pos·

1173 2018 1237 2064 sent
1254 2028 1405 2075 exponere.
1448 2012 1531 2083 Quod
1547 2012 1620 2064 illius
1639 2012 1804 2062 inclinatum
1822 2016 1848 2059 et
1868 2010 1908 2059 ad
1925 2004 2097 2059 mediocrem

1173 2080 1353 2132 altitudinem
1373 2084 1502 2133 eductum
1521 2082 1693 2147 aedificium,
1724 2096 1781 2129 nori
1803 2078 1889 2127 inodo
1907 2092 1966 2128 nort
1989 2073 2100 2125 absolui

1172 2158 1224 2201 aut
1241 2159 1355 2201 sartam
1372 2158 1476 2201 tactum
1485 2150 1633 2217 praestari
1642 2150 1755 2217 quidam
1767 2148 1899 2211 student,
1918 2146 1968 2198 secl
1982 2142 2012 2195 in
2025 2158 2093 2195 can·

1173 2220 1302 2269 vellendo
1314 2238 1348 2269 ac
1360 2222 1533 2271 destruendo
1546 2220 1678 2281 occiipari
1696 2221 1840 2281 ri'deiitur,
1860 2230 1951 2281 neque
1964 2210 2095 2277 simplici·

1174 2295 1262 2337 tatem
1285 2289 1364 2338 illam
1383 2304 1471 2353 ireque
1489 2288 1660 2353 elegantiam
1676 2288 1845 2351 probantes,
1871 2290 1899 2333 ct
1924 2286 2093 2333 rennuentes

1155 2350 1312 2409 'versutias
1328 2358 1455 2420 imperiti
1473 2358 1607 2422 rudisque
1627 2356 1734 2406 saeculi
1746 2353 1868 2418 para,
1892 2350 1977 2418 quasi
1994 2364 2092 2402 reruni

1172 2441 1226 2475 sua
1240 2425 1313 2490 i'sta,
1325 2442 1382 2475 non
1395 2428 1542 2475 uerborum
1555 2439 1638 2481 cura.
1657 2431 1683 2474 et
1696 2424 1836 2487 singulare
1851 2421 1879 2471 iri
1892 2422 1945 2471 liae
1958 2416 2092 2483 affectata

1169 2494 1351 2557 peruersitate
1374 2511 1492 2544 aciiriieii
1511 2494 1580 2543 insit
1626 2490 1703 2560 Quid
1718 2495 1791 2557 quod
1807 2491 1923 2555 quidam
1939 2494 2095 2554 praecepta

1171 2562 1278 2613 artium
1303 2580 1427 2627 quaque,
1454 2578 1575 2629 quarum
1594 2556 1841 2626 Pisilippus.b1
1843 2560 1885 2609 el.
1911 2556 2094 2625 diligentissi-

1171 2646 1236 2682 mus
1248 2630 1385 2695 Magister
1398 2633 1494 2683 extitit
1501 2670 1509 2697 ,
1536 2630 1596 2681 iani
1609 2636 1761 2694 spernunt,
1785 2636 1813 2678 et
1826 2644 1863 2677 ne
1871 2626 1967 2693 pueris
1980 2622 2091 2691 quidem

1168 2709 1243 2751 recte
1267 2708 1294 2750 et
1313 2716 1433 2763 congrae
1453 2702 1655 2764 eniendateque
1676 2694 1810 2764 loquendi
1828 2712 1863 2747 ae
1879 2690 2032 2760 scribendi,
2063 2696 2091 2741 et

1170 2770 1308 2820 sermonis
1326 2769 1430 2820 diserti
1445 2777 1530 2835 atque
1549 2766 1729 2819 consentanei
1746 2768 1889 2819 rationem
1909 2771 1996 2829 atique
2017 2764 2093 2815 iiiam

1168 2840 1293 2889 docendo
1307 2839 1506 2891 terricum-art
1522 2838 1619 2888 debere
1637 2838 1792 2899 periiibent.
1835 2832 1903 2885 Hae
1924 2832 1997 2881 enim
2015 2836 2090 2883 certe

1168 2916 1236 2958 sunt
1249 2914 1328 2958 aries
1340 2909 1523 2972 praeclarae,
1542 2913 1568 2956 et
1587 2908 1629 2956 ad
1646 2921 1758 2954 omnem
1778 2903 1934 2953 doctrinam
1955 2899 2091 2953 ercidlli'o·

1168 2992 1289 3043 nemquc
1308 2978 1484 3027 necessariae
1490 3013 1498 3040 ,
1525 2973 1734 3025 Grammaticos
1753 2989 1788 3023 oo
1805 2971 1973 3029 dialectices.
2000 2967 2089 3089 Suo·

1167 3061 1233 3096 runi
1248 3045 1448 3110 illipraecepta
1463 3042 1556 3109 nugas
1569 3042 1743 3108 ineptiusque
1753 3040 1930 3106 appellando
1950 3039 2012 3092 der'
2031 3045 2089 3099 ent,

1168 3114 1314 3165 delabente
1333 3115 1435 3164 sci‘li'eet
1454 3114 1483 3163 in
1497 3127 1544 3163 eos
1560 3113 1653 3163 nescio
1672 3113 1746 3160 unde
1765 3108 1921 3173 cognitione
1940 3105 2088 3175 si'nguloei,

1169 3191 1196 3233 et
1201 3182 1346 3249 facultate
1359 3182 1469 3232 eximia
1482 3180 1659 3246 intelligendi
1668 3180 1830 3245 dicendique
1843 3178 1872 3227 iri
1886 3188 1939 3227 ura
1951 3175 2091 3235 nicentium

1167 3254 1244 3302 idtro
1255 3253 1410 3301 inuolanle.
1448 3248 1527 3319 Quos
1539 3249 1625 3301 veluti
1635 3248 1749 3297 delicias
1758 3246 1902 3314 facientes
1915 3246 1944 3295 i'n
1957 3243 2089 3299 sordibus

1168 3328 1196 3370 et
1211 3322 1337 3371 uanitate
1354 3318 1516 3383 opinionum
1530 3334 1666 3380 siccarum,
1691 3332 1763 3381 quae
1781 3314 1912 3367 arrident
1921 3350 1929 3378 ,
1953 3333 1989 3367 ea
2009 3328 2089 3365 corri-

1165 3390 1252 3453 plecti
1263 3395 1291 3437 et
1303 3387 1494 3454 magnifacere
1507 3394 1535 3437 et
1546 3393 1633 3450 grata
1645 3384 1748 3435 liabere
1761 3385 1925 3450 patiamur:
1952 3387 2013 3437 iios
2031 3396 2088 3435 ou·

1167 3466 1225 3509 tem
1241 3473 1324 3521 uero,
1347 3466 1444 3521 recta,
1468 3456 1624 3507 laudabilia
1636 3470 1691 3520 pra
1706 3452 1782 3505 vui'd
1789 3460 1938 3517 tueamur,
1956 3466 2088 3517 praeser-

1168 3528 1220 3577 tim
1244 3542 1302 3579 non
1327 3528 1419 3577 solurn
1445 3525 1659 3592 pulcritudinem
1685 3522 1832 3582 babentia,
1860 3522 1910 3569 sed
1936 3522 2087 3574 utilitatem

1168 3610 1274 3662 quoquc
1288 3596 1477 3645 coniunctam:
1502 3592 1648 3644 Habentes
1663 3601 1759 3652 tm,
1784 3588 1932 3641 Illustriss.
1943 3589 2089 3652 Princeps,

1167 3665 1437 3717 eiaenientissirnani
1463 3662 1655 3714 excelsitatem
1680 3677 1758 3722 earn,
1790 3674 1864 3725 quae
1888 3665 1916 3709 et
1939 3660 2005 3711 velit
2025 3664 2087 3707 tota

1167 3741 1279 3796 niente,
1305 3741 1334 3783 et
1352 3732 1454 3783 viritas
1470 3731 1605 3781 diiu'iiitus
1623 3727 1736 3781 tribulis
1757 3730 1851 3778 caleat
1871 3722 2034 3792 defendere,
2060 3732 2088 3775 et

1167 3803 1247 3851 anini
1264 3800 1368 3851 iniuria
1386 3818 1419 3850 ac
1435 3800 1558 3864 periculo
1568 3799 1729 3863 probibere,
1755 3798 1896 3859 cupientes
1915 3794 2051 3861 amplecti
2068 3811 2088 3843 a

1166 3870 1336 3936 Philippa
1355 3868 1532 3921 ttetaneti.
1550 3865 1697 3931 religionis
1711 3874 1738 3917 et
1749 3865 1861 3930 pietatis
1875 3864 2087 3935 conformatam

1164 3940 1251 3992 simul
1261 3956 1294 3989 ac
1306 3938 1503 4007 confirmatam
1518 3936 1696 3996 doctrinam,
1718 3949 1829 3986 necnon
1849 3934 1989 3987 bonarum
2008 3932 2083 3985 litte-

1164 4024 1267 4059 rarum
1286 4014 1313 4057 et
1329 4008 1437 4057 artium
1455 4006 1647 4056 i'ritradaclom
1662 4011 1690 4053 et
1700 4006 1929 4054 demonstratam
1945 4002 2085 4054 rationem

1165 4094 1201 4129 aa
1214 4078 1290 4129 viam
1303 4076 1417 4141 ingredi
1432 4084 1516 4141 atque
1528 4074 1677 4141 persequi:
1698 4072 1868 4138 ll'eutiquani
1887 4088 2031 4138 passura,
2054 4077 2085 4118 ut

1165 4147 1256 4197 i'nlios
1270 4146 1470 4197 studiosissime
1485 4144 1576 4193 cultos
1590 4140 1749 4193 sanctitatis
1767 4150 1795 4193 et
1813 4140 2002 4194 nainani'iatis
2020 4139 2086 4188 lior·

1166 4224 1216 4275 tos,
1234 4222 1375 4279 tanquam
1390 4216 1457 4276 apri
1466 4218 1624 4262 vastatores
1634 4211 1822 4269 immituntur,
1836 4219 1862 4259 et
1873 4220 1986 4274 strages
1998 4209 2085 4259 edan·

1165 4290 1213 4335 tor
1225 4284 1369 4333 evellendo
1379 4284 1526 4345 praeclare
1538 4281 1662 4340 consita,
1686 4276 1868 4344 etstuctuose
1880 4287 1967 4333 enata
1981 4274 2083 4329 excin-

1164 4353 1266 4403 denda.
1306 4350 1365 4402 Nos
1385 4358 1496 4407 autem,
1520 4349 1618 4415 quibus
1635 4350 1664 4397 in
1682 4348 1732 4397 lioc
1749 4349 1885 4397 curricula
1908 4346 2085 4411 propositum

1165 4427 1207 4470 est
1223 4426 1250 4468 et
1265 4418 1361 4471 Deum
1379 4427 1527 4469 aeternum
1544 4425 1621 4467 caste
1640 4415 1788 4477 uenerari,
1812 4425 1839 4467 et
1856 4417 1978 4481 placide,
2002 4422 2085 4464 tron-

1165 4490 1264 4553 quille,
1280 4490 1424 4551 apposite.
1443 4491 1483 4537 ad
1491 4486 1631 4549 publicam
1643 4483 1809 4543 utilitatem,
1828 4496 1855 4537 et
1871 4484 2086 4537 commoditates

1160 4560 1293 4623 priuatas
1312 4556 1401 4607 uitam
1420 4559 1535 4621 degere,
1559 4556 1685 4617 precibus
1699 4551 1756 4615 piis
1773 4570 1829 4605 nori
1848 4555 2007 4606 desinimus
2026 4550 2084 4602 im-

1162 4627 1278 4689 plorare
1294 4625 1519 4676 miseiicordiam
1533 4622 1593 4675 Dei
1603 4622 1727 4679 aeterni,
1748 4634 1862 4675 orantes
1880 4625 1947 4675 totis
1963 4620 2084 4685 pectori·

1164 4697 1233 4756 bus,
1253 4700 1284 4744 ut
1292 4694 1418 4759 propitia
1431 4694 1508 4744 i’llius
1514 4691 1620 4759 fauore
1630 4700 1682 4743 lua
1693 4689 1840 4747 illustriss.
1854 4693 2020 4749 excelsitas.
2040 4696 2084 4739 to·

1164 4773 1247 4828 laque
1259 4761 1410 4815 Illuslri'ss.
1423 4766 1525 4813 domus
1540 4768 1648 4821 uestra,
1666 4762 1747 4812 saliva
1762 4762 1957 4827 incolumisque
1972 4761 2011 4809 ad
2022 4756 2084 4809 tici·-

1161 4832 1290 4895 pubiicae
1309 4839 1338 4881 el
1355 4832 1538 4897 propriarum
1551 4838 1692 4880 terrarum
1706 4830 1822 4880 tutelam
1832 4839 1917 4897 atque
1925 4828 2084 4879 custodiam

1162 4899 1279 4965 benigne
1294 4907 1488 4962 conservetur,
1516 4907 1543 4952 et
1550 4898 1691 4965 filuitate
1705 4908 1842 4962 perpetua
1858 4906 2011 4963 augemur,
2035 4904 2082 4953 ut,-

1163 4986 1215 5037 que
1233 4969 1283 5021 icoc
1301 4971 1476 5034 praesidium
1495 4969 1549 5019 toti
1565 4967 1746 5035 reipublicae,
1766 4977 1793 5020 et
1809 4966 1942 5031 inprimis
1954 4980 2022 5015 suae
2036 4962 2084 5011 ai.

1162 5037 1235 5088 sioni
1255 5040 1446 5105 potestatique
1468 5036 1598 5089 subiectis
1619 5036 1732 5100 populis
1756 5038 1931 5095 stabiliatur,
1959 5046 2083 5096 praepa·

1162 5114 1240 5157 terite
1252 5125 1341 5158 reianu
1356 5109 1444 5173 ipsius
1455 5106 1552 5157 omnus
1564 5107 1700 5165 aduersa,
1719 5106 1861 5165 nocentia,
1882 5104 1973 5155 tri'sli'st
1991 5102 2083 5165 depel-

1161 5177 1252 5240 lente,
1270 5184 1298 5227 et
1313 5176 1474 5227 canolionle
1486 5176 1627 5233 immensa
1638 5174 1809 5238 benignitate
1822 5174 1945 5225 eiusdem
1958 5174 2082 5223 aeacida

1157 5260 1312 5309 prospera,
1332 5248 1423 5296 laetas
1443 5252 1564 5311 tuaeque,
1573 5240 1727 5293 illustriss.
1741 5244 1854 5299 piatatis
1868 5249 1953 5308 alque
1969 5240 2083 5290 virtutis

1159 5315 1280 5366 consilii
1295 5317 1470 5381 actionesque
1485 5328 1599 5375 semper
1613 5320 1640 5364 et
1653 5311 1782 5365 amnibus
1797 5312 1828 5363 in
1846 5311 1930 5364 rebus
1943 5328 1977 5363 as
1991 5323 2082 5371 neeo-

1158 5383 1208 5435 cili
1216 5381 1415 5451 fortunanle.”
