4500 5782
96 274 153 333 m
261 256 297 354 ἓ.
323 260 367 335 2.
405 256 485 333 DE
516 252 806 332 SYLLOGIS
835 247 1269 329 uptsrouttttlu
1301 250 1435 331 MEL.
1459 250 1665 328 EDlTiS
1698 250 1814 329 SEC.
1840 252 1941 331 XVl.
2042 270 2129 329 ms

95 454 159 501 non
172 430 299 525 liquet.
355 430 488 503 Eri-stu
508 432 681 525 quaedam
703 430 908 499 invenimus
929 428 1088 522 quidem,
1136 426 1385 516 suppresserit,
1411 451 1502 521 quae
1517 429 1586 519 ipsi
1605 428 1812 499 viderentur
1831 427 1950 519 potins
1962 425 2011 497 in
2028 444 2129 497 com

94 534 145 603 sed
164 554 291 624 pinos.
359 534 423 605 An
445 558 551 624 porra
564 524 807 603 Camerarius
828 553 968 614 omnes,
999 553 1087 624 quas
1136 528 1282 596 modum
1314 529 1471 599 nominis
1493 525 1739 600 Melanthonis
1762 530 1907 622 eiusque
1930 528 2127 599 sinuosum

93 630 254 721 hebebit,
278 636 451 727 epistolas
474 636 641 719 ediderit,
667 658 714 702 in
737 658 821 702 vero
844 634 1015 726 quosdam
1029 654 1087 701 re-
1135 632 1280 698 urenda
1311 655 1417 724 quum
1442 632 1687 722 divulganda?
1736 633 1781 700 de
1800 654 1840 700 ea
1861 653 1899 699 re
1922 652 2127 724 quanquam

94 736 250 824 tinuerit,
282 761 334 808 an
357 739 470 809 editas
490 738 646 826 integras
666 736 838 821 ediderit,
868 758 914 804 an
936 754 1085 804 verosi
1134 730 1221 800 certi
1235 733 1322 825 quid
1338 733 1411 803 dici
1427 727 1547 819 hodie,
1568 758 1678 828 (pium
1694 728 1911 825 autographa
1925 732 1987 802 illa
2005 731 2127 803 omnis

1133 918 1359 935 h

149 1051 235 1103 unia
254 1052 295 1103 de
314 1068 362 1103 me
375 1050 450 1118 'fieri
464 1057 580 1116 possent
597 1048 782 1114 speciosiora,
811 1049 924 1102 uideam·
947 1046 1083 1129 Fartpsse

151 1120 243 1172 etima
273 1122 498 1183 perhibebuntur·
524 1124 665 1186 quaedam
696 1121 887 1169 asseverando
915 1124 1085 1196 perscripta,

152 1203 228 1253 quas
245 1192 337 1241 aliter
352 1204 414 1241 sese
427 1190 531 1239 liabere
540 1194 642 1254 postea
662 1196 835 1250 compertum
854 1188 900 1239 sit.
942 1186 980 1237 Ei
998 1186 1082 1251 aliqui

151 1254 523 1340 adamando-consensum
544 1264 675 1307 nostruin
694 1263 829 1337 arguent,
862 1258 898 1306 de
917 1255 1080 1373 impqnqlen-

152 1332 225 1446 ‘22'
235 1326 1011 1463 adsimili,utilitatum?
1020 1338 1081 1441 5:55:

151 1463 273 1525 mm,
289 1471 322 1516 st
333 1463 430 1515 studio
441 1462 647 1543 cupiditateque
663 1462 816 1543 avertendi
830 1476 947 1543 mussas
961 1458 1080 1526 infelici-

152 1533 223 1585 tatis
240 1534 402 1585 uniuersae.
444 1533 511 1585 Non
527 1540 616 1582 etiam
632 1531 702 1581 nulls
721 1531 772 1580 aaa
787 1538 839 1581 aut
851 1533 921 1580 illud
933 1531 1083 1592 carpenda,

154 1601 237 1669 aaa
245 1602 346 1653 minus
355 1599 489 1665 fortiter,
513 1605 695 1662 constanter,
718 1607 795 1650 recte
807 1598 924 1665 suetum
942 1597 1082 1649 dictumue

154 1672 307 1723 natabam.
343 1669 390 1723 De
402 1686 462 1737 qua
476 1669 561 1721 masis
572 1668 690 1718 licenter
701 1669 851 1718 exultante
866 1666 983 1718 leuitate
995 1664 1081 1734 infla·

155 1747 251 1859 nm'i'
264 1739 418 1822 nominum
430 1738 562 1859 apinin'qbne
580 1744 608 1788 et
616 1736 683 1855 37⁶⁸,
688 1742 715 1787 et
729 1735 905 1853 qupubdcqe
913 1735 1081 1854 paraui'qrsa,

194 1830 203 1855 i
267 1825 286 1858 u
395 1822 484 1857 eraso
533 1820 616 1857 uses
651 1820 794 1856 aaueno
890 1821 949 1855 aris
1029 1821 1080 1854 au·

154 1805 425 1941 wimpiciiiimiibiis
442 1875 641 1940 proueliuntur
660 1822 894 1925 miscendopsblirua
907 1880 934 1924 et
942 1822 1083 1939 parbspanas

154 1946 218 1997 ali'is
246 1944 321 1997 locis
349 1944 538 2009 compluribus
564 1943 729 2005 deploratas
759 1949 827 1993 suat
855 1958 875 1993 a
904 1959 952 1993 me
974 1942 1079 1993 iustiss.

155 2015 307 2081 querelae,
333 2014 460 2065 insensu
468 2013 664 2073 praesentium
681 2025 910 2076 aerumnarum,
939 2019 967 2061 et
979 2010 1080 2063 sollici-

155 2082 250 2134 tudine
267 2081 300 2133 ia
316 2088 464 2148 pasterum
478 2082 515 2131 de
525 2081 619 2133 salute
631 2078 810 2145 Reipublicae
829 2086 858 2130 et
873 2079 988 2141 ,mirice
1006 2095 1080 2130 com·

155 2152 264 2217 mmis,
290 2166 365 2219 quae
385 2157 429 2202 est
444 2149 553 2201 eximia
569 2150 598 2201 in
607 2148 672 2217 fide
689 2145 754 2199 Iesu
775 2146 882 2231 Cliristi
899 2146 1080 2201 consociatio.

155 2218 268 2341 llas
278 2215 1081 2356 titumaltit-‘tatidelictit?

156 2358 380 2410 machaatibnes
394 2372 452 2424 quo
470 2356 604 2417 tendant,
623 2356 778 2418 prudentes
797 2352 970 2420 intelligunt,
998 2362 1030 2404 ut
1042 2356 1082 2403 ad

155 2429 205 2478 los
215 2428 278 2477 i'iirn
298 2422 572 2491 commonefactione
590 2438 660 2489 opus
675 2437 733 2474 non
749 2423 802 2489 sit,
827 2439 892 2474 curn
912 2422 957 2476 illi
970 2424 1082 2473 utilibus

155 2502 182 2547 et
197 2494 382 2546 iahamias
401 2493 516 2545 monna
534 2506 592 2543 non
609 2493 705 2573 solarii
722 2508 781 2543 non
798 2492 943 2575 melipres,
965 2494 1017 2542 sed
1028 2494 1080 2542 de-

154 2564 269 2617 teriores
281 2578 393 2631 quoque
405 2562 584 2622 reddantur,
601 2568 629 2611 et
640 2562 734 2613 rabies
745 2576 843 2611 eorum
857 2570 998 2612 irritetur.
1021 2560 1080 2611 Ne·

155 2631 288 2697 wenrici
304 2630 392 2699 qmst
408 2632 518 2681 collats’s
535 2630 620 2695 sienis
635 2629 772 2681 dimisere
787 2646 852 2680 cum
866 2646 974 2698 quoquc
993 2629 1082 2681 ueluti

153 2700 232 2753 saise
250 2698 496 2765 magredsentem,
520 2700 636 2750 animus
654 2706 698 2750 est
717 2714 752 2748 ac
769 2698 844 2749 libet.
885 2697 922 2750 Id
938 2701 1015 2765 quod
1030 2714 1081 2750 sua

153 2768 389 2851 uudofuriose
398 2767 515 2851 spetiem
527 2766 619 2850 fiiisse
635 2766 811 2849 conqueritur
824 2765 979 2850 Gregori'ui
988 2766 1079 2819 Tlseo·

154 2839 245 2906 bcus,
262 2856 299 2891 ea
311 2838 362 2889 itte
372 2839 486 2905 quedem
500 2837 654 2903 dolentius,
674 2852 730 2904 quo
747 2850 779 2885 in
795 2836 1029 2888 altercationibus
1045 2839 1081 2889 de

154 2908 235 2960 rebus
253 2906 374 2967 ili'uinis,
399 2912 428 2956 et
445 2904 577 2956 doetiirm
594 2906 721 2957 ueritatis
741 2904 862 2970 echitis,
890 2906 945 2957 ieta
962 2906 1080 2956 uesania

108 2994 111 2999 ·
154 2976 339 3041 iripartumm
343 2973 594 3041 frequentaretur.
629 2972 877 3043 Quemadmodum
891 2982 920 3023 et
930 2988 1007 3023 nunc
1011 2974 1083 3043 fieri

153 3062 212 3097 mm
224 3044 363 3095 maxima
383 3042 500 3094 tristitia
516 3043 678 3095 animorum
696 3056 816 3092 suorum
835 3043 953 3107 pietatis
972 3050 1000 3092 et
1017 3044 1079 3095 reli·

152 3114 240 3179 timis
251 3118 391 3165 amantes
401 3118 530 3163 cernunt.
565 3111 629 3163 Non
642 3118 738 3162 autem
754 3111 880 3161 alienum
893 3111 968 3161 duxi
979 3118 1008 3161 et
1018 3127 1076 3162 uer·

152 3196 198 3233 sus
210 3178 723 3317 paraetanggqgigiaeeaseribere,
738 3178 838 3247 factos
850 3177 970 3231 Latinos
987 3181 1078 3247 quali·

153 3266 256 3319 ammte
316 3266 331 3301 e
413 3266 433 3299 a
524 3266 553 3299 m
571 3265 606 3300 a:

293 3412 296 3417 Ι
362 3412 365 3421 Ι
433 3404 439 3417 Ι
501 3346 592 3419 Atque
606 3344 687 3401 eliam
701 3345 752 3419 ipsi

232 3412 292 3475 (ιιι
304 3425 411 3475 sliucla
423 3413 528 3471 inlatis
543 3425 675 3469 errantes
690 3412 817 3471 cominus
831 3414 912 3471 simis

198 3548 201 3553 ,
229 3483 399 3543 Stantacies
416 3482 509 3540 divini
521 3494 549 3539 et
562 3484 646 3538 Zelus
659 3482 770 3541 vincula
783 3484 858 3557 rupit

232 3558 340 3613 Contra
353 3554 397 3611 iss
410 3552 601 3610 exardescens:
618 3550 749 3607 Dissoliit
762 3553 876 3607 Amoris

231 3622 409 3695 &nantum
422 3633 450 3677 et
460 3621 542 3677 siniul
557 3640 688 3682 omnem,
703 3630 729 3675 et
741 3621 852 3676 nomini
867 3620 927 3677 sola
940 3617 1060 3693 reliquit.

153 3726 196 3779 ile
205 3722 372 3790 persei'ptis
386 3737 457 3774 uero
468 3719 642 3790 affirmative
652 3721 702 3785 iis,
719 3738 793 3790 quae
805 3723 893 3774 uasta
899 3722 994 3791 fuisse
1006 3738 1076 3773 non-

152 3808 296 3861 uunquam
306 3791 497 3857 reperiretur,
521 3791 575 3841 isac
585 3791 642 3841 diei
648 3806 734 3855 pise
746 3792 897 3844 existimas
920 3792 987 3843 tion
999 3794 1075 3845 mul·

153 3860 350 3929 tiunreferre,
368 3876 427 3928 qua
433 3856 535 3925 forma
549 3859 685 3911 orationis
696 3860 804 3925 aliquid
815 3860 960 3925 efferatur.
997 3860 1075 3912 eor·
1123 3882 1128 3889 ·

151 3933 266 3995 lippias
282 3936 383 3981 autem
400 3926 659 3979 bislancbtlion
681 3927 875 3995 assuefecerat
892 3943 956 3980 sese
973 3932 1013 3980 ad
1030 3931 1075 3980 lo·
1126 3940 1128 3944 ·

151 4003 289 4067 wadum
301 3998 393 4065 plana
405 4005 433 4047 st
445 4003 653 4047 asseveranter.
687 3995 725 4047 Id
743 4000 820 4063 quod
839 3999 971 4048 seruabat
987 3999 1074 4050 etiam

149 4069 306 4133 muenia,
330 4082 396 4117 eum
408 4067 469 4129 ipse
480 4065 595 4132 quidem
607 4064 680 4115 ni'iiil
689 4064 948 4117 comminisceretur
958 4066 1072 4132 autfin-

148 4148 240 4203 caet,
279 4138 334 4188 sed
358 4142 506 4199 comperta
534 4133 668 4184 auditaue
701 4133 839 4201 referret,
869 4150 941 4202 quae
963 4137 1075 4201 quidem

149 4208 328 4271 mentionem
349 4202 485 4255 bobium
506 4215 566 4252 nan
587 4200 717 4253 inutilem
741 4203 914 4255 viderentur.
967 4204 1004 4255 iit
1022 4221 1076 4271 per

147 4276 260 4327 mnia:
345 4286 348 4291 '

247 4370 337 4427 vem
350 4370 390 4425 iii
402 4368 449 4425 ille
460 4368 577 4441 uirique,
596 4389 652 4425 oon
667 4368 764 4443 duplex
782 4380 854 4434 erat,

146 4474 221 4529 sicas
230 4472 343 4527 Hector
356 4474 393 4523 de
407 4486 439 4523 sc
455 4476 533 4537 apud
547 4472 713 4536 Euripidem
728 4472 827 4539 inquil.
865 4475 969 4525 Audiui
978 4481 1006 4525 et
1021 4476 1072 4527 occ

146 4544 300 4611 «limanda
311 4541 429 4593 aornim
442 4540 575 4593 accusari
590 4538 792 4606 Philippum
809 4539 1072 4594 Helaaclitlio-

146 4628 238 4679 siem,
262 4609 523 4681 qudfamiliars'us
535 4610 581 4660 uti
590 4610 759 4676 quibusdam
779 4611 938 4673 oiilerctur,
965 4618 994 4663 et
1013 4628 1071 4664 non

146 4684 309 4735 nemaeus
326 4677 550 4730 inimicitasillis
568 4694 629 4731 sese
646 4694 722 4742 essa,
749 4680 795 4730 vel
810 4681 997 4746 alienatione,
1028 4683 1074 4733 uei

146 4750 230 4801 ctbm
240 4746 469 4815 manuam,
490 4750 611 4813 piorum
626 4747 755 4799 rationes
766 4755 795 4797 et
806 4750 963 4800 sententiae
975 4754 1010 4800 de
1021 4767 1070 4802 re·
1126 4806 1131 4813 ,

146 4818 312 4872 sufflati
324 4832 415 4884 aspie
430 4815 484 4878 iiiii
496 4817 706 4880 proderentur,
734 4824 762 4867 et
775 4834 796 4867 a
815 4817 944 4869 ueritatis
961 4819 1071 4872 celestis

145 4904 218 4947 para
231 4886 365 4939 daem
378 4886 562 4937 crederentur
577 4886 753 4946 discrepare:
776 4886 823 4967 De
836 4886 933 4951 quibus
947 4889 1067 4938 mentio·

144 4952 1069 5088 ffl,⁴”til'il:”.t“.lttttltta.ttlltllttt

145 5110 208 5145 rum
221 5094 344 5151 utiam,
359 5099 389 5143 et
405 5091 437 5143 in
444 5090 535 5159 fictae
545 5090 663 5155 pietatis
679 5092 882 5154 ostentatione,
904 5092 1067 5144 luimanita·

146 5164 181 5213 lis
189 5176 291 5215 mass
301 5159 395 5215 emma
405 5160 576 5225 expertibus.
612 5159 648 5210 lte
665 5161 797 5211 doctrina
811 5161 888 5211 enim
905 5159 1066 5215 murana

143 5230 278 5297 praeapte
286 5230 436 5298 βψω
452 5244 520 5279 aim
537 5228 667 5279 minuas
680 5229 847 5280 mortalibus
862 5244 917 5294 pra
937 5232 1066 5296 eiciamus

143 5308 224 5362 me
236 5296 486 5363 mutuam,
504 5304 534 5349 et
551 5297 686 5359 maula
702 5298 841 5349 trademus
855 5297 1064 5366 maximorum,

146 5374 174 5419 ct
182 5368 326 5434 reliquis
335 5366 507 5435 meaque
520 5366 607 5417 laude
622 5366 847 5418 dan’ssmrum
861 5368 988 5419 uirorum
1000 5368 1064 5419 Ba-

146 5436 199 5487 silit
213 5454 248 5491 as
260 5435 410 5505 anina,
430 5434 485 5507 μ’
497 5448 681 5503 mquarpuam
696 5438 877 5488 mmordibus
891 5436 969 5488 illi'iis
980 5445 1063 5489 aeta·

1202 1044 1239 1097 tii
1253 1045 1371 1097 audate
1388 1054 1415 1097 et
1428 1046 1520 1098 metis
1537 1047 1704 1114 qiu'busdam
1723 1048 1833 1101 litteras
1843 1046 2038 1115 familiariter
2053 1045 2125 1099 seria

1198 1124 1267 1181 ptos
1284 1117 1433 1167 miserunt.
1476 1116 1573 1183 Neque
1593 1133 1638 1168 me
1650 1116 1742 1183 fugit,
1763 1118 1925 1184 detorqueri
1940 1122 2038 1169 cantm
2054 1115 2126 1167 naec

1202 1184 1344 1251 quaedam
1365 1182 1497 1235 alicunde
1517 1200 1668 1236 sacrarum
1685 1186 1848 1237 litterarum
1865 1187 1951 1237 dicta.
1998 1180 2057 1236 sea
2075 1200 2125 1235 aa·

1201 1252 1389 1303 lumniatares
1415 1252 1515 1318 ubique
1539 1255 1662 1305 uiueni'ri
1676 1256 1808 1319 student,
1838 1272 1892 1321 quo
1909 1251 2078 1320 depravatio
2094 1251 2126 1302 la

1202 1320 1253 1388 iis,
1271 1336 1344 1387 quae
1357 1322 1501 1380 hesram,
1523 1338 1644 1388 asperso
1661 1325 1752 1376 velati
1759 1322 1831 1389 fuco
1846 1324 1942 1391 aliquo
1953 1339 1988 1375 ac
1997 1322 2126 1387 pigmen·

1203 1396 1232 1440 to
1249 1388 1470 1441 reconcinnetur.
1518 1390 1594 1458 Quos
1612 1392 1736 1443 contenti
1750 1399 1778 1444 et
1797 1390 1962 1444 conscientia
1981 1392 2072 1454 borsa,
2097 1395 2127 1440 et

1201 1458 1361 1509 imitatione
1374 1458 1571 1509 excellentium
1581 1462 1686 1522 pietate
1698 1468 1726 1511 et
1737 1461 1876 1525 religione
1884 1461 2022 1520 uirorum,
2038 1460 2127 1509 eti'am

1200 1530 1240 1579 ad
1259 1527 1316 1577 ista
1337 1527 1473 1577 latrando
1491 1529 1653 1592 obstrepere
1670 1529 1814 1594 si'namus,
1850 1538 1878 1581 et
1902 1545 1961 1579 non
1987 1529 2126 1579 nicholes

1199 1597 1379 1647 sanctitatem
1393 1593 1474 1659 fidei,
1488 1597 1602 1658 plaeere
1613 1596 1677 1648 Deo
1695 1604 1812 1648 aeterno
1826 1598 1977 1649 lenitatem
1990 1613 2024 1647 ac
2036 1610 2124 1647 maa·

1200 1666 1393 1721 suetudinem,
1415 1663 1453 1714 Et
1471 1665 1617 1725 displicere
1631 1667 1783 1717 credamus
1792 1666 1943 1734 feritatem
1959 1671 2046 1732 alque
2061 1672 2124 1714 tru-

1200 1735 1327 1784 culentas
1351 1746 1455 1783 mores.
1503 1732 1589 1800 Quod
1611 1734 1724 1801 quidem
1736 1732 1903 1802 frequentes
1919 1734 2016 1787 insons
2033 1734 2064 1785 ia
2082 1733 2127 1785 iss's

1200 1801 1323 1866 epistolis
1336 1800 1542 1857 deiilurationes
1558 1804 1739 1869 querelarum
1757 1807 1794 1854 de
1808 1804 1929 1855 asneriis
1943 1800 2060 1871 publicis
2074 1806 2123 1851 at·

1200 1886 1253 1937 que
1271 1869 1392 1932 priuatis
1408 1872 1489 1931 (nam
1506 1870 1558 1920 isac
1577 1887 1685 1937 quoque
1697 1870 1750 1921 uia
1762 1871 1871 1938 effugiet
1883 1872 2124 1939 sycophantarum

1200 1942 1320 2000 mamm)
1335 1945 1363 1987 et
1374 1938 1474 1987 crebra
1487 1939 1591 1990 indicia
1603 1939 1806 2003 aegritudinis,
1823 1941 2001 1997 moesticiae,
2016 1940 2122 1990 anxie·

1198 2005 1268 2058 tatis
1274 2008 1310 2056 de
1317 2005 1495 2069 publicarum
1504 2006 1740 2073 priuatorumque
1747 2024 1846 2060 rerum
1853 2017 1947 2061 status
1964 2008 2124 2059 &numeral

1198 2075 1333 2126 auridum
1345 2075 1426 2125 miles
1438 2076 1566 2136 uulnera,
1583 2080 1736 2126 secundum
1748 2085 1875 2143 poetam.
1911 2074 1995 2145 Quod
2007 2092 2072 2127 uera
2082 2075 2125 2126 ad

1198 2145 1256 2195 mei
1267 2143 1389 2193 nominis
1399 2143 1556 2210 famaeque
1575 2145 1787 2198 celebrationem
1806 2147 1925 2197 attinet.-
1949 2143 2006 2197 Cur
2022 2146 2058 2195 de
2077 2159 2123 2194 me

1198 2214 1305 2264 borram
1316 2211 1416 2275 optimi
1429 2210 1494 2262 Viri
1504 2213 1755 2276 exsitirnati'onem,
1773 2222 1801 2265 et
1812 2216 1963 2266 laudatum
1974 2212 2123 2280 rnesuisse

1198 2283 1236 2332 ab
1252 2281 1370 2331 uuaaio
1395 2296 1453 2331 noa
1477 2283 1632 2344 gaudeam,
1663 2298 1798 2335 caussam
1821 2285 1932 2335 nullam
1956 2296 2017 2334 esse
2039 2289 2121 2347 puto.

1198 2352 1310 2402 Aurum
1324 2356 1438 2412 optant,
1456 2348 1544 2413 inquit
1554 2348 1714 2409 Pindarus,
1732 2352 1785 2403 alii
1796 2351 1926 2404 immensi
1937 2351 2027 2415 spacii
2041 2366 2121 2401 cam·

1196 2434 1266 2482 pos.-
1289 2416 1350 2480 Ego
1368 2432 1433 2467 uero
1452 2416 1552 2468 ciuibus
1568 2427 1700 2482 acceptus
1720 2428 1804 2487 atque
1825 2429 1925 2487 gratus
1941 2420 2013 2479 sim,
2034 2420 2123 2471 dones

1198 2501 1297 2552 corpus
1310 2501 1405 2535 uicum
1419 2493 1513 2535 terrae
1524 2489 1669 2539 mandem.
1705 2488 1800 2555 Neque
1817 2506 1871 2555 ega
1888 2490 1967 2556 di'liqi
1980 2487 2122 2553 cognosci-

1198 2573 1252 2623 que
1273 2554 1444 2606 sententiam
1469 2555 1654 2619 iudiciumque
1680 2559 1714 2607 de
1737 2558 1852 2621 ingenio
1875 2566 1902 2610 et
1925 2558 2026 2610 studiis
2044 2558 2123 2618 mess,

1194 2639 1312 2685 eoram,
1331 2638 1400 2689 quus
1412 2629 1524 2673 constat
1534 2624 1659 2690 iritegros
1670 2632 1697 2675 et
1706 2628 1823 2690 probos,
1842 2630 2034 2693 bonarumque
2049 2626 2123 2675 litte·

1197 2708 1299 2745 rarum
1311 2708 1345 2742 ac
1358 2692 1464 2741 artium
1473 2691 1613 2757 principes
1619 2690 1723 2757 fuisse,
1742 2710 1801 2745 non
1810 2698 1999 2761 expetendum
2012 2708 2123 2757 censeo,

1197 2779 1261 2813 cnm
1281 2760 1451 2824 praesertim
1471 2760 1546 2811 istud
1562 2763 1751 2813 testimonium
1770 2766 1840 2815 milii
1854 2764 1894 2815 sic
1910 2765 2065 2824 tribuatur,
2089 2770 2123 2815 ut

1196 2846 1280 2882 nemo
1294 2829 1394 2886 aliter,
1412 2844 1498 2893 quam
1511 2844 1570 2879 esse
1587 2830 1639 2880 lioc
1656 2832 1794 2883 sincerum
1811 2840 1897 2900 atque
1915 2848 2019 2897 graue,
2034 2831 2122 2894 suspi·

1199 2898 1261 2952 cari
1269 2898 1370 2964 possit.
1402 2896 1478 2964 Quid
1489 2898 1563 2948 enim
1575 2901 1717 2950 commodi
1726 2902 1941 2953 emolumentiue
1955 2918 1975 2952 a
1986 2899 2122 2966 mensor·

1198 2970 1268 3019 turia
1285 2973 1337 3016 aut
1353 2966 1513 3016 conditione
1528 2969 1644 3029 sperari
1660 2969 1774 3032 potuit?
1799 2978 1916 3036 propter
1934 2972 2009 3037 quod
2026 2982 2122 3021 asser»

1198 3038 1287 3088 tanda
1308 3036 1518 3099 adulandoquc,
1534 3036 1573 3085 de
1590 3053 1649 3092 me,
1667 3045 1769 3089 contra
1786 3039 1881 3089 animi
1895 3038 2068 3089 sententiam
2083 3038 2121 3089 ab

1198 3107 1271 3165 ullo,
1299 3106 1403 3154 nedum
1421 3120 1441 3152 a
1460 3101 1630 3167 Philippo
1648 3102 1946 3167 Melanclitlsone,
1972 3106 2121 3172 praediea·

1197 3185 1275 3226 retur
1288 3171 1396 3238 aliquid
1410 3171 1594 3234 splendidius.
1629 3172 1691 3225 Hoc
1708 3190 1778 3226 sane
1796 3190 1856 3225 non
1872 3176 2049 3240 negauerim:
2066 3173 2124 3225 Vel

1196 3242 1324 3293 naturali
1337 3241 1462 3305 quadam
1480 3241 1620 3302 bonitate,
1641 3244 1687 3293 url
1699 3243 1853 3295 uoluntatis
1864 3260 1933 3309 erga
1943 3260 1990 3295 me
1999 3259 2121 3309 propen-

1197 3314 1289 3370 sione,
1312 3310 1357 3359 uel
1371 3324 1455 3359 sensa
1471 3308 1656 3361 humanitatis
1667 3312 1817 3375 sagunti,
1838 3312 1932 3365 corius
1948 3311 2120 3364 aestimasse

1198 3397 1260 3431 eum
1272 3378 1303 3428 in
1318 3393 1366 3428 me
1379 3378 1530 3438 ominulla,
1547 3379 1766 3447 quarnsortasse
1778 3389 1973 3443 mererentur,
1988 3390 2016 3433 et
2025 3381 2120 3447 pluris

1189 3448 1308 3517 secisse,
1329 3462 1415 3513 quam
1425 3443 1497 3512 ficri
1510 3462 1611 3498 seuera
1629 3448 1851 3501 consideratione
1867 3451 2018 3512 deberent,
2040 3465 2119 3501 surn-

1196 3532 1299 3584 moque
1316 3530 1386 3577 erga
1399 3531 1447 3565 mc
1466 3516 1565 3566 amori
1577 3515 1772 3581 indulgentem
1791 3520 1885 3585 (quern
1899 3534 1966 3583 erga
1977 3521 2041 3571 illos
2052 3534 2121 3586 quos

1195 3585 1401 3650 conplectitur,
1425 3599 1538 3636 coecum
1559 3600 1619 3636 esse
1636 3586 1728 3637 solere
1740 3584 1824 3638 Plato
1840 3586 1963 3653 scripsit)
1978 3604 2037 3639 non
2056 3595 2120 3639 tam

1196 3654 1335 3721 exquisite
1355 3667 1469 3714 uerum,
1498 3669 1584 3719 quam
1605 3653 1766 3716 opim'oriern
1783 3655 1927 3707 interdum
1944 3672 2027 3709 suam
2046 3672 2118 3708 aar·

1196 3738 1285 3775 rasse.
1322 3720 1408 3790 Quod
1424 3721 1581 3772 cuiusmodi
1589 3723 1627 3774 sit
1641 3725 1871 3787 expendendum,
1888 3732 1916 3775 el
1930 3726 1982 3775 liac
1993 3725 2024 3776 ia
2033 3732 2121 3791 parte

1195 3806 1348 3842 censuram
1357 3792 1493 3854 permitto
1505 3791 1577 3851 adis,
1595 3797 1623 3843 et
1634 3792 1665 3841 ia
1676 3792 1846 3856 cogitatione
1857 3794 1895 3843 de
1902 3794 2123 3855 beneuolentiae,

1194 3860 1394 3919 numanitatis,
1413 3859 1522 3909 amaris
1538 3874 1608 3924 erga
1624 3876 1668 3910 me
1683 3858 1850 3925 Potitppt
1865 3861 2119 3915 Mctanctiino-

1194 3930 1248 3980 nis
1266 3926 1484 3994 significatione,
1493 3926 1583 3994 facile
1600 3936 1630 3979 et
1644 3929 1762 3980 libenter
1773 3929 1924 3996 acquiesco.
1958 3932 2035 3984 Nam
2048 3932 2121 3983 mibi

1193 4000 1228 4049 de
1240 4012 1285 4047 me
1299 3998 1357 4059 ipso
1373 3997 1427 4047 lioc
1443 3995 1472 4045 ia
1490 3996 1588 4046 animo
1601 4004 1660 4047 est:
1682 3995 1811 4066 Quorum
1824 4006 1899 4050 tecta
1912 4010 1979 4052 sunt
1991 4008 2117 4064 peccata.

1195 4064 1265 4118 Cum
1282 4072 1379 4115 autem
1395 4064 1601 4116 subiectissime
1619 4068 1855 4128 consideratione,
1870 4070 2009 4132 peculiari
2024 4071 2119 4122 studi'o

1195 4133 1281 4201 quasi
1292 4133 1489 4191 dedicationis.
1510 4134 1613 4183 isaram
1627 4135 1810 4199 epistolarum
1821 4138 1925 4187 librum
1937 4144 2018 4195 tuae,
2041 4135 2117 4190 lttu-

1194 4203 1333 4255 strtssiine
1344 4200 1477 4265 Princeps
1489 4203 1632 4265 Auguste,
1648 4204 1764 4254 inclitae
1782 4204 1944 4257 excelsitati
1955 4206 2118 4271 putaverim

1194 4286 1253 4324 esse
1264 4273 1451 4322 sortiendum:
1467 4270 1513 4323 Dc
1526 4270 1689 4336 Philippo
1709 4274 1818 4340 qui‘dem
1836 4272 2119 4327 Melanalstlione

1194 4349 1274 4391 tuam
1290 4337 1520 4391 illustrissimam
1537 4340 1669 4391 uirtutem
1688 4348 1716 4391 et
1733 4341 1907 4408 aequitatem
1923 4346 1960 4394 do
1979 4344 2118 4407 cognitri·

1193 4425 1267 4464 cem,
1291 4409 1328 4458 de
1347 4424 1394 4458 nie
1401 4409 1470 4474 sero
1484 4409 1610 4460 iudicem.
1651 4412 1798 4462 Aduersus
1811 4413 1887 4462 enim
1908 4413 2118 4465 malevolorian

1193 4476 1318 4529 omniurn
1338 4476 1565 4527 criminationem
1578 4478 1629 4527 abs
1642 4484 1669 4528 te
1683 4480 1732 4529 ille
1745 4479 1849 4531 absens
1857 4482 2005 4546 praeclare
2016 4481 2117 4549 defen·

1192 4550 1289 4606 detur,
1306 4548 1383 4610 apud
1399 4559 1513 4605 amnes,
1532 4546 1632 4612 quide
1650 4547 1711 4611 ipsa
1727 4550 1896 4599 sententiam
1911 4549 2003 4602 ili'eere
2015 4553 2117 4603 debent
2221 4602 2224 4607 .

1191 4622 1219 4667 et
1231 4621 1360 4674 possunt.
1396 4612 1467 4665 dirisi
1475 4622 1587 4671 autem,
1606 4616 1734 4683 quicquid
1748 4623 1800 4667 tua
1811 4615 1959 4670 Illustrsss.
1972 4622 2115 4671 claemen·

1189 4683 1231 4733 tia
1242 4681 1399 4733 &acuerit
1411 4685 1446 4733 dc
1456 4681 1599 4749 i'stafacto
1613 4700 1677 4735 mea
1688 4691 1715 4735 et
1727 4686 1793 4737 aliis
1804 4686 1945 4746 amnibus,
1962 4688 2115 4741 iustissime

1184 4752 1418 4818 pronunciatum,
1435 4766 1475 4801 ex
1491 4751 1591 4802 anima
1605 4752 1752 4806 vi'iteditur.
1785 4753 1980 4818 Exploratum
1999 4758 2116 4809 enimet

1186 4829 1285 4871 aotam
1296 4820 1386 4870 babeo
1397 4818 1612 4873 illustrissimae
1625 4823 1810 4873 claementiae
1824 4840 1892 4889 erga
1906 4822 2074 4891 Plsilippu
2083 4842 2113 4876 m

1186 4887 1351 4939 Melanch
1359 4890 1503 4940 tironem
1520 4891 1739 4942 tuoesiaseram
1749 4899 1983 4960 constantemque
1992 4894 2114 4960 affectio·

1187 4974 1268 5009 nemi
1290 4954 1327 5008 Et
1342 4956 1472 5025 quioquid
1483 4956 1633 5010 [dustriss.
1645 4960 1793 5011 excelsitas
1802 4968 1856 5011 tua
1866 4962 2013 5022 statuerit,
2032 4963 2113 5024 illud,

1187 5035 1220 5077 ut
1233 5024 1535 5093 ueritatesumtatum,
1552 5026 1584 5078 in
1595 5042 1712 5079 omnem
1718 5037 1851 5091 partein,
1865 5031 1930 5081 siae
1943 5030 2030 5083 ulli'iis
2043 5036 2114 5083 alte·

1185 5097 1246 5146 rius
1256 5096 1461 5159 appellatione,
1477 5098 1685 5157 comprobando
1696 5098 1866 5161 madar.
1899 5096 1977 5149 iiam
1995 5100 2026 5151 id
2040 5118 2110 5167 pra-

1184 5164 1363 5216 nunciabitur
1385 5174 1461 5215 certe
1481 5161 1832 5227 luumssuiitittasti
1855 5173 1922 5219 tuae
1944 5167 2114 5238 incorr-apio

1184 5232 1341 5293 sententia,
1363 5238 1440 5299 quod
1450 5248 1537 5283 nemo
1548 5232 1829 5305 bonvm·
1850 5250 1944 5303 mque
1961 5236 2112 5305 (queamd-

1183 5304 1300 5353 modum
1312 5301 1380 5353 olim
1391 5300 1583 5369 iocutifusrs)
1956 5310 2003 5359 sit.
2029 5307 2110 5360 Pni-

1181 5372 1320 5435 lippum
1347 5370 1463 5423 omnum
1485 5368 1558 5424 llil
1842 5390 1850 5411 ·-
1896 5382 2016 5443 propter
2040 5394 2108 5443 per-

1182 5447 1308 5506 spectam
1316 5438 1623 5505 proli'satemrssffl
1636 5432 1650 5448 ⁶
1861 5436 2109 5503 ’humidustriss
