4500 5782
980 170 1447 302 causamme.
1696 238 1701 249 ··
1835 298 1841 306 ,
1980 238 1985 247 ’
2175 251 2232 309 m

245 389 291 461 oc'
311 386 427 460 delere
449 390 490 460 in
513 391 739 472 universum,
772 385 882 463 baud
899 390 1045 463 obscure
1067 394 1192 466 conati
1228 450 1231 455 Α

239 491 398 592 suerint.
450 486 567 564 Cuius
590 496 644 562 rei
663 492 722 563 vel
741 519 854 563 unum
877 489 945 565 boc
960 493 1187 595 Exemplum

246 595 560 671 coenmemorabo.''
770 616 779 651 r
958 682 961 687 ,
1049 596 1056 609 ’
1142 608 1147 617 ’

262 764 265 770 .
294 708 317 780 ,',
326 694 354 766 I
353 694 599 773 ntelleaerunt
615 694 741 797 aliqui
753 722 799 768 ex
813 694 1017 794 κακοήθων
1033 700 1187 769 istorum

244 824 411 886 numero,
430 800 477 897 in
496 802 615 880 vasis,
643 801 681 870 in
702 799 836 899 ouibus
851 800 1045 898 suppellex
1066 800 1186 872 libra-

189 974 195 989 Ι
223 900 302 1001 Ι,τεέτ
318 898 377 972 M.
402 899 701 1004 Wolsgaagi
719 898 897 974 Crellii
917 914 1014 986 erat,
1047 901 1185 975 medio-

243 1022 334 1074 crem
352 1029 516 1074 acervum
534 1005 665 1089 latere,
693 1033 770 1075 cam
789 1004 1049 1103 Epistolarum
1068 994 1184 1076 Phi-

243 1103 366 1203 lippi
379 1102 437 1175 M
440 1101 628 1179 elanctb
640 1134 690 1175 on
700 1108 758 1190 is,
786 1120 861 1178 tum
875 1104 1092 1178 iudiciorum
1107 1109 1184 1179 cias

188 1275 196 1289 ,
243 1203 285 1276 de
304 1206 437 1281 Variis
454 1209 716 1280 controversiis.
759 1206 937 1309 Qccaesito
954 1234 1039 1304 ergo
1057 1210 1184 1281 vernis-

241 1310 336 1381 simo
353 1321 566 1409 praetextu,
596 1337 668 1381 non
690 1310 898 1410 pccieverunt
918 1312 1044 1409 prius,
1071 1339 1183 1412 quom

179 1474 183 1480 .
246 1408 290 1483 V
284 1410 363 1483 osis
378 1413 455 1483 iarn
478 1412 549 1487 W
545 1413 704 1509 iteberga
729 1411 927 1486 avehendis
950 1414 1099 1486 reclusis
1123 1424 1183 1484 at-

165 1502 180 1514 ’
240 1539 309 1612 que
328 1506 485 1613 opertis,
507 1513 684 1615 pleraque
698 1543 809 1615 prope
826 1528 965 1615 parata
983 1514 1039 1587 ad
1051 1515 1183 1588 editio-

240 1641 338 1698 nem,
361 1643 432 1715 pro
450 1617 558 1690 libitu
582 1645 650 1690 suo
665 1620 882 1702 eximerent,
907 1619 1050 1718 sibique
1070 1645 1182 1690 reser-

240 1722 393 1809 voranti*

199 1894 202 1903 ,
289 1819 447 1905 „Erant
464 1834 584 1895 autem
602 1821 722 1895 multo
744 1849 792 1896 ec
814 1818 875 1894 bis
898 1820 1112 1922 deprompta
1135 1848 1181 1895 ea:

234 1920 501 2007 Bibliotheca,
528 1951 606 1997 cum
634 1925 813 2013 aliorum,
839 1936 915 1996 turn
939 1925 996 2005 vel
1017 1925 1180 1996 maxime

237 2023 520 2107 altercandi,
546 2040 578 2100 et
600 2026 788 2113 doctrina,
814 2053 858 2098 ac
884 2027 1017 2122 pietate
1041 2027 1179 2099 eximia

233 2130 462 2226 praestantis
500 2129 676 2202 Doctoris
712 2129 914 2201 Henrici
953 2125 1012 2199 M
1015 2128 1179 2213 ollcri,

236 2228 396 2326 collegae
426 2233 499 2302 mei
529 2233 674 2315 veteris,
713 2233 816 2304 cuius
844 2242 1013 2302 recentem
1040 2231 1177 2303 obitum

234 2329 407 2403 Ecclesia
422 2328 680 2406 Christianae
695 2336 824 2405 merito
840 2332 968 2428 luget.''

283 2434 387 2516 „Hic
403 2437 515 2517 enim,
543 2450 581 2509 ut
598 2435 791 2509 domestico
805 2436 966 2509 convictu
988 2436 1089 2508 ultro
1108 2461 1179 2507 an-

183 2561 187 2568 ·
234 2552 304 2606 nos
329 2526 444 2608 decem
466 2538 721 2638 familiariter
746 2538 800 2609 D.
828 2535 1060 2637 Philippo
1092 2565 1177 2609 con-

182 2664 188 2671 ’
233 2637 534 2738 iunctussuerat,
560 2642 612 2713 sic
637 2642 847 2737 insigniora
868 2637 1060 2740 pleraque,
1083 2666 1178 2739 qaae

232 2748 310 2810 tota
327 2736 395 2813 bo'c
418 2743 590 2841 temporis
609 2744 737 2841 spacio
758 2771 783 2814 a
799 2740 1034 2840 Praeceptore
1050 2743 1177 2842 priva-

231 2840 298 2911 tim
312 2844 451 2941 scripta
467 2856 590 2929 erant,
608 2872 723 2916 mana
737 2873 808 2918 suu
825 2843 1072 2917 voluminibus
1084 2842 1177 2915 duo-

181 2955 185 2964 '
231 2942 299 3015 bus
317 2944 528 3044 complexus
550 2959 638 3019 erat.
689 2945 856 3044 Quorum
878 2947 1061 3018 iacturam
1082 2947 1174 3016 irre-

226 3047 474 3144 cuperabilem
489 3049 641 3120 memini
652 3049 761 3121 illum
775 3075 882 3148 saepe
895 3047 1119 3148 multumque
1133 3051 1173 3118 in

203 3236 206 3241 .
234 3147 352 3220 literis
375 3150 432 3220 nd
444 3177 499 3220 me
520 3151 666 3251 scriptis
690 3150 898 3251 deplorare,
923 3160 955 3220 et
972 3148 1172 3221 audaciam

232 3274 277 3320 ac
289 3252 509 3345 proterviam
527 3260 604 3327 τῶν
621 3251 974 3352 φιλιττηομαστίγων
991 3250 1174 3338 detestari,

231 3352 299 3451 qui
316 3364 442 3424 contra
463 3357 522 3428 ias
543 3366 574 3427 et
591 3356 685 3456 sas,
711 3356 900 3426 absentum
923 3355 1063 3426 scrinia
1086 3379 1173 3453 spo-

232 3451 342 3541 liare,
369 3466 400 3525 et
415 3456 547 3556 fructu
569 3457 739 3528 laborum
754 3483 905 3530 suorum
922 3457 1068 3551 privare
1084 3479 1174 3526 exu-

181 3582 185 3589 ·
232 3552 302 3638 les,
328 3567 361 3627 et
375 3557 545 3655 publicae
568 3559 728 3630 utilitati
742 3561 924 3657 surripere
939 3568 1172 3629 monumenta

233 3656 345 3729 utilia
361 3660 467 3731 veriti
482 3687 555 3732 non
564 3661 759 3761 fuissent.”

282 3755 430 3842 „Cuius
446 3787 511 3858 ego
527 3763 688 3836 iniuriae
702 3765 930 3836 atrocitatem
948 3786 1173 3858 exaggerare

232 3888 328 3959 nunc
344 3887 417 3933 non
432 3865 622 3948 constitui,
648 3893 691 3937 ne
707 3865 832 3938 dolori
844 3882 937 3945 meo,
957 3891 1171 3963 ‹pecancpuam

199 4011 206 4030 .
230 3964 453 4048 iustissimo,
479 3966 671 4063 indulgere
688 3966 834 4050 videar,
855 3967 1071 4064 praesertim
1079 3970 1172 4066 fato

165 4134 167 4139 .
230 4065 449 4165 iampridem
465 4069 627 4154 sublatis
639 4069 732 4155 illis,
752 4070 820 4170 qui
832 4068 992 4139 iniuriae
1009 4069 1086 4139 eius
1101 4094 1171 4138 au-

231 4165 546 4271 tboressuerunt.”

182 4283 185 4289 ’
216 4342 219 4347 .
282 4269 390 4354 ..Nee
411 4298 507 4357 vero,
541 4299 613 4373 quo
634 4268 802 4344 tbesouri
824 4272 888 4344 illi
910 4271 1079 4357 librarii,
1106 4296 1172 4369 per

227 4372 400 4471 plagium
423 4375 551 4473 erepti,
574 4376 820 4473 pervenerint,
853 4384 919 4445 acet
942 4370 1038 4473 quid
1058 4369 1101 4442 dc
1123 4373 1170 4444 iis

181 4486 184 4491 '
255 4485 350 4546 ctum
363 4478 412 4548 sit
427 4502 473 4548 ex
486 4486 537 4550 tot
551 4502 734 4550 annorum
751 4474 966 4557 intervallo,
988 4475 1170 4547 resciscere

250 4641 284 4685 ὃ,
332 4606 393 4648 am
405 4581 603 4678 potuimus.
655 4576 733 4649 Sed
746 4576 803 4649 vel
816 4578 967 4648 amissis
985 4575 1077 4660 illis,
1103 4576 1168 4660 vel,

273 4725 317 4791 m·
361 4690 366 4700 '
500 4691 639 4764 ersunt,
675 4682 808 4752 iniuste
829 4680 1012 4778 occupatis
1033 4677 1083 4749 ab
1108 4679 1168 4761 iis,

248 4742 273 4813 (Ι
338 4759 356 4797 ⁰
393 4752 433 4809 ‘¹¹
453 4771 495 4818 ⁶⁰
543 4784 600 4869 ,in
625 4783 794 4882 praesepi
811 4780 982 4880 publicae
1010 4779 1171 4852 utilitati

241 4839 501 4995 J‘Ws‘qm‘
527 4884 690 4986 '‘¹tquiees
706 4881 891 4985 preasdom
906 4881 1166 4983 Epistularum

310 4934 514 5025 ademarum

238 5048 257 5074 .·
286 5050 372 5109 ,m
440 5049 484 5118 b.
537 5051 540 5057 .
587 4982 993 5062 elanctboniorum
1021 5008 1166 5086 conser-

139 5050 350 5169 *³⁴*
362 5068 452 5211 hug
464 5078 501 5163 'l'
509 5086 758 5189 Rbapsodiae
776 5088 867 5165 Viri
887 5083 1087 5160 venerandi
1102 5082 1166 5158 M.

231 5142 352 5217 Abra
386 5168 492 5311 bairi
524 5188 815 5265 Bucbolceri
849 5193 935 5290 piae
961 5187 1164 5269 memoriae.

229 5248 337 5349 Quas
359 5269 383 5314 a
428 5272 467 5366 bo
487 5292 614 5367 adbuc
633 5293 840 5393 superstite,
875 5316 1051 5365 unacum
1072 5288 1164 5363 aliis

230 5348 340 5427 mm
362 5339 560 5470 ‘barcaeus
580 5408 718 5487 emeras,
732 5394 807 5471 Vir
823 5391 983 5467 et-Poeta
1006 5394 1164 5493 optimus
1187 5451 1192 5467 ·

1290 392 1354 467 M.
1373 395 1402 466 I
1407 395 1648 471 oacbimus
1667 396 1726 469 M
1728 411 1954 495 eysterus‚
1986 402 2056 500 qui
2074 400 2233 475 admu-

1290 524 1361 567 nus
1388 495 1557 571 Rectoris
1587 501 1628 570 in
1658 497 1837 574 Sebatum
1866 499 2100 575 Bre'caensern
2133 500 2232 577 Gor-

1290 597 1404 674 licio
1434 613 1600 685 vocatus,
1632 628 1750 674 secum
1774 629 1837 674 eos
1860 602 1916 675 ad
1934 631 2001 675 nos
2026 603 2174 689 attulit,
2200 619 2233 678 et

1286 699 1502 800 sicquidem
1519 703 1647 775 attulit
1666 716 1703 775 ut
1719 732 1797 776 cum
1815 704 2065 801 inspiciendos
2084 732 2128 778 ac
2146 733 2232 806 per·

1275 799 1510 896 ‚lustrandas
1540 802 1638 876 mibi
1667 806 1767 878 ultro
1795 805 1957 913 offerret,
1999 835 2107 908 saepe
2135 804 2236 879 mebi

1288 899 1458 977 hortator
1469 909 1611 1008 suerit,
1638 919 1676 978 ut
1698 935 1791 1008 quoe
1813 910 1969 982 editione
1989 906 2107 1005 digna
2130 909 2232 1007 pide-

1240 1036 1248 1047 ’
1289 1019 1428 1091 rentur,
1455 1008 1646 1105 deligerem
1664 1021 1774 1109 atcpuc
1789 1011 1828 1081 in
1844 1009 2008 1083 ordinem
2023 1018 2158 1083 certum
2175 1039 2231 1085 re·

1287 1104 1396 1179 docta
1411 1111 1554 1206 publici
1567 1113 1661 1181 iuris
1669 1113 1863 1213 facerem.”

1338 1216 1405 1295 „d
1425 1240 1498 1312 spuo
1521 1213 1690 1284 instituto
1711 1240 1790 1284 cum
1815 1243 1888 1286 non
1913 1211 2165 1301 abhorrerem,
2198 1229 2229 1291 et

1282 1310 1396 1410 plura
1426 1327 1568 1399 tamen,
1607 1342 1718 1415 eaque
1748 1318 1979 1388 accuratiora
2015 1344 2062 1389 rec
2076 1317 2229 1389 uirerem

1286 1440 1434 1516 eamque
1458 1418 1503 1489 ob
1528 1443 1678 1488 causam
1701 1419 1740 1488 in
1756 1417 1870 1490 aliud
1885 1431 2024 1519 tempus
2046 1345 2146 1490 bunc
2167 1420 2228 1493 lu·

1286 1517 1405 1589 barem
1437 1520 1629 1592 reiicerem:
1668 1515 1883 1619 Opportune
1915 1519 2068 1604 accidit,
2108 1533 2147 1593 ut
2174 1525 2229 1593 vir

1286 1619 1518 1693 clarissimus
1544 1619 1626 1692 Da.
1652 1620 1680 1691 I
1686 1623 1858 1695 arabus
1888 1621 1948 1695 M
1951 1623 2146 1695 onavius
2184 1623 2227 1697 de

1284 1723 1454 1794 instituto
1477 1719 1545 1794 boc
1567 1723 1696 1794 certior
1719 1752 1744 1793 a
1765 1752 1820 1794 me
1833 1727 1983 1826 sactus,
2023 1751 2061 1795 se
2085 1752 2226 1825 quoque

1282 1822 1509 1919 significaret
1538 1823 1736 1923 Epistolas
1768 1822 2141 1899 Melanctbonis
2177 1828 2226 1899 ab

1282 1927 1413 1997 amicis
1433 1923 1521 1997 binc
1537 1927 1621 1997 inde
1637 1954 1662 1995 a
1680 1927 1808 1999 multis
1824 1921 1937 2000 annis
1955 1928 2226 2027 conquisivisse,

1280 2038 1313 2098 ct
1339 2039 1519 2128 tanquam
1546 2027 1698 2100 tabulas
1712 2030 1865 2129 fractae
1887 2030 1995 2101 navis
2020 2029 2226 2126 collegisse:

1280 2128 1416 2228 anue
1431 2130 1470 2200 ia
1488 2157 1523 2201 re
1540 2157 1651 2230 neque
1666 2130 1792 2209 labori
1807 2158 1919 2231 neque
1931 2134 2098 2230 sumptui
2111 2158 2151 2205 se
2161 2158 2225 2231 pe-

1277 2233 1450 2330 percisse,
1471 2244 1501 2303 ct
1516 2233 1555 2301 in
1570 2231 1835 2317 obtinendam,
1860 2232 1963 2333 quod
1966 2234 2133 2333 ferventi
2144 2246 2225 2305 stu·

1279 2330 1341 2405 dio
1354 2336 1581 2432 propositum
1601 2333 1679 2406 sibi
1695 2331 1886 2419 babuerit,
1910 2331 2020 2406 baud
2040 2335 2224 2435 infelicem

1280 2461 1426 2533 operam
1449 2438 1636 2508 navassc.'’

1330 2535 1421 2619 „Dc
1448 2535 1604 2610 editione
1631 2562 1716 2634 ergo
1739 2536 2001 2636 Epistularum
2029 2534 2090 2608 M
2091 2537 2165 2611 ela
2175 2566 2222 2610 n·

1278 2634 1575 2711 ethoniarum
1612 2665 1691 2709 cum
1722 2639 1817 2710 inter
1852 2667 1918 2711 nos
1947 2638 2224 2730 deliberaretur,

1277 2740 1467 2813 intervenit
1491 2742 1723 2840 optatissima
1744 2738 1921 2813 Doctoris
1944 2737 2004 2813 Pe
2015 2744 2146 2813 uceri
2173 2743 2223 2815 li-

1277 2842 1429 2915 beratio.
1479 2840 1559 2941 Qui
1574 2870 1653 2913 cum
1670 2843 1759 2913 boni
1773 2845 1907 2916 ominis
1923 2842 2007 2921 locoj
2019 2845 2223 2943 accepisset,

1279 2944 1457 3046 reliquias
1471 2941 2221 3044 istastilippicorumEpistola·

1279 3074 1372 3117 rum
1399 3073 1473 3117 non
1491 3072 1644 3146 prorsus
1662 3046 1861 3118 interiissc:
1887 3042 2025 3119 Coram
2038 3046 2093 3118 D.
2113 3047 2175 3120 M
2177 3077 2222 3122 o·

1277 3149 1414 3219 navio
1438 3147 1611 3231 ostendit,
1643 3175 1717 3220 non
1741 3146 1936 3222 abhorrere
1958 3175 1995 3219 se
2017 3176 2043 3219 a
2066 3150 2223 3222 consilio

1276 3247 1448 3322 editionis
1462 3250 1648 3320 illorurrr.''

1327 3351 1499 3437 „Verum
1516 3348 1606 3423 baec
1623 3377 1703 3422 cum
1725 3349 1867 3421 diutius
1883 3363 1963 3423 voto
1977 3377 2021 3424 ac
2039 3348 2222 3427 desiderio

1276 3465 1401 3525 nostro
1415 3448 1625 3558 differretur
1635 3463 1782 3551 propter
1792 3451 1981 3548 graviores
1996 3452 2104 3527 illius
2119 3482 2221 3529 occu·

1272 3555 1458 3653 potiones.-
1488 3551 1659 3655 mihique
1690 3554 1739 3623 ab
1770 3553 1998 3627 adversariis
2030 3554 2220 3632 Ecclesiae

1274 3654 1485 3729 Bremensis
1502 3681 1615 3727 causa
1631 3651 1827 3774 afferretur
1837 3656 2072 3756 peculiariter
2090 3656 2222 3732 edendi

1274 3757 1474 3856 Epistolas
1494 3757 1547 3829 D.
1570 3754 1791 3858 Philippi
1819 3756 1876 3829 ad
1895 3756 1949 3829 D.
1976 3756 2218 3833 Albertum

1274 3859 1699 3954 Hardenbergium,
1749 3886 1907 3958 quarum
1941 3860 2137 3960 pleraeque
2166 3862 2220 3934 ad

1274 3963 1457 4058 negotium
1476 3958 1779 4033 Eucharisticum
1805 3988 1866 4032 seu
1882 3960 2114 4061 Dipniacum
2136 3990 2217 4063 spe-

1273 4077 1369 4137 ctare
1386 4063 1621 4136 videbantur:
1646 4063 1708 4133 Eo
1725 4062 1898 4135 libentius
1914 4061 2048 4135 saltem
2062 4064 2112 4137 iis
2125 4065 2217 4164 ipsis

1273 4166 1460 4265 Epistotis
1486 4164 1633 4237 edendis
1656 4192 1807 4235 manum
1834 4163 2000 4248 admovi,
2028 4177 2067 4237 ut
2090 4164 2218 4239 calcar

1273 4265 1483 4341 adhiberem
1502 4267 1546 4340 V
1541 4262 1763 4338 iroCloriss.
1777 4266 1829 4337 D.
1845 4264 2043 4338 Peucero
2064 4266 2124 4338 ad
2132 4296 2217 4339 ma·

1273 4367 1475 4442 turandorn
1501 4366 1693 4439 editionem
1716 4368 1808 4439 iusti
1827 4367 1989 4439 alicuius
2015 4367 2217 4442 voluminis

1271 4471 1490 4571 Epistoliei:
1510 4470 1682 4569 Eamque
1699 4481 1737 4540 ut
1748 4496 1815 4564 per
1830 4496 1878 4556 sc,
1903 4467 1959 4540 vel
1971 4466 2070 4540 aleos
2086 4496 2216 4542 curare

1271 4575 1499 4670 dignaretur,
1528 4573 1703 4674 privatim
1722 4597 1766 4642 oc
1781 4571 1924 4670 publice
1938 4571 1988 4642 ab
2004 4597 2043 4641 eo
2052 4572 2175 4669 pecit'·

1321 4675 1394 4759 „Is
1423 4674 1540 4769 igitur
1561 4687 1595 4746 et
1611 4685 1758 4773 propter
1778 4670 1966 4771 publicum
1990 4671 2150 4758 bonum,
2182 4686 2215 4745 et

1267 4790 1413 4879 propter
1431 4776 1662 4872 singularem
1687 4801 1732 4846 ac
1748 4785 1960 4874 perpetuam
1983 4775 2103 4872 ipsius
2124 4799 2215 4873 ergo

1269 4907 1324 4951 me
1339 4878 1634 4962 benevolentiam,
1656 4902 1800 4950 summa
1818 4903 1897 4948 curn
1916 4874 2103 4948 voluntate
2116 4872 2219 4949 mibi

1265 4994 1477 5083 potestatem
1492 4981 1585 5082 fecit
1603 4977 1789 5051 curandae
1810 4976 2009 5087 editionis,
2024 4980 2112 5049 et'ut
2131 5004 2213 5051 eam

1260 5087 1387 5184 primo
1412 5108 1552 5185 quoque
1579 5093 1733 5180 tempore
1759 5082 2001 5163 instituerem,
2036 5080 2135 5151 serio
2156 5108 2214 5154 τηε

1266 5188 1407 5260 monuit
1437 5197 1546 5287 atque
1579 5182 1751 5256 hortatus
1782 5195 1843 5255 est.
1878 5168 1882 5175 ¹
1912 5176 2029 5280 ch‘od
2053 5207 2135 5255 cum
2165 5208 2214 5255 er

1266 5288 1416 5390 utroque
1436 5300 1600 5363 nostrum
1620 5285 1843 5382 cognovisset
1856 5281 1911 5357 D.
1928 5280 1986 5357 M
1990 5284 2211 5371 anesius,

1264 5418 1333 5493 pro
1348 5416 1551 5464 amoresuo
1566 5389 1606 5460 in
1618 5414 1701 5472 nos,
1720 5399 1753 5460 et
1766 5386 1952 5461 communi
1961 5381 2088 5461 erudio
2104 5387 2211 5461 tuen-
