4500 5782
108 242 189 317 607
686 229 1120 313 EPISTULARUM
1169 232 1277 308 LIB.
1307 232 1372 308 111.
1427 233 1558 308 1525.
1624 266 1634 273 ·
2064 237 2127 309 6⁰8

110 419 223 508 legere
252 411 360 504 coepi.
421 407 493 479 Nec
514 432 572 478 eos
600 408 760 493 libellos,
797 430 885 500 quos
908 406 948 475 in
971 430 1096 476 manus
1150 429 1242 489 esse,
1280 430 1361 475 cum
1393 405 1523 498 inquit:
1566 428 1798 505 quaecuuque
1823 401 2047 500 alligaveris
2074 420 2127 484 cte.

110 537 369 611 acceperamus,
402 511 637 595 absolveram,
678 534 761 580 curn
785 506 872 582 Duc.
894 502 1097 579 Martinus
1149 507 1300 600 facitque
1315 501 1401 577 haec
1416 509 1601 593 sententia,
1628 522 1669 579 ut
1684 510 1804 579 omnia
1818 510 1864 578 ad
1878 504 2158 581 absolutionen'

110 617 359 691 Wormaciam
386 613 626 705 proficiscitur.
690 610 793 683 Unde
822 635 902 681 cum
933 609 993 679 ille
1022 634 1097 678 non
1149 609 1308 684 reseram.
1368 604 1600 704 [Consultum
1623 610 1702 681 vult
1723 610 1936 680 offendentis
1946 604 2130 681 'conscicn-

109 722 257 804 rediret,
285 715 559 809 apraelegendo
579 714 744 782 desistere
758 736 832 782 non
849 712 986 784 licebat.
1044 709 1096 781 lta
1149 711 1237 796 tiae,
1265 710 1297 778 si
1324 711 1528 801 resipuerit,
1558 724 1600 781 ut
1620 712 1767 797 sentiat,
1792 735 1967 782 securam
1983 708 2059 793 Deo
2075 714 2130 784 ab·

109 830 241 895 sactum
265 832 331 903 est,
365 816 469 887 utin
494 810 728 905 boescopulo
752 815 822 882 iam
847 815 926 905 plus
950 813 1095 881 biennio
1150 813 1303 881 solutum
1319 806 1473 908 esse.]*)
1524 811 1706 882 Praeterea
1722 836 1797 882 non
1810 816 1920 883 modo
1940 814 1987 882 dc
2005 812 2128 884 offenso

108 925 285 997 haeream.
334 918 424 989 Heri
437 911 625 986 Iohannis
644 912 879 1005 Evangelium
901 915 1038 983 absolvi
1048 908 1096 1004 *),
1149 913 1248 1007 loqui
1266 913 1395 1004 opinor
1412 908 1613 1000 Christum,
1637 916 1699 984 sed
1716 913 1944 1004 generaliter:
1971 915 2128 1007 sipecca

110 1029 319 1116 videturque
341 1016 409 1089 boc
428 1033 585 1110 tempore
608 1030 912 1109 peropportunum
934 1038 1026 1101 esse,
1052 1018 1096 1084 de
1148 1014 1241 1083 verit
1255 1015 1293 1082 in
1307 1027 1361 1099 tc,
1384 1015 1421 1083 id
1436 1028 1488 1087 est
1503 1039 1620 1086 coram
1634 1029 1690 1101 te,
1712 1018 1838 1103 scater,
1869 1017 1997 1103 idest,
2028 1016 2058 1085 si
2071 1042 2129 1109 pn·

109 1123 404 1222 praelectionibus
436 1120 616 1190 mutandis
649 1119 873 1192 constituere.
930 1115 1014 1186 Nou
1038 1140 1115 1186 re-·
1148 1117 1239 1185 blice
1261 1117 1470 1210 deliquerit,
1510 1140 1633 1186 accusa
1658 1141 1756 1204 erim,
1794 1131 1831 1187 et
1849 1118 1991 1187 remitte
2015 1120 2129 1213 resipi·

61 1310 69 1315 ,
109 1253 192 1301 mso
211 1225 312 1318 sequi
336 1244 648 1317 quorsumcunque
670 1220 888 1291 vocaveritis.
936 1216 1010 1288 Nec
1031 1241 1096 1289 au-

109 1331 306 1403 ctoritatem
340 1326 492 1394 vestiam
520 1325 774 1394 detrectatums
802 1322 891 1405 sim,
931 1320 1035 1389 etiam
1063 1319 1096 1389 si

109 1429 310 1504 Bubulcum
326 1425 495 1497 laceretis.
531 1423 669 1493 Tamen
685 1422 836 1515 optarim
852 1444 872 1491 a
887 1422 1095 1513 praelectio-

109 1536 214 1605 nibus
230 1526 435 1617 theologicis
450 1526 604 1599 liberari.
646 1523 807 1595 Primum
823 1523 919 1593 enim
936 1545 1096 1612 agnosco,

110 1658 215 1730 qnam
240 1631 308 1700 sim
332 1628 494 1697 maximis
515 1629 620 1697 rebus
643 1626 834 1696 tractandis
856 1626 987 1716 impar,
1019 1626 1098 1715 pla-

109 1756 225 1830 neque
254 1733 329 1824 ipse
356 1725 446 1799 mibi
470 1730 595 1798 videor
621 1723 717 1800 κατὰ
744 1722 949 1821 παροιμίαν
979 1727 1097 1796 asinus

109 1861 200 1920 esse,
231 1834 293 1928 qui
308 1831 606 1926 Mysteriagerat.
656 1826 797 1900 Deinde
813 1842 910 1899 tanta
925 1829 1031 1898 titrha
1046 1840 1098 1896 est

110 1938 364 2032 praelectorum
389 1929 685 2020 theologicorum,
726 1944 768 2001 ut
788 1932 960 2000 obruatur
978 1928 1097 2019 potius

109 2062 215 2135 quam
239 2038 406 2106 doceatur
427 2035 604 2106 iuventus.
666 2031 849 2102 Postremo
879 2032 995 2122 aptior
1022 2033 1097 2099 for-

107 2158 198 2213 tasse
212 2137 341 2209 luerim
357 2138 401 2206 ad
425 2136 600 2205 docendas
621 2133 774 2226 pueriles
797 2134 927 2205 literas.
977 2129 1096 2202 Habes

108 2243 195 2337 qnid
212 2261 382 2310 censeam.
433 2236 536 2306 Nunc
551 2248 585 2305 te
600 2259 705 2326 rogo,
728 2248 769 2305 ut
783 2259 861 2305 cum
876 2232 963 2306 Doc.
976 2226 1097 2301 Mar-

108 2350 241 2412 tranet
264 2331 476 2429 Amsdorfio
497 2337 709 2420 constituas,
748 2337 835 2429 quid
863 2334 941 2403 lieri
968 2335 1096 2406 velitis.

108 2443 270 2514 Omnino
290 2441 372 2510 volo
394 2438 699 2531 persuasissimum
717 2461 789 2506 esse
805 2437 893 2521 tibi,
923 2461 981 2505 me
1002 2431 1097 2505 nihil

107 2562 184 2616 tum
206 2566 351 2634 cupere,
388 2565 495 2635 quam
515 2551 558 2609 ut
580 2541 675 2608 salva
697 2539 743 2608 sit
763 2538 972 2631 respublica.
1024 2535 1097 2607 Nec

107 2668 250 2728 moror,
290 2643 377 2736 quid
408 2641 555 2730 maligni
590 2641 734 2733 quidam
764 2642 809 2709 de
842 2664 898 2708 mo
927 2637 1096 2711 iudicent.

36 2785 54 2797 -
107 2750 167 2820 Sic
184 2748 301 2815 vivere
317 2745 441 2827 ardeo,
466 2756 507 2811 ut
519 2740 594 2812 Deo
609 2743 805 2831 probentur
819 2741 974 2810 rationes
988 2763 1097 2812 meae.

107 2849 228 2940 Quare
243 2872 284 2917 cx
301 2845 398 2935 vulgi
415 2844 547 2913 iudicio
563 2866 765 2935 comparare
781 2867 839 2911 me
854 2867 929 2910 non
942 2865 1096 2933 possum.

107 2951 196 3021 Vale
214 2949 262 3018 mi
280 2947 473 3039 Spalatine.
498 2943 795 3034 Wittcmhcrgae.
832 2941 980 3014 Referre
996 2956 1096 3035 puto,

105 3069 146 3122 ut
161 3053 277 3143 primo
294 3072 435 3142 quoque
451 3061 608 3139 ternpore
624 3047 888 3139 respondeatur.

750 3143 938 3241 Philippus
953 3159 1045 3218 tuus.

921 3491 977 3550 ιι.
992 3480 1083 3547 biart.

916 3572 1089 3603 W

433 3639 507 3727 Ge.
539 3639 781 3753 Spoletina.

175 3828 194 3893 «Ι-
214 3823 252 3876 Er
273 3816 439 3891 autographo
459 3816 527 3871 Met.
547 3817 577 3870 in
595 3815 664 3871 coa.
685 3813 768 3868 Basil.
783 3813 814 3869 F.
831 3815 888 3869 101.
910 3814 988 3886 epist.
1002 3817 1046 3872 42.
1062 3847 1097 3863 .-

171 3932 181 3939 -
209 3892 285 3946 Haec
305 3885 491 3943 Melantbonia
512 3887 547 3939 de
567 3882 740 3939 absolutione
760 3884 893 3938 sententia
919 3885 948 3937 in
972 3884 1095 3952 linguam

210 3958 388 4014 vernaculam
408 3955 545 4008 transtulit
565 3950 691 4025 quidam,
723 3953 800 4006 cuius
821 3953 906 4006 versio
928 3951 1042 4009 babetur
1067 3955 1096 4010 in

209 4028 279 4085 coa.
297 4023 453 4081 cautos.
472 4042 500 4095 p.
513 4021 581 4079 ιιι.

158 4159 310 4261 Optimo
333 4159 427 4241 viro,
458 4152 514 4227 D.
538 4150 742 4252 Georgia
767 4153 1045 4254 Spoletina,

474 4282 542 4330 suo
560 4269 728 4354 patrono.

183 4396 187 4401 ’
274 4387 436 4460 (adscripsit
448 4384 580 4457 Spalatin.
594 4405 698 4441 annum
712 4387 752 4441 M.
767 4387 801 4440 t).
813 4384 923 4455 Xlllll.)

107 4496 150 4584 S·
198 4509 274 4601 Ego
289 4537 373 4581 vero
388 4514 431 4580 ad
448 4503 713 4578 absolutionem
730 4510 842 4579 refero
858 4505 953 4579 hunc
967 4510 1097 4595 locum,

108 4620 152 4685 de
172 4637 242 4706 quo
261 4612 402 4696 scribis,
435 4611 619 4703 sentioque
635 4611 790 4703 praecipi
812 4611 862 4697 ei,
895 4610 959 4705 qni
981 4608 1097 4681 offen-

108 4740 167 4788 sus
184 4729 255 4801 est,
278 4726 408 4783 utnon
423 4714 529 4782 modo
546 4710 703 4782 remittat
717 4712 877 4802 culpam,
899 4714 960 4782 sed
978 4713 1096 4799 etiam,

107 4833 149 4890 ut
172 4819 385 4909 loquuntur,
425 4813 583 4883 absolvat
610 4836 728 4883 coram
757 4815 840 4899 deo;
882 4826 1096 4908 testaturque

108 4916 286 5003 Christus,
312 4939 389 4987 eam
402 4914 661 4985 absolutionem
677 4913 753 4985 Deo
772 4916 914 5007 probari
930 4939 969 4985 ac
983 4930 1095 4993 ratam

144 5143 172 5204 ι)
194 5138 328 5190 Videntur
341 5135 389 5189 bae
409 5133 539 5189 lectiones
559 5132 667 5185 eaedem
686 5131 784 5210 sutae,
808 5155 874 5206 quaa
888 5136 1019 5193 liutherus
1034 5140 1094 5196 Nic.

179 5204 307 5260 Gerbebo
356 5203 489 5256 renitente
514 5202 688 5256 Melanthone
735 5203 810 5258 misit
836 5213 867 5257 ιιι
891 5207 1095 5265 excuderentur.

181 5275 241 5327 viu.
263 5243 371 5325 lutheri
392 5271 462 5324 liter.
483 5270 516 5324 ad
536 5267 646 5324 Gerhel.
667 5238 739 5344 apiud
760 5273 793 5327 de
812 5270 907 5327 Weu.
927 5272 960 5330 ll.
988 5297 1015 5347 p.
1033 5277 1094 5335 803.

179 5342 360 5400 prodierunt:
386 5338 457 5394 Phil.
477 5339 544 5394 Mel.
567 5340 595 5393 in
613 5336 791 5412 Evangelium
811 5341 918 5396 loannis
939 5348 1095 5402 annotatio·

180 5431 237 5465 nes.
273 5409 356 5466 Basil.
371 5428 407 5463 ιιι.
422 5408 497 5462 Maio
512 5406 588 5471 1520.
610 5408 636 5461 8.

1149 1217 1270 1291 scenti.
1329 1216 1411 1287 Non
1435 1218 1697 1311 resipiscentem
1717 1219 1903 1292 excludite.
1961 1217 2023 1293 Sic
2045 1220 2129 1290 enim

1149 1319 1264 1388 voluit
1276 1315 1440 1389 Christus
1464 1320 1503 1388 in
1527 1320 1670 1391 ecclesia
1690 1323 1735 1391 de
1755 1320 1911 1412 publicis
1929 1312 2130 1409 crimini&

1148 1419 1309 1494 iudicari.
1335 1412 1636 1491 Carolusludius
1651 1422 1692 1492 in
1708 1445 1748 1492 ea
1760 1421 1935 1493 sententia
1948 1435 2042 1495 emt:
2065 1446 2129 1495 nun

1148 1544 1249 1613 posse
1271 1522 1443 1591 offensam
1466 1523 1616 1609 remitti,
1650 1524 1720 1594 nisi
1740 1525 1785 1595 ab
1807 1548 1864 1609 eo,
1905 1524 1974 1617 qui
1997 1525 2074 1617 ipse
2091 1525 2130 1595 ait

1149 1624 1320 1710 offensus3
1354 1638 1459 1717 atque
1481 1625 1530 1694 ita
1552 1626 1808 1695 confessionem
1827 1626 1940 1697 everti
1954 1646 2060 1719 posse
2073 1649 2129 1717 pur

1147 1726 1255 1797 tabat.
1303 1724 1373 1796 Sed
1389 1722 1481 1794 mihi
1498 1750 1614 1795 errare
1630 1728 1818 1799 videbatur
1836 1721 1903 1797 hac
1914 1738 2032 1818 parte.
2067 1724 2130 1805 Pu·

1148 1839 1215 1896 test
1230 1825 1325 1894 enim
1342 1824 1588 1920 evangelium,
1620 1823 1689 1898 boc
1704 1841 1755 1900 est
1769 1829 1966 1915 absolutio,
1996 1850 2129 1899 aunuu-

1149 1928 1234 1997 ciari
1265 1950 1287 1996 a
1317 1930 1443 2021 quovis
1477 1924 1689 2015 christiano,
1725 1932 1833 2000 modo
1857 1930 2044 2021 resipiscat
2067 1930 2130 2001 ille.

1147 2027 1332 2098 Praeterea
1347 2043 1387 2100 ut
1402 2030 1514 2101 nollet
1528 2031 1683 2101 offensus
1697 2032 1888 2116 remittere,
1912 2027 2130 2103 tamenDeue

1148 2129 1409 2221 resipiscentem
1423 2132 1550 2223 recipit
1566 2132 1603 2200 in
1620 2133 1780 2221 gratiam.
1824 2131 1897 2203 t'ix
1911 2133 2006 2205 alius
2016 2128 2131 2217 Eran-

1148 2233 1230 2320 gelii
1246 2232 1342 2301 locus
1356 2246 1428 2302 tam
1444 2234 1536 2302 clare
1550 2235 1654 2324 ponit
1666 2234 1714 2304 ob
1728 2235 1849 2305 oculos
1863 2234 2129 2327 amplitudinem

1147 2334 1297 2422 gratiae,
1332 2358 1411 2403 cum
1429 2329 1592 2404 Christus
1614 2342 1710 2405 cer'to
1733 2335 1811 2404 vult
1833 2358 2129 2427 persuasumesse

1147 2435 1389 2520 conscientiis,
1420 2440 1524 2507 deum
1546 2438 1743 2528 adprobare
1756 2451 1791 2508 et
1804 2450 1918 2508 ratam
1931 2430 2065 2509 habere
2075 2437 2130 2507 ab

1147 2538 1384 2620 solutionem,
1409 2562 1490 2606 cum
1504 2562 1589 2607 voce
1603 2532 1760 2608 humana
1776 2538 2010 2613 absolvimur.
2042 2535 2129 2609 Haoe

1146 2638 1271 2706 solatia
1291 2638 1473 2726 ignorant,
1515 2639 1577 2731 qui
1600 2640 1656 2708 vel
1683 2652 1919 2711 contemnunt
1943 2639 2129 2717 muressis>

1148 2763 1245 2823 nem,
1276 2740 1332 2807 vel
1354 2763 1393 2809 ea
1417 2742 1629 2826 abutuntur,
1666 2763 1870 2835 quanquam
1892 2740 2042 2813 interim
2063 2764 2127 2813 nun

1147 2841 1245 2929 exigo
1262 2840 1528 2915 contessionem.
1578 2839 1669 2912 Nam
1690 2857 1725 2916 et
1745 2837 1907 2915 hocloco
1924 2845 1972 2915 de
1987 2842 2127 2936 publius

1147 2954 1283 3011 tantum
1303 2942 1511 3013 criminibus
1527 2942 1677 3028 dicitur,
1699 2955 1741 3015 ut
1755 2968 1796 3017 ex
1814 2939 1884 3015 hoc
1898 2944 1980 3017 loco
1996 2942 2126 3043 cunser-

1146 3042 1203 3110 sio
1227 3043 1288 3112 illa
1312 3041 1461 3140 privata
1490 3057 1524 3115 et
1546 3045 1764 3127 occultorum
1786 3044 1979 3117 criminum
1995 3044 2125 3138 probari

1147 3169 1221 3214 non
1245 3146 1365 3237 possit.
1417 3145 1568 3240 Siquid
1590 3149 1689 3219 etde
1712 3140 1770 3217 his
1792 3147 1910 3219 verbis
1932 3171 2053 3238 rogas:
2078 3167 2123 3217 ιι-
2159 3196 2161 3207 .

1145 3243 1258 3342 pties,
1283 3255 1314 3317 et
1329 3246 1509 3343 septagies
1525 3245 1656 3340 septies
1667 3241 1745 3342 “),
1773 3248 1950 3339 scriptura
1964 3250 2055 3323 tolet
2069 3270 2122 3333 mt-

1146 3374 1244 3417 mero
1262 3351 1459 3439 septenario
1480 3351 1714 3443 frequentiam
1737 3349 1955 3441 significare,
1983 3351 2122 3423 sicutin

1145 3451 1336 3541 proverbio
1350 3443 1448 3545 ***):
1479 3445 1615 3522 excidit
1629 3458 1779 3546 septem,
1812 3450 1838 3524 i.
1852 3474 1884 3526 e.
1900 3452 2051 3537 multas,
2071 3472 2121 3533 ,ιι-

1148 3545 1309 3620 lumnas.
1384 3548 1433 3622 Et
1473 3553 1595 3624 allusit
1626 3548 1790 3623 Christus
1829 3554 1876 3625 ad
1911 3552 2045 3625 lucum-
2063 3550 2120 3625 Ge·

1147 3676 1220 3727 nes.
1236 3650 1272 3726 4.
1284 3644 1397 3748 Μ”).
1443 3652 1561 3724 Habes
1579 3654 1666 3747 qnid
1682 3653 1843 3727 sentiam.
1885 3652 2049 3737 Primum
2059 3655 2119 3739 ‚iau

1147 3755 1264 3845 accepi
1277 3753 1396 3824 literas
1410 3756 1468 3826 die
1488 3754 1583 3826 lovis
1598 3769 1677 3847 pust
1692 3750 1812 3829 Oculi.
1867 3752 1969 3831 Vale.
2075 3800 2083 3805 -

1884 3850 2084 3949 Philippus.

1249 3951 1393 4049 Opinor
1420 3969 1454 4027 te
1486 3982 1580 4027 meas
1611 3959 1731 4031 literas
1763 3958 1936 4050 accepisse
1963 3961 2012 4029 de
2037 3956 2118 4027 linita

1248 4059 1482 4149 praelectione
1507 4054 1688 4134 lobannis.
1748 4058 1821 4131 Nec
1843 4073 1915 4145 est,
1954 4062 2051 4155 quod
2072 4080 2117 4126 ex·

1249 4173 1384 4252 pectes,
1421 4162 1507 4230 dum
1532 4158 1752 4233 Universitas
1772 4159 1910 4255 aliquid
1936 4163 1981 4235 de
2002 4159 2118 4254 praele-

1250 4262 1426 4333 ctionibus
1449 4263 1638 4336 mutandis.
1697 4261 1913 4333 Maturanda
1941 4285 1999 4335 res
2020 4275 2066 4333 est
2082 4260 2116 4327 de

1251 4388 1327 4432 moa
1342 4364 1595 4453 praelectione,
1624 4363 1775 4457 voloque
1791 4377 1832 4434 ut
1846 4365 2040 4435 constituas
2053 4382 2117 4431 curu

1249 4463 1295 4537 D.
1311 4457 1490 4533 Martino
1507 4478 1542 4535 et
1554 4458 1764 4555 Amadorfio
1777 4465 1865 4558 quid
1878 4464 1958 4536 lieri
1973 4465 2067 4536 velis.

1153 4562 1197 4635 V
1192 4562 1363 4660 ulgerius
1385 4568 1429 4635 de
1448 4566 1666 4637 absolutione
1684 4566 1938 4658 interpretatur
1953 4580 2063 4639 toturn
2076 4564 2117 4631 lo

1148 4693 1245 4753 cum;
1280 4683 1455 4740 caeterum
1474 4663 1566 4737 nihil
1582 4669 1667 4737 novi
1691 4669 1822 4751 adfert,
1857 4691 2076 4761 quanquam,
2094 4661 2116 4730 ιῐ

1149 4770 1261 4855 voles,
1289 4770 1437 4842 mittam.
1523 4842 1527 4849 ,

1182 5046 1213 5111 *)
1231 5043 1304 5099 llaec
1319 5045 1395 5100 uncis
1411 5043 1515 5098 inclusa
1529 5042 1572 5098 hic
1587 5043 1703 5114 margini
1717 5034 1858 5112 adscripsit
1871 5023 2041 5098 blelautbon.

1181 5144 1230 5207 ⁴¹¹⁸)
1250 5145 1292 5197 De
1311 5141 1407 5196 eodem
1427 5140 1501 5196 dictu
1521 5140 1665 5214 scripserat
1677 5140 1830 5210 Spalatinu'a
1845 5138 1979 5201 battere.
2007 5140 2060 5195 m'd.
2072 5157 2122 5209 epp.

1216 5211 1295 5266 Luth.
1306 5211 1343 5265 ll.
1362 5231 1390 5281 p.
1404 5210 1466 5266 81⁵.
2161 5224 2163 5237 ·

1182 5310 1246 5380 Μ)
1268 5310 1351 5366 Ριοι.
1364 5310 1391 5378 9,
1405 5314 1428 5363 1.

1181 5410 1264 5479 aaut)
1282 5410 1352 5473 Gen.
1366 5409 1392 5483 l,
1408 5412 1450 5465 15.
