4500 5782
171 222 264 289 eux
392 174 399 191 '
635 300 638 307 ¹
958 193 1419 283 anennonnnua.
1600 296 1606 307 ,
2138 229 2214 285 ιιι

172 379 289 451 solum
303 368 425 449 omnia
446 377 594 447 omnino
616 402 637 448 a
656 377 816 470 patribus
840 391 980 449 nostrae
1001 377 1166 449 eeclesiae
1216 376 1368 454 Lntheri
1391 395 1454 455 etc.
1473 382 1637 473 religiose
1657 405 1731 451 esse
1752 380 1973 453 retinendam
1997 394 2105 476 atque
2127 404 2215 451 eon·

173 483 302 573 scripta
320 479 640 570 coniungerentur,
666 483 727 549 sed
750 482 855 551 etiam
877 493 918 551 ut
941 504 1022 549 vera
1043 504 1166 552 eonem
1214 484 1445 568 servandam,
1476 484 1523 553 ita
1537 498 1578 557 ut
1593 508 1643 553 ne·
1659 485 1871 566 minimum,
1895 484 1931 553 si·
1948 484 2005 551 vel
2030 484 2215 557 manifeste

172 584 281 657 verba
296 605 469 675 veraeque
484 583 530 651 ab
545 581 590 649 iis
606 582 755 673 scriptae
772 582 963 653 sententiae
986 584 1167 666 darentur,
1218 584 1264 653 sit
1288 587 1516 669 mendosum,
1548 598 1706 655 mutetur
1735 600 1769 657 et
1802 584 1840 653 in
1859 599 2032 662 -nostram
2061 588 2212 655 formam

173 686 247 757 sive
277 700 318 757 nt
350 697 481 767 textus,
521 706 626 777 quem
666 699 813 770 vocant,
853 697 941 754 esset
978 686 1166 773 genuinus.
1218 685 1397 757 scribendi
1420 687 1668 770 transferatur,
1699 689 1758 757 sed
1786 685 1903 777 potius
1925 688 2039 761 forma
2061 686 2213 777 scriptu-

173 786 275 878 Quae
294 799 408 858 textus
428 809 512 856 cura
533 786 737 878 praesertim
754 786 793 856 in
810 781 1067 863 Melanthonis'
1081 786 1167 857 seri-
1218 811 1277 857 rae
1290 812 1435 880 prorsus
1451 792 1584 874 eadem,
1597 814 1688 882 qnae
1698 803 1750 859 est
1762 789 1801 866 in
1822 782 2053 878 autographo.
2069 810 2214 861 conser-

172 888 244 981 ptis
258 888 451 959 necessaria
466 902 537 973 est,
563 912 673 980 quum
689 889 749 959 vix
765 886 933 958 credibile
946 888 1010 972 sit,
1034 901 1167 982 quanta
1218 903 1338 975 vetur,
1370 905 1410 961 ut
1432 891 1459 960 ii
1481 890 1750 969 solenitatem,
1781 890 1846 982 qui
1869 890 2026 965 codicem
2049 914 2212 979 grumum

172 990 333 1075 levitate,
357 1013 402 1058 ne
417 989 534 1059 dicam
551 990 715 1074 audacia,
741 988 964 1081 potissimum
981 991 1020 1058 in
1037 990 1168 1081 episto·
1219 993 1274 1059 vel
1289 992 1440 1061 latinum
1455 1007 1615 1063 accurate
1630 991 1829 1083 depingunt
1845 992 1913 1073 ita,
1935 1005 1976 1063 ut
1991 992 2083 1065 liber
2097 991 2213 1065 ealitus

172 1092 218 1163 lis
237 1105 273 1163 et
293 1091 450 1162 consiliis
465 1092 533 1160 alia
554 1115 737 1189 perperam
759 1091 905 1182 scripta,
930 1092 999 1160 alia
1021 1105 1167 1177 inritata,
1218 1092 1296 1162 loco
1311 1094 1441 1163 codicis
1458 1090 1581 1165 haberi
1593 1095 1714 1186 possit.
1764 1092 1874 1165 Recte
1894 1094 1941 1164 ita
1966 1106 2154 1165 versantur
2173 1093 2212 1177 ii,

172 1193 243 1267 alia
260 1193 506 1287 praetermissa
520 1193 664 1263 fuerint.
815 1250 818 1255 .
1218 1195 1280 1288 qui
1295 1195 1445 1264 formam
1462 1197 1592 1265 codicis
1607 1197 1719 1289 ipsam
1733 1195 1857 1265 lectori
1873 1219 1936 1286 per
1951 1208 2053 1288 typos
2069 1218 2210 1286 reprae-

272 1290 405 1367 Curam
420 1318 505 1365 vero
522 1294 734 1383 integritatis
750 1307 784 1363 et
798 1295 955 1365 veritatis
975 1296 1165 1367 verborum
1219 1310 1353 1367 sentare
1375 1298 1513 1370 volunt.
1570 1296 1643 1367 Nos
1667 1321 1770 1382 vero,
1796 1297 1926 1388 quibus
1952 1321 2025 1365 non
2047 1297 2211 1388 proposi-

172 1422 214 1471 eo
230 1422 341 1492 usque
359 1398 543 1467 intendere
558 1397 677 1481 nolui,
698 1411 738 1467 nt
754 1421 896 1466 ornnem
912 1397 1091 1469 scribendi
1107 1422 1166 1467 ra·
1218 1412 1293 1468 tum
1320 1413 1372 1468 est
1396 1401 1549 1469 formam
1574 1400 1765 1490 scripturae
1789 1393 2035 1468 Melanthonis
2057 1399 2116 1467 rel
2137 1396 2211 1469 Lu-

171 1502 328 1585 tionem,
353 1501 493 1592 qualem
515 1494 649 1568 hahent
666 1499 722 1566 vel
737 1495 954 1590 autographa
969 1499 1025 1568 vel
1042 1493 1166 1568 arche·
1217 1494 1311 1569 theri
1328 1516 1607 1592 repraesentare,
1630 1502 1691 1569 sed
1708 1501 1816 1569 verba
1834 1513 1868 1571 et
1881 1500 2071 1569 sententias
2086 1522 2209 1569 eorum

170 1616 273 1697 typo,
298 1624 493 1685 servarem,
526 1601 574 1671 ita
597 1614 637 1669 ut
663 1600 790 1692 scripta
818 1598 876 1671 hic
899 1601 991 1671 edita
1012 1601 1164 1694 primam
1217 1596 1400 1687 exhibere,
1425 1604 1455 1672 si
1478 1604 1597 1675 eadem
1621 1602 1855 1671 voluissemus
1878 1600 2017 1671 ratione
2043 1600 2117 1695 nti,
2145 1622 2210 1671 nec

169 1705 321 1774 formam
349 1703 543 1794 scripturae
566 1695 811 1772 Melanthonis
840 1727 886 1771 ne
905 1703 1062 1779 litterula
1083 1702 1164 1796 qui-
1216 1718 1308 1774 recte
1323 1728 1388 1772 nec
1403 1707 1587 1774 courmode
1602 1706 1755 1775 facturos
1771 1703 1879 1773 fuisse
1895 1702 2105 1773 iudicamus.

169 1806 252 1877 dem
271 1805 327 1873 vel
343 1805 473 1873 lineola
496 1817 637 1894 excepta
659 1804 818 1895 apprime
842 1805 1025 1877 referrent.
1317 1804 1446 1875 Facilis
1455 1807 1599 1898 quidem
1614 1819 1665 1874 est
1675 1828 1730 1874 res
1745 1805 1782 1872 in
1797 1803 1936 1895 seriptis
1950 1803 2081 1889 latinis,
2098 1828 2208 1897 qnum

272 1905 379 1996 erod
396 1906 492 1975 enim
507 1904 663 1995 primum
679 1907 723 1975 ad
739 1902 1060 2002 interpunctionem
1081 1905 1163 1975 atti·
1216 1906 1393 1977 scribendi
1415 1932 1525 1996 genus
1540 1902 1786 1977 Melanthonis
1802 1930 1822 1976 a
1837 1918 1959 1975 nostro
1981 1906 2022 1974 in
2039 1905 2209 1997 paucissi-

40 2076 45 2083 .
167 2021 247 2091 net,
269 2032 309 2079 ea
325 2008 364 2077 in
379 2002 606 2098 autographis
621 2031 723 2099 saepe
736 2022 787 2079 est
801 2030 927 2077 manca
944 2021 979 2078 et
995 2008 1163 2096 neglecta,
1214 2008 1282 2079 mis
1296 2022 1435 2079 tautum
1451 2010 1495 2078 sit
1511 2009 1700 2081 diversum.
1738 2006 1830 2077 Nam
1844 2005 2031 2077 diversitas
2045 2032 2089 2078 eo
2105 2006 2209 2093 redit,

167 2110 208 2181 in
222 2105 421 2205 archetypis
436 2133 519 2179 vero
532 2108 746 2201 ‘saepefalsa
760 2110 943 2179 interdurn
956 2109 1088 2200 inepta.
1122 2106 1161 2178 Si
1214 2124 1254 2180 ut
1272 2106 1485 2183 Melanthon
1499 2124 1701 2181 constanter
1714 2108 1894 2200 scripserit
1906 2102 2062 2188 aeditus,
2082 2102 2208 2179 aeden

167 2234 245 2283 enm
267 2210 430 2303 religiose
451 2233 658 2295 servassem,
683 2210 830 2281 lectores
853 2211 893 2281 in
916 2210 1065 2301 legendo
1089 2209 1161 2294 fere
1214 2236 1279 2302 pro
1304 2206 1440 2294 editus,
1465 2207 1588 2289 edem
1618 2235 1726 2304 porro
1745 2211 1869 2294 foelix,
1893 2209 2081 2294 foeliciter,
2106 2217 2207 2285 auto·

167 2336 305 2407 semper
318 2312 593 2397 offenderentur,
617 2325 652 2382 et
665 2312 986 2406 interpunctionem
1003 2312 1160 2401 cogitan-
1215 2315 1317 2399 ritas,
1341 2331 1382 2386 ut
1396 2339 1461 2406 pro
1479 2309 1703 2408 diphthongo
1720 2336 1779 2391 oe,
1805 2311 1874 2381 nisi
1896 2313 2045 2381 verbum
2071 2312 2206 2404 incipit,

49 2426 71 2458 ·‘
164 2416 213 2485 do
234 2429 372 2485 mutare
397 2428 622 2504 cogerentur,
657 2416 751 2507 quod
777 2416 932 2507 profecto
951 2413 1161 2497 molestissi-
1212 2417 1347 2509 ubique
1360 2417 1518 2509 posuerit
1531 2441 1566 2503 e,
1589 2414 1732 2507 proprie
1751 2414 1894 2507 quidem
1910 2447 1945 2507 9,
1968 2427 2008 2483 ut
2025 2414 2205 2485 intentum

125 2528 130 2537 “
165 2540 265 2587 nrum
293 2529 328 2585 et
352 2515 411 2584 vix
433 2516 657 2586 tolerandum
679 2516 812 2589 fuisset.
880 2513 1159 2606 lnterpnngendi
1212 2518 1383 2610 scripturn
1395 2519 1541 2608 legitur,
1567 2519 1719 2587 maxime
1733 2540 1816 2585 vero
1832 2540 1874 2584 ex
1887 2515 2103 2604 negligentia
2119 2541 2205 2608 qua

164 2617 273 2709 igitur
296 2617 471 2691 rationem
492 2616 694 2702 meliorem,
725 2642 832 2712 qnam
855 2642 950 2687 nnnc
977 2613 1160 2697 habemus,
1212 2623 1294 2689 dam
1311 2621 1488 2691 scribendi
1508 2633 1647 2690 tantum
1665 2640 1682 2687 e
1697 2617 1844 2709 simplest
1870 2640 1982 2711 profi
2008 2631 2049 2686 nt
2069 2640 2205 2709 semper

164 2731 335 2813 sequutus
356 2741 453 2803 snm,
481 2732 515 2789 et
538 2719 744 2789 manifestos
766 2719 1042 2812 interpungendi
1061 2743 1160 2800 erro-
1212 2722 1390 2813 scripserit
1403 2745 1490 2813 pene
1498 2717 1657 2816 (paene),
1670 2718 1777 2813 quero
1786 2717 1963 2812 (quaero),
1976 2719 2052 2810 cepi
2061 2717 2205 2812 (coepi),

162 2843 220 2891 res
236 2835 271 2892 et
287 2821 417 2891 menda
431 2819 557 2890 delevi.
604 2818 675 2889 Sed
692 2821 779 2891 sciat
801 2821 929 2901 lector,
954 2845 1011 2890 me
1032 2845 1074 2897 ex
1094 2844 1160 2893 an·
1211 2824 1289 2893 ledo
1299 2818 1447 2918 (laedo),
1463 2848 1571 2917 quem
1583 2821 1759 2893 scribendi
1769 2821 1943 2891 rationem
1954 2820 1992 2889 in
2006 2817 2204 2916 arohetypis

162 2918 344 3016 tographis
359 2917 625 3003 Melanthonis,
650 2946 803 3015 quorum
813 2923 885 2993 fere
899 2922 998 2992 mille
1015 2922 1159 3014 perlegi,
1210 2924 1297 2997 alias
1311 2925 1466 3017 reperies
1481 2938 1671 3007 servatam,
1697 2922 1784 2992 alias
1800 2945 1885 2991 vero
1902 2923 2007 2993 etiam
2023 2935 2202 2995 mutatant.

162 3024 201 3097 id
222 3024 444 3115 cognovisse,
470 3017 742 3094 Melanthonem
763 3048 809 3093 ne
825 3049 898 3094 uno
918 3024 1065 3117 quidem
1079 3025 1157 3101 loco
1210 3022 1430 3121 Typothetae
1446 3026 1541 3096 enim
1560 3026 1658 3095 illins
1679 3023 1756 3093 aevi
1775 3048 1890 3117 neque
1911 3019 2202 3116 orthographiam

83 3142 99 3211 ξ
160 3148 266 3199 ustnn
281 3150 354 3205 esse
370 3125 471 3217 signo
487 3123 532 3220 (3)
549 3125 644 3219 qnod
660 3126 854 3196 semicolon
869 3126 1015 3210 dicitur,
1040 3150 1156 3219 neque
1210 3151 1324 3221 neque
1345 3129 1668 3219 interpunctionem
1688 3120 1989 3216 autographnwm
2009 3140 2204 3210 servarunt,

62 3301 67 3314 ,
161 3228 262 3323 signo
284 3229 440 3303 duorum
461 3241 675 3319 punctorum
691 3224 754 3321 (ι),
779 3251 895 3321 neque
916 3228 1017 3318 signo
1041 3229 1155 3299 excla-
1209 3231 1268 3299 sed
1286 3254 1350 3301 suo
1373 3231 1523 3301 arbitrio
1545 3245 1579 3300 et
1596 3228 1728 3299 indicio
1751 3227 1791 3295 in
1813 3222 1878 3296 hae
1898 3250 1936 3295 re
1960 3228 2088 3299 versati
2109 3242 2214 3309 sunt·

161 3306 364 3426 mandi(!l,
382 3343 418 3399 et
430 3328 617 3426 nullallegi
630 3330 728 3419 signa
743 3330 1038 3421 interpunctionis
1054 3354 1155 3420 prae·
1207 3328 1321 3403 Porro
1336 3332 1443 3401 verha
1457 3332 1655 3402 desinentia
1670 3330 1709 3398 in
1721 3327 1826 3408 tiam,
1843 3329 1908 3398 uhi
1924 3334 1938 3395 t
1954 3340 1993 3397 ut
2009 3351 2026 3397 c
2041 3354 2204 3419 pronun·

159 3445 216 3501 ter
239 3454 397 3514 comma,
429 3443 600 3522 punctum
629 3444 664 3500 et
689 3430 829 3519 signum
857 3431 1154 3519 interrogationis.
1208 3431 1335 3517 fiatur,
1358 3446 1399 3503 ut
1420 3431 1532 3505 etiam
1553 3449 1587 3505 et
1610 3430 1759 3516 similia,
1784 3423 1997 3499 Melanthun
2021 3431 2095 3503 fene
2119 3431 2203 3503 uhi-
2233 3446 2238 3455 “

161 3530 236 3607 Ubi
256 3555 324 3603 nos
337 3555 470 3625 ponere
488 3530 640 3601 solemus
661 3532 854 3601 semicolon
875 3533 929 3600 vel
956 3532 1062 3601 etiam
1081 3535 1154 3615 duo
1208 3536 1333 3626 quein
1356 3536 1544 3607 scribendo
1569 3532 1897 3627 pronuntiationem
1921 3545 2091 3623 sequutus
2115 3533 2203 3605 sert·

66 3702 71 3719 ‚
159 3648 302 3728 puncta,
317 3633 379 3705 ille
391 3632 529 3725 scripsit
539 3632 923 3718 comma,sedlitteram
934 3634 1084 3724 primam
1099 3657 1155 3702 se·
1207 3637 1291 3726 psit:
1327 3634 1460 3719 eciam,
1496 3635 1616 3716 rocio,
1649 3631 1831 3713 contusio,
1860 3630 2037 3733 precioso,
2070 3629 2201 3730 dispe·

160 3736 303 3832 quentis
315 3735 416 3807 verbi
423 3736 536 3806 forma
546 3735 674 3805 maiori
688 3736 835 3818 notavit,
851 3736 910 3805 vel
923 3737 1026 3805 etiarn
1037 3736 1154 3826 posuit
1208 3739 1319 3816 tucio,
1338 3737 1469 3835 pacior
1482 3753 1566 3824 etc„
1591 3762 1698 3831 qnam
1715 3734 1894 3805 scribendi
1910 3734 2084 3805 rationem
2098 3748 2204 3829 typo-

92 3870 96 3883 ¹
158 3851 381 3931 punctumet
395 3837 675 3937 sequenti-verbo
689 3837 787 3909 dedit
799 3836 952 3906 litteram
968 3837 1154 3922 minorem,
1206 3834 1331 3931 graphi
1353 3843 1460 3911 modo
1489 3840 1631 3936 sequuti
1652 3852 1753 3920 sunt,
1784 3836 1893 3905 modo
1924 3850 2128 3920 mutarunt,
2164 3838 2201 3907 in

159 3941 217 4015 vel
238 3940 345 4013 etiam
366 3934 458 4011 nihil
488 3935 593 4008 hahet
622 3938 691 4007 nisi
719 3961 854 4009 murana
885 3939 1044 4029 simplex.
1112 3936 1154 4009 ln
1207 3965 1275 4034 qua
1296 3965 1381 4012 vero
1402 3944 1508 4013 etiam
1527 3944 1600 4034 ipse
1617 3933 1830 4015 Melanthon
1852 3937 1920 4005 sihi
1939 3962 2011 4005 nou
2031 3938 2203 4025 constitit,

160 4041 300 4134 scriptis
320 4039 531 4131 germanicis
548 4040 671 4108 inveni
690 4039 794 4110 etiam
810 4040 850 4109 in
867 4040 989 4110 multis
1011 4042 1064 4109 nil
1084 4041 1152 4110 nisi
1207 4067 1382 4136 quamque
1399 4044 1567 4133 grandior
1580 4067 1665 4112 aevo
1683 4044 1794 4111 faetus
1814 4040 1849 4108 in
1868 4038 1989 4108 multis
2005 4039 2123 4109 verbis
2138 4042 2202 4111 de-

159 4157 353 4229 eommata,
378 4143 466 4213 adeo
481 4143 521 4211 in
534 4142 604 4211 line
618 4142 726 4231 totius
745 4141 900 4234 periodi,
921 4142 984 4211 uhi
1001 4166 1092 4211 nova
1109 4143 1154 4210 li·
1206 4143 1327 4215 seruit.
1378 4143 1540 4239 Denique
1561 4146 1658 4239 quod
1682 4143 1807 4216 attinet
1828 4164 1962 4209 morem
1991 4141 2027 4209 in
2050 4142 2201 4234 quibus-

159 4247 263 4317 neola
277 4244 420 4337 incipit,
444 4257 481 4315 et
497 4244 536 4312 in
551 4244 621 4313 fine
637 4243 746 4313 totius
766 4243 950 4335 epistolae,
976 4245 1023 4313 ita
1045 4257 1087 4313 ut
1109 4269 1153 4313 ne
1206 4248 1286 4339 darn
1310 4247 1428 4315 verbis
1451 4247 1576 4317 utendi
1601 4246 1728 4316 litteris
1757 4242 1972 4325 initialibus,
1998 4256 2038 4311 ut
2065 4243 2202 4327 dictant,

159 4372 274 4419 unum
288 4361 462 4439 punctum
472 4316 723 4437 donspiciatur.
774 4344 905 4415 Curam
926 4358 1019 4415 recte
1043 4345 1152 4417 inter·
1207 4348 1245 4415 in
1271 4343 1499 4441 autographis
1524 4349 1658 4441 ubique
1682 4348 1850 4435 scriptum
1874 4344 1998 4413 inveni
2020 4338 2201 4438 Evanger

160 4450 343 4542 pungendi
358 4449 496 4517 nullam
515 4442 660 4530 habuit,
686 4448 746 4517 sed
760 4468 885 4536 magna
903 4443 1074 4519 hacinre
1090 4472 1152 4516 ne·
1207 4442 1318 4529 lium,
1350 4446 1638 4545 Evangelicum,
1664 4443 1852 4525 Ecclesia,
1881 4439 2066 4524 Ilontoni,
2097 4437 2200 4515 Fla·

158 4549 325 4642 gligentia
343 4563 501 4619 versatus
516 4562 578 4619 est.
628 4546 777 4636 Signum
794 4548 1035 4637 interrogandi
1050 4548 1153 4617 deni·
1206 4547 1323 4630 darni,
1345 4553 1409 4635 ita,
1429 4568 1470 4622 ut
1486 4579 1565 4623 cum
1580 4565 1701 4621 nostro
1720 4547 1897 4619 scribendi
1915 4548 2100 4614 morefere
2115 4548 2200 4616 uhi-

159 4676 228 4747 que
250 4676 344 4736 non,
367 4664 410 4732 nt
432 4673 498 4720 nos
519 4649 689 4733 solemus,
715 4649 754 4721 in
773 4649 843 4719 fine
864 4650 1154 4739 interrogationis
1205 4676 1273 4745 que
1295 4656 1505 4741 consentiat,
1531 4657 1652 4723 sedne
1671 4678 1744 4722 uno
1763 4649 2197 4741 quidemlocovidiscri-

159 4754 320 4846 scripsit,
345 4754 406 4823 sed
423 4765 502 4844 post
516 4752 629 4843 prima
645 4752 752 4821 verba
767 4750 1078 4842 interrogationem
1094 4753 1152 4822 iu·
1205 4768 1304 4842 ptum
1321 4749 1442 4835 Deus,
1468 4756 1541 4826 imo
1563 4768 1765 4825 constanter
1787 4751 1927 4841 scripsit
1944 4744 2049 4834 deus,
2076 4744 2106 4817 d
2127 4753 2198 4819 mi-

159 4850 343 4941 choantia‚
369 4867 424 4925 ut:
450 4846 548 4948 Quis
562 4849 641 4922 est?
662 4850 730 4949 qui
743 4861 844 4946 neget
861 4868 925 4926 etc.
978 4852 1051 4923 lam
1066 4879 1149 4925 vero
1204 4878 1290 4922 nore
1311 4878 1406 4928 usus.

159 4982 234 5029 non
247 4959 362 5029 solum
381 4956 517 5040 inutile,
539 4956 598 5025 sed
615 4955 702 5023 adeo
723 4954 881 5047 ineptum
899 4949 989 5024 mihi
1004 4957 1150 5025 videha-
1304 4953 1400 5026 Haec
1416 4972 1516 5042 sunt,
1542 4980 1632 5051 quac
1650 4957 1694 5025 dc
1715 4953 1888 5044 scriptura
1913 4946 2039 5020 lutino
2053 4948 2196 5021 Melan-

159 5074 234 5146 tur‚
257 5058 433 5131 eiusmodi
454 5057 776 5149 interpunctionem
799 5072 870 5127 tarn
893 5058 1150 5129 inconstantem
1202 5052 1322 5127 thonis
1338 5063 1513 5129 monenda
1530 5072 1740 5151 sunu-quae
1755 5079 1774 5123 a
1787 5068 1905 5125 nostra
1915 5053 1959 5121 in
1976 5053 2198 5143 paucissimis

158 5177 192 5234 et
209 5161 450 5253 imperfectam
465 5159 628 5249 religiose
642 5181 792 5228 servare.
1203 5172 1340 5231 tantum
1355 5160 1485 5232 diflert.

225 5318 239 5345 .,
257 5259 348 5335 Item
357 5288 441 5335 vero
452 5262 556 5333 etiam
566 5261 661 5330 valet
670 5260 715 5329 de
728 5250 1009 5353 orthographia.
1057 5258 1150 5333 Sunt
1303 5259 1422 5332 Multo
1450 5262 1602 5331 maiores
1628 5283 1712 5331 vero
1735 5258 1957 5329 difficultates
1983 5254 2087 5325 affert
2109 5257 2196 5326 scri-

158 5364 220 5460 qui
250 5378 393 5459 putent,
434 5363 538 5437 etiam
553 5410 556 5417 ·
571 5355 862 5455 orthographiam
893 5357 1149 5449 Melanthonis,
1199 5376 1305 5455 ptura
1316 5363 1550 5456 germanico,
1575 5352 1685 5458 quum
1703 5386 1722 5431 a
1738 5372 1879 5444 nostra,
1905 5380 1994 5449 quae
2009 5350 2118 5429 hodie
2134 5372 2196 5441 est,
