4500 5782
872 169 874 177 ’
954 204 1419 292 enannonnnna
1504 138 1508 143 ⁸
1585 294 1588 301 ,

173 398 309 495 egregie
333 394 531 477 illustrant,
555 401 592 461 Εἴ
612 387 760 482 tuique,
785 383 849 480 qui
871 380 1057 457 historiam
1082 385 1166 456 illo-
1217 401 1354 483 partem
1374 387 1530 483 aliquam
1550 387 1717 479 epistolae
1740 387 1783 456 ad
1803 381 2030 456 Academiam
2048 383 2205 458 Franco-

173 527 253 576 rum
278 515 476 591 temporum
500 495 592 563 hene
617 509 825 580 cognoscere
849 501 885 558 ct
899 492 1167 588 πραγματικῶς
1217 493 1328 577 tort,
1360 515 1455 563 anno
1483 485 1580 562 1542
1609 491 1644 562 d.
1672 478 1707 562 d.
1733 487 1791 562 18.
1813 486 1924 573 Nou,
1959 503 1999 560 ut
2022 489 2062 556 in
2084 482 2204 559 charta

174 618 320 679 narrare
335 597 508 682 voluerit,
533 594 624 664 scitu
638 604 721 662 sunt
734 589 939 662 necessaria.
981 589 1166 660 Praeterea
1217 590 1361 664 Codicis
1376 587 1538 663 Gothani
1553 613 1664 661 manu
1679 584 2120 662 Melanthonis'delineata
2144 603 2206 673 est,

175 709 282 779 ffiam
298 700 445 774 consilia
458 700 532 768 sive
549 693 699 778 iudicia,
723 715 813 785 quae
829 677 1043 761 Melanthon
1058 692 1165 760 modo
1218 689 1278 766 bic
1294 693 1462 777 subiunxi
1478 687 1528 787 ⁴).

175 809 292 891 domi,
317 804 425 874 modo
443 801 482 869 in
499 796 734 869 conventibus
745 793 917 885 publicis,
941 794 1049 862 modo
1066 792 1167 884 prin·
1320 792 1555 886 Agnovemnt
1572 817 1657 863 vem
1680 793 1784 864 eriam
1801 788 1965 862 homines
1982 793 2092 862 seculi
2108 786 2207 861 xvl,

173 241 286 303 ΜΗ
2075 225 2212 308 xrrni

175 909 314 1004 cipibus
345 918 379 974 et
406 902 552 973 urbium
577 896 786 980 senatibus,
825 894 931 964 modo
961 889 1168 964 hominibus
1219 896 1448 989 epistolarum
1457 892 1701 966 Melanthonis
1713 896 1979 988 praestantiam,
2000 906 2208 985 coeperunt.

68 1053 72 1063 ‚
175 1010 323 1107 privatis
342 1003 568 1096 conscripsit,
593 1023 668 1069 non
687 997 803 1066 solum
827 1021 891 1089 per
913 1019 949 1064 se
971 996 1066 1066 lectu
1085 1009 1169 1065 sunt
1220 1022 1306 1093 que,
1331 1002 1416 1070 dum
1433 1000 1509 1091 ipse
1527 992 1641 1071 adbuc
1658 999 1696 1066 in
1713 997 1804 1065 vivis
1820 1009 1925 1081 esset,
1949 997 2024 1065 eius
2045 995 2209 1087 epistolas

176 1110 403 1203 dignissima,
429 1107 489 1174 sed
507 1103 612 1173 etiam
628 1101 775 1182 docent,
799 1121 972 1192 quaenam
989 1121 1042 1166 res
1057 1097 1165 1167 eccle·
1220 1101 1385 1191 colligere
1403 1117 1437 1172 et
1453 1101 1521 1169 sibi
1537 1100 1754 1183 describere,
1779 1101 1875 1167 unde
1898 1111 1974 1171 orta
1996 1112 2080 1167 sunt
2096 1095 2208 1165 Volu-

143 1268 148 1279 .
177 1215 353 1295 siasticae,
380 1234 399 1278 a
423 1207 657 1301 quibusnam,
680 1223 834 1294 quonam
849 1201 953 1267 modo
971 1200 1169 1293 quibusque
1220 1201 1317 1272 mina
1330 1198 1613 1295 apographorum
1623 1194 1931 1296 (Copierbiicher),
1948 1223 2100 1293 quorum
2111 1193 2208 1266 haud

123 1330 129 1339 ’
176 1315 376 1388 rationibus
398 1323 512 1400 gestae
537 1306 595 1374 vel
617 1317 800 1395 promotae
823 1299 965 1372 luerint
1027 1299 1168 1390 Quibus
1221 1327 1350 1395 pauca,
1376 1320 1415 1375 ut
1438 1329 1479 1373 cx
1503 1303 1621 1372 indice
1642 1303 1804 1371 codicum
1827 1315 1988 1394 apparet,
2014 1295 2129 1369 adbuc
2150 1322 2209 1367 su.

176 1421 268 1490 hene
301 1411 483 1507 perpensis
517 1407 687 1501 quisque,
727 1397 972 1471 Melanthonis
1005 1401 1169 1493 epistolas
1221 1421 1377 1498 persunt.
1427 1404 1514 1475 Post
1529 1400 1775 1474 Melanthonis
1791 1417 1907 1474 autem
1923 1402 2061 1473 obitum
2074 1402 2208 1470 maiore

165 1543 253 1591 non
269 1514 417 1587 minoris
433 1509 539 1605 pretii
554 1532 627 1576 esse
642 1529 748 1600 quam
763 1498 932 1587 Lutheri,
956 1503 1059 1572 sacile
1073 1503 1170 1572 iudi-

178 1623 291 1703 cabit,
316 1639 431 1709 neque
454 1636 552 1681 noso
569 1632 652 1678 vero
676 1607 830 1676 meritum
853 1605 1114 1688 aberrabimus,
1139 1604 1167 1671 si

178 1738 389 1802 statuamus,
430 1708 676 1784 Melanthonis
698 1708 862 1799 epistolas
885 1706 941 1774 vel
965 1707 1108 1776 maioris
1131 1706 1169 1773 in

183 1820 425 1917 cognoscenda
442 1838 560 1885 rerum
574 1807 721 1880 historia
739 1833 811 1877 esse
834 1809 1016 1881 momenti.
1070 1796 1170 1877 Mul-

78 1957 83 1985 *
180 1945 256 2000 turn
272 1925 377 1994 etiam
389 1907 714 2010 superantLutberi
724 1909 888 2002 epistolas
902 1932 1064 1981 numero.
1090 1906 1171 1976 Me-

180 2023 331 2101 lanthon
348 2023 463 2103 enim,
490 2015 720 2108 epistolarum
737 2013 782 2080 ab
803 2011 924 2080 amicis
950 2011 1172 2102 accipienda-

180 2155 262 2203 rum
277 2121 524 2218 cupidissimus
538 2131 572 2186 et
585 2115 797 2204 singularem
816 2112 1032 2205 voluptatem
1048 2136 1088 2181 ex
1104 2107 1172 2180 hoc

182 2257 261 2304 cum
290 2224 495 2297 absentibus
523 2217 702 2310 colloquio
735 2214 893 2307 capiens,
928 2214 1001 2305 ipse
1031 2235 1172 2306 quoque

182 2339 228 2404 ad
257 2327 483 2400 scribendum
513 2343 649 2410 semper
681 2330 865 2408 promptus
895 2330 929 2384 et
956 2319 994 2383 in
1027 2339 1173 2407 respon-

184 2436 300 2505 dendo
325 2423 613 2516 diligentissimus
638 2433 727 2504 crat3
762 2419 857 2487 unde
878 2419 1007 2487 factum
1032 2431 1102 2502 est,
1134 2429 1173 2486 ut

149 2564 153 2571 ’
184 2538 298 2607 maior
321 2528 550 2623 epistolarum
575 2522 651 2592 cius
670 2534 758 2589 esset
775 2543 960 2604 numerus,
985 2544 1093 2613 quam
1115 2519 1174 2586 vix
1248 2572 1252 2577 .

184 2640 293 2708 ullius
308 2629 466 2703 hominis
483 2625 578 2695 docti
596 2623 694 2691 illius
708 2622 888 2713 temporis.

286 2735 327 2808 si
349 2757 431 2802 vcro
456 2730 494 2798 in
511 2719 673 2794 Lethen·
693 2723 848 2816 epistolis
867 2723 977 2792 animi
994 2721 1176 2793 fortitudi-

186 2866 288 2924 nem,
320 2832 455 2925 ingenii
479 2827 746 2921 praestantiam,
778 2826 1033 2895 sententiarum
1057 2826 1177 2916 splen-

186 2946 309 3015 dorem
327 2953 361 3008 et
377 2935 518 3022 fulgura
532 2931 691 3010 miraris,
717 2929 755 2995 in
770 2920 1038 2995 Melanthonis
1054 2941 1176 2996 contra

188 3040 361 3135 essnspicis
384 3026 493 3106 animi
518 3030 822 3123 aequabilitatem,
848 3030 981 3119 ingenii
1001 3028 1178 3099 subtilita-

188 3164 278 3227 tem,
303 3138 557 3211 sententiarum
580 3131 864 3223 perspicuitatem
885 3145 919 3199 et
938 3131 1085 3202 lumina.
1135 3129 1177 3199 si

189 3253 229 3319 in
251 3247 348 3315 illius
371 3237 527 3331 epistolis
550 3258 677 3303 nervos
698 3247 731 3302 et
753 3234 893 3304 aculcos
906 3227 1032 3316 habes,
1058 3254 1179 3322 saepe-

191 3373 260 3446 que
281 3345 438 3417 tonitrua
457 3337 580 3407 audire
602 3349 723 3429 putas,
750 3335 787 3402 in
813 3329 921 3404 huius
944 3334 1069 3404 litteris
1090 3333 1178 3401 mira

185 3447 361 3529 ‚orationis
387 3437 577 3531 elegantia,
610 3437 850 3527 simplicitate,
879 3435 1125 3528 perspicuitate
1147 3447 1181 3503 et

191 3546 444 3622 in‘iuoicanoo
468 3538 687 3610 humanitate
709 3562 747 3606 ac
773 3539 958 3629 prudentia
984 3536 1180 3607 oblectaris.

192 3654 406 3744 Quanquam
433 3643 527 3712 enim
549 3634 762 3730 Melanthon
791 3641 836 3708 ad
861 3639 1054 3716 familiares
1080 3660 1181 3728 saepe

192 3751 426 3846 negligentius
441 3743 588 3835 scripsit,
605 3755 639 3809 et
654 3741 877 3833 potissimum
894 3741 1071 3832 epistolae,
1092 3762 1182 3831 quae

134 3848 142 3853 ⁵
193 3853 383 3927 verraaculo
399 3868 562 3919 sermone
576 3842 730 3935 scripsit,
756 3843 927 3933 elegantia
945 3855 1080 3912 carent:
1106 3840 1184 3932 ple-

193 3979 345 4051 rumque
360 3968 476 4023 tamen
491 3948 530 4015 in
547 3945 733 4015 scribendo
755 3967 918 4032 magnam
942 3939 1108 4014 adhibuit
1128 3942 1186 4012 di-

194 4058 397 4152 ligentiam,
427 4050 629 4140 multaeque
659 4046 734 4116 eius
760 4045 924 4138 epistolae
946 4058 1042 4116 tanta
1064 4043 1186 4137 splen-

75 4230 82 4237 .
196 4169 283 4236 dent
301 4157 374 4229 stili
391 4151 583 4242 elegantia,
611 4163 652 4217 ut
675 4148 917 4238 exemplorum
938 4148 1037 4230 loco,
1062 4146 1101 4215 in
1120 4170 1184 4216 suo

196 4286 323 4356 genere
350 4255 622 4333 imitandorum,
647 4245 770 4318 haberi
795 4249 941 4340 possint.
992 4247 1066 4336 Qui
1091 4247 1186 4316 enirn

170 4400 174 4411 =
197 4356 469 4441 Melantlsonem
491 4353 562 4422 levi
581 4375 690 4421 manu
706 4364 741 4420 et
755 4351 856 4443 quasi
873 4364 1035 4420 currente
1051 4349 1186 4419 calamo

108 4512 119 4530 ,-
200 4486 262 4541 sua
279 4461 443 4535 effudisse
458 4456 623 4547 opinatus
637 4452 762 4536 luerit,
784 4464 818 4522 et
835 4451 1093 4543 simplicitatem
1107 4475 1189 4520 ora-

201 4569 309 4642 tionis
326 4560 490 4635 esimiam
504 4581 578 4625 non
588 4568 663 4624 arte
673 4553 889 4645 acquisitam,
901 4556 963 4622 sed
980 4577 1020 4622 ex
1035 4553 1189 4646 quadarn

202 4665 415 4761 negligentia
439 4660 497 4747 rel
520 4656 656 4747 ingenii
679 4655 831 4724 exilitate
855 4669 970 4725 ortam
993 4677 1065 4724 esse
1085 4668 1190 4747 puta·

203 4774 313 4853 verit,
337 4792 357 4836 a
380 4787 464 4832 vero
484 4759 641 4851 profecto
664 4755 769 4845 longe
791 4757 942 4829 aberrat.
994 4755 1190 4847 Supersunt

205 4869 319 4947 adhuc
337 4865 432 4940 haud
448 4883 578 4955 paucae
592 4853 753 4941 chartae,
779 4858 816 4926 in
834 4859 964 4952 quibus
977 4852 1190 4927 Melanthon

205 4974 387 5070 epistolas,
421 4962 589 5045 consilia,
620 4960 840 5030 narrationes
861 4959 1070 5042 delineavit,
1105 4983 1192 5050 qua-

111 5128 120 5135 .
206 5102 288 5157 mm
321 5067 512 5165 permultas
541 5064 615 5155 ipse
631 5061 712 5129 nidi
740 5074 773 5128 et
802 5061 954 5145 contuli,
994 5062 1033 5130 in
1064 5061 1193 5152 quibus

209 5201 316 5275 quam
326 5158 658 5243 multaMelanthon
671 5162 982 5247 rursusdeleverit,
997 5162 1194 5244 mutaverit,

211 5272 466 5354 emendaverit,
492 5268 519 5338 ii
531 5267 592 5336 vix
606 5266 767 5350 credant,
793 5265 855 5358 qui
869 5264 1041 5333 eiusmodi
1058 5258 1195 5334 chartas

212 5406 284 5463 non
301 5376 456 5449 viderint
471 5370 549 5469 ipsi.
602 5363 709 5459 Quod
728 5380 769 5439 ut
783 5366 941 5459 exemplo
960 5365 1196 5458 comprobem,

1290 1692 1318 1761 *l
1352 1691 1549 1774 Autograpbon
1569 1691 1772 1791 Melanthonis,
1790 1691 1828 1773 ‘in
1850 1711 1905 1762 qno
1928 1693 2053 1762 concepit
2078 1688 2209 1771 iuudiciurn

1375 1758 2164 1906 istit?tltttltff'l'tttt't’slltddttltt
2181 1776 2211 1878 ii

1374 1899 1428 1980 iol.¹
1439 1917 1484 1980 no.
1494 1898 1553 1980 40}
1572 1898 1794 1980 peasacmere
1811 1898 1987 2020 descriptqm.
2017 1897 2095 1966 Quae
2110 1914 2209 1950 inatus·

1374 1968 1445 2023 subs
1460 1968 1554 2020 litteris
1572 1985 1700 2037 impressa
1715 1976 1792 2032 sunt,
1817 1987 1847 2020 ea
1860 1967 1893 2020 de
1907 1978 1962 2022 evat
1977 1963 2149 2020 Melanthea.
2182 2012 2188 2027 ,

1324 2084 1353 2139 S.
1368 2083 1403 2139 Ι).
1438 2081 1638 2164 MagnificeD.
1660 2082 1777 2146 Rector,
1802 2082 1851 2135 viri
1868 2082 2020 2137 clarissimi.
2063 2083 2104 2137 Et
2132 2082 2211 2136 Basi

1292 2152 1410 2208 Memini
1421 2151 1550 2205 Basiliam
1566 2151 1671 2210 dicere,
1689 2151 1751 2205 der
1761 2163 1821 2205 tra.
1857 2152 1922 2205 Non
1936 2162 1992 2206 tam
2004 2152 2130 2209 sinistrae
2144 2169 2213 2221 opus

1292 2242 1349 2276 esse
1374 2221 1479 2288 dextra,
1511 2239 1536 2291 q·
1563 2219 1701 2273 Ecclesiae
1727 2222 1839 2274 docen
1871 2222 2018 2274 concordia
2046 2220 2214 2275 docentium.

1295 2294 1376 2363 ltaqs,
1394 2289 1461 2343 etsi
1479 2289 1563 2341 mihi
1580 2288 1672 2341 nibil
1694 2307 1823 2360 arrogo
1842 2289 2101 2360 qualiscunqsum,
2121 2301 2213 2342 tamen

1294 2378 1357 2414 oreo
1380 2360 1441 2413 loco
1461 2357 1539 2411 dedi
1558 2377 1699 2428 operam
1718 2367 1744 2411 et
1764 2357 1887 2412 bortatur
1904 2356 1945 2409 soi
1960 2359 2052 2412 multis
2069 2356 2097 2410 in
2113 2358 2214 2410 nostris

1294 2427 1416 2482 ecclesiis
1431 2426 1463 2479 ad
1489 2427 1514 2479 ti
1536 2427 1665 2479 tuendam
1683 2426 1860 2481 concordiam
1876 2434 1972 2494 eoem,
1997 2427 2032 2479 in
2057 2428 2157 2480 veris
2182 2435 2215 2476 et

1295 2498 1370 2569 ipse
1391 2496 1656 2550 controversias
1677 2505 1714 2547 ut
1738 2513 1806 2548 non
1832 2513 1872 2564 ps
1892 2531 2038 2549 ......
2066 2503 2093 2547 et
2111 2493 2213 2564 aliquid

1295 2564 1377 2620 studii
1398 2563 1495 2619 adad
1514 2581 1546 2617 ac
1565 2562 1716 2634 diligentiae
1734 2564 1766 2619 ad
1786 2581 1843 2619 eos
1865 2563 2067 2645 coniungendas
2086 2563 2213 2616 volunta-

1295 2647 1333 2692 tes
1360 2667 1484 2689 .....
1510 2633 1596 2686 nostri
1618 2632 1722 2686 ordinis
1744 2632 1860 2688 contuli.
1903 2651 2071 2703 maximeque
2095 2629 2214 2702 optarint

1296 2711 1443 2759 nostrae
1478 2719 1534 2753 eas
1564 2701 1778 2758 Academias
1807 2701 1951 2772 praecipue
1981 2720 2025 2755 eas
2057 2699 2215 2756 Academias

1297 2791 1384 2844 quae
1406 2769 1602 2826 coelestem
1623 2770 1824 2825 doctrinam
1844 2769 1952 2842 proin
1971 2770 2216 2840 quibusnontan·

1296 2852 1355 2897 tum
1379 2850 1437 2895 tru
1462 2839 1528 2894 disci
1550 2840 1618 2892 linae
1650 2837 1784 2895 humanae
1808 2840 1867 2893 sed
1897 2840 2005 2893 etiam
2034 2836 2217 2894 ecclesiae

1296 2909 1460 2965 doctrina
1478 2918 1518 2962 tra
1540 2916 1635 2970 untur,
1653 2908 1700 2961 sed
1719 2908 1801 2962 etiam
1821 2907 1948 2962 ecclesiae
1967 2907 2090 2963 doctrina
2107 2907 2140 2959 de
2153 2906 2216 2959 Deo

1297 2988 1376 3034 sonat
1398 2995 1479 3031 vere
1504 2994 1578 3029 esse
1602 2987 1656 3029 est
1677 2995 1737 3031 vera
1759 2987 1785 3029 et
1807 2987 1915 3029 aeterna
1934 2977 2081 3031 concordia
2098 2975 2168 3027 inter
2188 2992 2217 3027 se

1298 3049 1434 3104 devinctas
1448 3063 1514 3100 esse.
1557 3045 1598 3098 Et
1621 3062 1816 3117 quanquam
1842 3057 1959 3101 cetera
1985 3063 2053 3098 non
2077 3061 2216 3114 n.·.qu.

1299 3120 1417 3188 Quare
1451 3127 1483 3168 et
1512 3132 1586 3166 eam
1621 3125 1757 3183 partem
1790 3115 1977 3167 literarum
2011 3123 2216 3168 vestrarum

1298 3186 1371 3257 legi
1390 3182 1561 3250 libenter,
1584 3182 1619 3235 in
1638 3200 1701 3266 qua
1720 3181 1929 3244 ostenditis,
1953 3199 2016 3234 nos
2034 3183 2133 3236 robis
2152 3200 2217 3236 cu·

1298 3274 1356 3313 rae
1379 3259 1469 3317 es'se,
1496 3261 1533 3307 ut
1561 3317 1569 3332 ·
1620 3249 1655 3306 δι
1686 3252 1769 3322 quid
1798 3251 1918 3320 igitur
1946 3251 2033 3304 istic
2063 3270 2102 3304 na
2179 3249 2217 3303 Si

1299 3341 1387 3400 quse
1417 3323 1426 3376 i
1458 3322 1530 3374 itur
1560 3319 1644 3374 istic
1674 3319 1951 3375 controversiae
1985 3330 2084 3372 natae
2114 3329 2218 3374 ortae

1296 3401 1391 3451 sant.
1465 3390 1560 3443 icere
1581 3385 1694 3443 nolim
1717 3388 1755 3444 in
1824 3386 1942 3442 Nollm
1967 3392 2033 3442 in·

1300 3461 1547 3518 dissensiones
1583 3457 1784 3512 extiterunt
1820 3472 1888 3511 non
1918 3466 1998 3512 sunt
2032 3466 2134 3511 ortae
2169 3476 2220 3511 me

1300 3539 1435 3588 autore.
1485 3522 1577 3580 dissi
1610 3526 1774 3596 quaedam
1808 3535 1863 3597 pat
1945 3522 2059 3578 Credo
2089 3523 2220 3580 multas

1301 3597 1477 3654 isticsere
1494 3592 1589 3650 scire
1659 3593 1789 3647 Omnia
1811 3603 1892 3647 sont
1929 3593 2026 3661 Quae
2062 3593 2221 3663 Qnissit

1301 3664 1516 3724 Germaniae
1545 3672 1661 3735 status
1689 3681 1786 3736 quam
1817 3663 2045 3719 exulceratae
2123 3662 2221 3731 Qrtae

1301 3739 1347 3794 sit
1381 3730 1554 3789 Germani

1303 3808 1361 3861 Nec
1374 3822 1438 3857 rero
1452 3800 1547 3856 dubito
1570 3798 1710 3869 aliquid
1722 3801 1781 3855 'uti
1791 3799 1908 3856 litatis
1926 3801 2100 3873 profuturum
2116 3799 2223 3855 Acade·

1303 3876 1420 3929 missum
1437 3886 1600 3928 consensum
1620 3869 1653 3922 ad
1669 3869 1807 3939 publicam
1820 3868 1984 3925 Germaniae
2002 3889 2111 3943 pacem,
2134 3881 2182 3924 ast
2201 3872 2223 3924 si

1304 3943 1364 3999 istis
1387 3939 1567 4012 impedimur,
1591 3949 1684 3990 tamen
1704 3936 1833 3992 ecclesiae
1854 3950 1935 3992 erunt
1957 3937 2171 4010 tranquilliores,
2200 3941 2224 3994 si

1305 4019 1388 4067 nost
1406 4007 1567 4064 Academias
1589 4005 1762 4077 glutinari
1785 4005 1883 4061 inter
1905 4026 1942 4063 se
1961 4015 2133 4078 poterunt
2153 4006 2225 4062 inter

1305 4100 1363 4137 sese
1382 4077 1574 4134 cohaerebunt.
1606 4074 1636 4127 Si
1651 4091 1719 4144 quse
1739 4075 1821 4145 igitur
1837 4076 1899 4132 istic
1917 4076 2096 4131 dissensiones
2117 4087 2225 4131 exortae

1306 4160 1385 4214 sunt,
1408 4164 1477 4201 non
1497 4143 1609 4199 solum
1629 4153 1730 4199 antes
1755 4163 1816 4199 nec
1841 4164 1903 4200 nec
1919 4156 1965 4200 aut
1981 4146 2226 4211 anteaaotmodo,

1306 4237 1368 4273 rere
1380 4216 1522 4270 adfirmare
1536 4230 1662 4296 possum,
1689 4211 1789 4265 nullius
1806 4231 1821 4264 a
1838 4232 1887 4267 me
1905 4213 2012 4267 volun
2029 4211 2151 4267 animum
2171 4233 2225 4267 un·

1325 4305 1388 4341 uam
1408 4285 1493 4336 meis
1511 4281 1619 4336 dietis
1635 4290 1695 4333 aut
1714 4280 1814 4335 literi
1831 4301 1845 4335 a
1860 4301 1903 4335 me
1915 4283 2057 4338 incitatum
2071 4300 2143 4346 esse,
2163 4302 2226 4336 co·

1304 4306 1430 4409 iibere
1454 4350 1570 4423 potius
1593 4348 1762 4403 hortatos
1784 4369 1874 4409 sum,
1898 4361 1935 4403 ut
1959 4349 2143 4405 acuboerte
2164 4353 2226 4405 alle·

1308 4424 1395 4485 sium.
1424 4430 1453 4474 ut
1470 4419 1580 4475 aculeos
1599 4435 1662 4472 suos
1681 4417 1834 4488 cohiberet,
1860 4437 1938 4490 saepe
1957 4418 2062 4490 rogavi.
2109 4439 2147 4475 sc
2172 4423 2225 4474 in·

1308 4491 1438 4562 telligo
1498 4488 1570 4542 Etsi
1599 4494 1714 4539 eutem
1744 4485 2039 4560 propositiones,
2077 4507 2226 4558 quarum

1308 4577 1440 4616 summa
1458 4566 1534 4612 erat
1551 4575 1566 4609 a
1584 4554 1795 4627 Magistratn
1857 4555 1928 4610 Nec
1945 4559 2093 4610 moleste
2109 4557 2229 4625 ieram,

1310 4647 1430 4683 omnes
1455 4646 1545 4682 meaa
1568 4624 1740 4694 epistolas
1763 4624 1802 4677 ad
1827 4643 1946 4680 omnes
1969 4625 2128 4698 proferri
2151 4632 2228 4699 quod

1310 4696 1447 4771 Epistulae
1460 4714 1533 4751 meae
1547 4693 1666 4764 prolatae
1676 4693 1854 4748 testabuntur.

1343 4765 1416 4821 Etsi
1441 4777 1589 4819 autema
1659 4761 1728 4818 Nec
1797 4762 1841 4815 Et
1871 4781 2071 4834 quanquam
2099 4765 2228 4819 Alesii

1311 4830 1988 4911 propositionesindiconibilrenatis
2057 4833 2229 4888 Necmibi

1312 4923 1410 4962 sumo
1434 4903 1606 4958 iudicium
1628 4901 2025 4957 de...controversiis
2050 4920 2136 4971 qnae
2159 4907 2228 4957 etsi

1315 4985 1456 5030 vestrae
1490 4967 1713 5040 reipublicae
1766 4969 1833 5024 etsi
1869 4970 1907 5024 de
1942 4971 2105 5038 negociis
2143 4990 2231 5039 quae

1314 5040 1631 5098 isticacciderunt.
1667 5039 1706 5091 de
1733 5037 2043 5109 propositionibus
2066 5057 2135 5092 non
2155 5042 2229 5095 dis·

1314 5107 1919 5178 aimuloniibiingenuetateorme
1960 5109 2232 5180 seddepropo-

1316 5179 1475 5236 titionib.
1496 5179 1648 5247 ingenue
1668 5176 1788 5230 fatcor
1805 5194 1874 5228 non
1895 5176 2086 5229 dissimulo

1352 5247 1537 5319 Quomodo
1561 5265 1616 5298 res
1686 5243 1764 5316 Quo
1795 5244 1923 5297 ordine
1952 5245 2157 5299 acciderint
2181 5268 2232 5313 aa,

1318 5318 1357 5372 de
1424 5313 1522 5385 Quid
1544 5314 1696 5384 quisque
1721 5313 1849 5367 dixerit
1872 5313 1962 5384 apud
1986 5331 2045 5365 vos
2104 5315 2161 5369 Nec
2182 5337 2232 5390 ego

1319 5389 1352 5441 de
1390 5387 1598 5456 cuiusquam
1631 5387 1705 5440 iacto
1736 5382 1896 5454 cuiusquam
1927 5402 1958 5436 er
1988 5381 2083 5437 restris
2116 5384 2232 5440 iudicari
