4500 5782
52 205 129 285 :ns
650 200 1091 285 uersrocanuu
1133 203 1238 281 nte.
1268 202 1315 281 u.
1378 202 1506 284 1520.
2023 176 2097 289 tie

52 383 149 481 quod
169 383 298 469 eciam,
322 384 504 456 decretum
524 396 587 461 est.
643 378 763 453 Hodie
784 379 1048 453 transsubstan-
1100 380 1275 466 referunt,
1298 392 1340 452 ut
1362 381 1419 450 vel
1442 380 1518 452 sine
1537 380 1642 455 titulo
1665 384 1781 454 autori
1800 384 1977 458 vindicari
1998 412 2088 485 que.

52 486 152 559 tiatie
179 486 324 557 decreta
352 498 417 562 est.
480 481 673 556 Decretum
694 498 746 557 est
767 496 803 554 et
824 484 869 555 de
889 480 1046 556 Romani
1099 494 1171 557 ant.
1222 479 1276 553 De
1296 477 1473 555 Martiae
1495 484 1688 554 calumnias
1712 487 1898 557 calumniis
1924 491 2089 563 retaliare

51 584 233 659 Pontificis
247 586 424 681 primatu,
450 611 540 683 quae
555 588 649 659 inter
671 585 858 680 opiniones
878 584 1048 678 probabi-
1098 610 1172 655 nou
1190 584 1350 673 videtur,
1373 611 1482 680 quare
1498 580 1591 656 nihil
1608 581 1778 659 hactenus
1796 613 2003 680 responsum
2023 609 2086 669 est.
2197 574 2204 591 .

52 690 102 761 les
125 714 298 776 numero,
327 690 446 785 quoad
465 688 649 780 scripturis
671 688 805 762 vincar.
826 686 1048 758 laetabantur
1097 685 1459 758 Declamatiunculam
1490 691 1535 757 ad
1567 702 1601 757 te
1632 690 1734 761 mitto
1776 691 1814 759 in
1843 689 1888 766 D.
1920 686 2085 767 Paulum

52 806 86 865 el
129 788 274 885 Lipsica
317 791 572 884 disceptatione
618 790 758 861 articuli
804 779 1047 860 Constantios
1099 790 1229 859 dictam
1257 814 1324 881 pro
1347 815 1446 859 more
1466 786 1738 861 Academiarum
1760 794 1800 861 in
1823 816 1941 877 sacro,
1976 821 2084 892 quarn

52 893 235 979 damuati,
286 918 403 987 neque
442 892 689 986 plausibiliore
727 893 797 961 alio
839 904 1045 981 argumento
1099 915 1144 959 ne
1167 891 1284 976 edem,
1313 893 1482 964 monebat
1503 894 1702 983 argumenti
1725 895 1931 983 difficultas,
1958 910 2088 971 tracta·

53 988 426 1067 EcttusMarnnum
449 996 688 1087 oppugnabat.
738 992 812 1065 Sed
832 987 889 1062 ltis
904 986 974 1086 'par
997 1005 1048 1062 est
1097 993 1214 1062 vimus
1241 993 1338 1061 enim
1360 994 1478 1065 locum
1500 995 1648 1065 minime
1670 995 1913 1090 plausibilem,
1953 1001 1992 1070 in
2012 1026 2084 1095 quo

53 1112 195 1171 tantum
217 1122 291 1167 csse
319 1098 537 1178 autoritatis,
570 1108 746 1190 qrrarttum.
769 1120 832 1187 per
859 1096 1047 1187 scripturas
1098 1096 1321 1186 explicando,
1345 1119 1391 1165 ne
1407 1097 1474 1188 ipsi
1495 1098 1639 1190 quidem
1661 1099 1782 1168 animo
1807 1114 1929 1171 nostro
1952 1104 2090 1175 satisfe-

53 1200 147 1275 licet.
178 1194 359 1295 Equidem
374 1199 585 1270 sententiam
599 1201 642 1267 de
659 1198 1047 1269 transsubstantiatione
1099 1197 1221 1267 cimus.
1272 1196 1343 1267 Sed
1367 1199 1562 1271 amicorum
1581 1199 1759 1271 voluntati
1775 1203 1934 1274 obsecuti
1957 1214 2089 1293 sumus,

53 1296 149 1373 baud
166 1303 341 1393 guttatim
355 1303 566 1395 amplector,
591 1302 652 1369 sed
671 1299 763 1369 inter
780 1298 947 1369 articulos
964 1298 1048 1369 iidei
1099 1299 1162 1392 qui
1178 1299 1354 1393 publicari
1375 1302 1564 1376 iusserunt.
1615 1300 1658 1372 ln
1689 1327 1729 1374 eo
1755 1304 1787 1373 si
1802 1306 1891 1400 quid
1906 1323 2089 1399 peccatum

56 1418 129 1475 uon
149 1418 284 1476 temere
299 1402 575 1474 numeraverim.
621 1400 760 1471 Verum
774 1396 908 1471 Christi
920 1423 1047 1493 corpus
1099 1416 1168 1485 est,
1194 1402 1383 1472 sarciemus
1404 1404 1591 1490 iacturam,
1617 1404 1734 1491 brevi,
1766 1420 1807 1477 ut
1825 1430 1945 1499 spero,
1967 1410 2092 1504 copio-

54 1506 280 1591 utanducari,
318 1506 400 1575 lidei
423 1505 593 1575 articulus
617 1517 684 1573 est:
720 1526 934 1597 quocunque
969 1517 1048 1573 tan·
1098 1503 1173 1572 sius
1204 1505 1352 1573 eandem
1382 1506 1540 1577 fabulam
1571 1508 1694 1580 acturi.
1765 1499 1875 1580 Dabis
1905 1511 2091 1601 legendam

56 1608 137 1679 dem
148 1608 261 1679 modo
284 1620 546 1678 sacrosanctum
561 1628 688 1698 corpus
706 1604 854 1695 figuram
872 1604 974 1696 panis
991 1604 1049 1671 in·
1099 1605 1239 1691 amieis,
1263 1606 1293 1674 si
1310 1632 1463 1700 quorum
1484 1632 1586 1678 aures
1602 1611 1694 1679 ferre
1710 1625 1852 1704 queant.
1904 1609 2092 1709 Quotquot

55 1710 149 1787 duat.
191 1706 316 1803 ltaque
331 1735 437 1805 quam
451 1709 630 1799 disputavi
651 1706 859 1777 sententiam
874 1705 918 1775 de
935 1720 1050 1775 trans-
1097 1698 1157 1776 bic
1172 1730 1293 1778 sumus
1308 1709 1458 1780 studiosi
1471 1711 1544 1796 tui,
1565 1711 1738 1783 miramur
1753 1714 1924 1805 tantisper
1938 1712 2031 1787 nibil
2044 1719 2091 1789 ad

55 1810 361 1895 substantiatione,
382 1838 456 1881 non
472 1810 587 1904 patiar
601 1804 812 1879 haereticam
831 1808 912 1891 dici,
936 1808 1048 1877 donec
1100 1832 1165 1877 nos
1187 1808 1306 1883 scribi.
1362 1807 1439 1901 Ego
1467 1834 1550 1881 saure
1572 1816 1832 1905 propemodum
1854 1818 2028 1905 adducor,
2051 1832 2093 1891 ut

55 1914 139 1985 lides
154 1914 234 1999 liat,
259 1914 410 1983 concilia
430 1937 547 1983 errare
563 1936 639 1980 non
653 1934 771 2003 posse,
794 1904 976 1980 Catholica
992 1908 1050 1978 in·
1100 1935 1224 1981 verum
1256 1925 1396 2003 putem,
1430 1916 1528 2006 quod
1558 1916 1602 1984 de
1622 1908 1722 1987 Loto
1742 1914 1871 1988 Poetae
1903 1919 2092 2005 linxerunt,

58 2030 105 2085 ter
127 2014 302 2086 articulos
325 2016 408 2085 fidei
435 2011 600 2084 habenda
622 2038 712 2097 esse,
743 2037 833 2115 quae
856 2012 1049 2103 scripturae
1100 2014 1243 2105 quando
1262 2028 1299 2085 tu
1314 2015 1401 2085 adeo
1417 2017 1622 2101 amicorum,
1644 2042 1732 2111 quos
1747 2014 1805 2089 hic
1821 2019 2008 2113 reliquisti,
2024 2023 2093 2095 ob-

57 2116 234 2209 toll'ragiis
253 2118 399 2210 probari
421 2129 618 2210 nequeant,
650 2110 894 2185 Consiliorum
915 2113 1051 2184 autori·
1100 2115 1187 2183 litus
1208 2114 1350 2189 videris.
1407 2114 1450 2186 ld
1472 2131 1593 2187 utrum
1612 2118 1744 2190 Slcsiae
1768 2136 1848 2192 tuae
1867 2122 2024 2210 deliciis,
2045 2148 2093 2205 an

58 2232 163 2291 tatem
176 2242 302 2313 parem
314 2242 387 2289 esse
403 2220 609 2311 scripturae.
657 2214 844 2286 Caeterum
857 2239 932 2285 non
949 2216 1051 2305 igno·
1102 2216 1243 2303 amicis,
1268 2219 1398 2311 quibus
1421 2215 1541 2289 illheic
1564 2222 1711 2305 frueris,
1736 2223 1926 2317 imputem,
1955 2226 2094 2316 ignoro.

58 2344 106 2409 ro,
131 2332 269 2417 quanta
286 2320 428 2392 licentia
441 2316 602 2391 haereses
619 2332 746 2389 vocent
760 2312 912 2391 scholae.
954 2314 1052 2386 llae—
1104 2333 1196 2391 certe
1220 2321 1452 2391 conveniebat
1472 2337 1506 2393 et
1526 2324 1640 2392 nostri
1654 2326 1827 2395 rationem
1841 2321 1976 2399 haberi.
2027 2327 2095 2399 Sa·

60 2424 143 2493 meis
164 2436 236 2509 est,
261 2424 306 2491 de
327 2424 557 2495 translatione
574 2420 643 2493 lto.
658 2418 802 2513 Imperii
827 2443 925 2489 secus
940 2417 1052 2512 loqui,
1103 2421 1220 2490 lutant
1255 2435 1289 2489 te
1323 2447 1446 2492 omnes
1486 2424 1559 2509 tui,
1607 2425 1769 2516 inprimis
1797 2427 1842 2501 D.
1869 2423 2095 2501 Dominicus

60 2538 162 2619 atque
188 2522 365 2599 Canones.
430 2524 596 2595 llaeresis
624 2535 694 2609 cst,
725 2522 895 2615 speciem,
924 2514 1055 2591 onaret
1103 2514 1330 2619 Schleupner
1339 2516 1389 2617 *),
1403 2517 1596 2595 Iohannes
1606 2520 1761 2623 Apelles
1772 2522 1844 2623 ‘'l,
1860 2524 2097 2601 Holdre‘chus

60 2618 247 2697 Ciceronis
265 2627 440 2719 exemplo,
464 2650 591 2696 vocare
606 2624 770 2698 sennam.
813 2622 978 2693 Haercsis
993 2635 1055 2709 est,
1091 2616 1296 2719 'Pindarus
1320 2620 1426 2724 m),
1470 2625 1710 2700 Hermannus
1748 2624 1951 2704 Taliclu'us
1974 2626 2097 2730 ω’).

61 2752 132 2799 non
151 2728 313 2815 tribuere
335 2742 527 2823 utrumque
549 2726 714 2798 Pontifici
735 2726 907 2816 gladium.
957 2723 1054 2794 Ilae-
1104 2724 1194 2796 Vale
1211 2728 1380 2816 feliciter,
1410 2731 1462 2800 mi
1481 2728 1603 2806 Hesse.
1652 2732 1777 2805 Mense
1792 2733 1962 2808 Februar.
1987 2732 2096 2807 Anno

61 2831 145 2901 resis
159 2842 231 2917 est,
257 2831 303 2900 de
318 2856 470 2902 numero
487 2842 787 2900 sacramentorum
803 2828 925 2916 aliter,
948 2841 1054 2922 atque
1104 2827 1210 2903 M.D.
1217 2827 1297 2901 XX.

62 2924 339 3027 Langobardos
354 2934 487 3019 scribit,
512 2932 657 3007 sentire.
704 2928 871 3000 Haeresis
888 2944 950 3015 est,
969 2930 1054 2999 bul-

62 3034 100 3105 lis
126 3036 436 3125 indulgentiarum
456 3035 638 3125 refragari.
699 3029 858 3103 Tantum
878 3027 986 3102 hodie
1008 3032 1054 3100 li-

65 3152 112 3209 tet
152 3138 390 3231 quibusdam,
430 3151 472 3209 ut
512 3136 655 3232 quidvis
692 3159 757 3227 pro
799 3159 862 3205 sna
900 3133 1053 3204 libidine

65 3238 246 3325 damnent,
274 3254 336 3310 aut
350 3241 513 3332 prebent.
563 3236 691 3309 Paucis
708 3237 854 3328 exposui
878 3236 943 3306 tibi
967 3259 1054 3305 con-

66 3340 181 3412 silium
195 3367 237 3411 ac
259 3341 434 3412 rationem
457 3340 651 3410 sententiae
671 3362 787 3423 meae,
811 3362 918 3432 quarn
940 3338 1054 3407 nolim

66 3440 104 3511 ita
133 3455 239 3535 putes
269 3468 291 3513 a
320 3468 378 3512 me
405 3458 582 3537 arreptam
612 3441 809 3523 mordicus,
852 3453 893 3511 ut
921 3439 1055 3533 siquis

67 3543 189 3617 rectius
204 3557 369 3629 moneat,
393 3570 468 3615 uon
483 3566 644 3616 cessurus
661 3543 739 3611 sim.
784 3539 933 3612 Publica
951 3538 1056 3610 scho-

68 3642 177 3717 larum
207 3646 390 3741 gymnasia
428 3644 602 3739 disputari
643 3645 810 3737 pleraque
846 3643 1056 3735 experiundi

68 3748 172 3836 gratia
196 3747 426 3841 permittunt,
453 3750 493 3817 in
510 3773 581 3841 quo
602 3746 720 3817 studio
741 3742 909 3816 nonnihil
933 3759 968 3814 et
989 3770 1057 3813 no-

67 3848 116 3919 bis
143 3850 261 3921 liceat.
323 3848 463 3919 Deinde
498 3848 748 3940 disputationis
779 3872 876 3915 meae
902 3846 1056 3939 capitae

9 3962 13 3973 '
69 3952 184 4023 multis
201 3952 435 4042 scriptoribus
457 3952 528 4020 iam
550 3950 637 4019 olim
654 3963 986 4033 controvertuntur,
1012 3972 1058 4016 ne

70 4054 140 4147 quis
159 4077 284 4123 meum
307 4050 374 4123 hoc
398 4054 597 4144 exemplum
620 4066 729 4143 putet.
780 4048 898 4143 Atque
920 4051 1057 4121 utinam

71 4155 193 4229 cenius
226 4154 364 4249 aliquid
394 4150 592 4224 haedere
621 4155 779 4245 proferat
802 4148 962 4236 Eckins,
1001 4151 1058 4221 cui

71 4256 155 4367 jen·
175 4256 367 4349 displicent
382 4268 515 4327 nostra.
563 4254 636 4325 Nec
658 4256 696 4323 in
712 4250 767 4323 bis
785 4278 858 4324 esse
879 4249 1058 4325 stomacho

72 4350 184 4429 locum
207 4360 393 4438 convenit,
419 4356 637 4450 expendatur
658 4380 797 4445 caussa,
822 4370 857 4427 et
875 4356 1061 4427 conseran-

73 4468 123 4531 tur
144 4459 343 4533 sententiae
365 4460 496 4531 iudicio
521 4473 554 4529 et
575 4483 659 4529 cura
688 4461 851 4555 quadam.
901 4458 1000 4552 Nolo
1028 4469 1060 4525 te

75 4556 223 4653 legendis
250 4562 383 4631 nostris
413 4562 548 4633 diutius
569 4554 818 4652 pulcherrimis
841 4560 968 4629 studiis
989 4557 1060 4627 tuis

77 4660 247 4751 ltaudare3
287 4662 452 4757 pluribus
472 4658 522 4758 ⁸),
561 4663 590 4731 si
621 4656 819 4747 ridebitur,
855 4656 942 4730 baec
974 4660 1061 4729 alias

23 4826 30 4845 ,
82 4776 220 4840 acturus.
282 4760 340 4834 At.
364 4760 479 4835 Eckio
500 4764 643 4834 interim
667 4790 777 4859 quom
799 4764 902 4847 abes,
934 4763 1061 4831 adver-

84 4882 128 4935 tus
142 4880 281 4938 nostros
296 4868 412 4937 libelli
425 4882 496 4937 tres
511 4866 599 4938 editi
612 4880 705 4955 sunt,
724 4866 789 4961 qui
802 4866 892 4936 adeo
902 4860 1060 4935 Eritium

9 5086 16 5095 .
88 5072 349 5097 Qun-

11 5194 19 5207 .
125 5228 315 5300 &frauduni
339 5230 497 5303 pluribus',]
516 5224 577 5300 ttp.
601 5225 681 5282 llasil.
701 5226 761 5281 ecla
790 5222 940 5291 „innodare
971 5222 1062 5296 pluri·

169 5300 258 5356 Μετ’·
305 5298 340 5355 F.

111 5510 273 5585 Mesenen.
291 5518 399 5585 Orrn.
420 5516 503 5580 Ver..
523 5514 548 5580 l.

1138 3191 1166 3261 'l
1183 3190 1272 3245 Dom.
1290 3192 1476 3260 Scltleupner,
1500 3191 1620 3249 Novesio
1642 3196 1790 3257 oriendus.
1815 3197 1972 3254 canonicus
1991 3194 2099 3252 Vestis·

1173 3258 1298 3314 laviensis
1319 3270 1345 3313 et
1359 3262 1385 3317 1.
1398 3260 1569 3327 ituraeae,
1591 3264 1719 3338 Episcopi
1733 3264 1896 3349 Vratislav..
1922 3266 2101 3348 consiliarius.

1174 3330 1207 3381 ab
1228 3348 1252 3383 a.
1269 3330 1445 3450 l5l9dusque
1470 3332 1503 3415 ²5¹
1528 3352 1564 3386 m.
1583 3336 1669 3457 ⁸⁰5⁰·
1683 3355 1706 3390 a.
1730 3336 1797 3390 1520
1814 3335 1976 3418 thebergpe
2003 3335 2101 3390 statius

1175 3399 1337 3549 titini&
1353 3400 2102 3539 :iaalltt'tlt'ttt..filit‘²¹ss'.¹¹‡÷;².“.¹.⁸.‘¹·.i¹3:

1175 3536 1252 3591 And.
1263 3536 1312 3589 W
1314 3536 1368 3591 rll's
1380 3536 1535 3611 Niirnberg.
1548 3538 1694 3596 Gelebtten
1704 3574 1715 3585 -
1723 3542 1850 3599 bericon.
1887 3544 1921 3597 l‘.

1142 3686 1157 3719 ⁸
1506 3686 1512 3699 .
1549 3687 1556 3701 .
1792 3689 1798 3703 .

1161 3683 2103 3845 'tt-tnnane.¹satanannsnact.·3‚nnn

1177 3823 2103 3969 {tina‘tlnlltltiltt''tttssnssit'tta‘ilnttll‘lttttt

1179 3960 1311 4015 Crtrcmici
1326 3969 1354 4013 et
1367 3960 1516 4015 consiliarii
1532 3961 1658 4017 Conmdt'
1671 3984 1692 4017 a
1703 3962 1730 4015 Y
1727 3965 1855 4031 trangon,
1878 3964 2006 4045 Episcopi
2018 3964 2104 4018 Bam·

1177 4029 1332 4098 bergensis,
1359 4028 1552 4083 demandatum
1576 4040 1625 4085 est.
1681 4035 1713 4086 Α.
1742 4033 1806 4086 1523
1831 4044 1943 4104 propter
1969 4032 2104 4105 virginem

1180 4096 1374 4159 monasticam,
1397 4097 1523 4167 quentin
1545 4101 1751 4155 matrimonium
1769 4102 1896 4161 duxerat.
1916 4102 2039 4171 expulsus
2051 4099 2103 4153 Vi-

1181 4168 1316 4247 tebergam
1339 4166 1429 4221 rediit.
1465 4166 1625 4239 Vitebergae
1641 4190 1664 4223 e.
1680 4171 1746 4223 1524
1760 4170 1788 4223 in
1800 4172 2021 4239 Solitoertsegen',
2037 4169 2104 4224 Pro·

1180 4233 1288 4287 lessorns
1303 4234 1377 4297 iuris,
1392 4234 1483 4288 locunt
1495 4239 1632 4290 successit.
1666 4238 1762 4291 Iliense
1772 4238 1888 4291 Octobri
1903 4258 1926 4293 a.
1936 4238 2002 4295 168)
2014 4239 2104 4293 consi·

1181 4302 1272 4355 liarius
1285 4314 1311 4355 et
1323 4302 1499 4357 cancellarius
1517 4307 1639 4374 Alberti,
1659 4307 1746 4361 nuci..
1763 4307 1920 4367 borussiae,
1938 4308 2104 4381 Regiouton·

1180 4383 1239 4425 tutu
1253 4372 1327 4430 abiit.
1362 4372 1395 4427 Α.
1407 4373 1475 4427 1534
1487 4373 1692 4448 Noriutbergatn
1708 4396 1832 4431 reversus
1846 4390 1900 4441 est,
1919 4379 2010 4448 ibique
2022 4377 2050 4432 d.
2060 4377 2104 4433 27.

1153 4490 1156 4497 ,
1180 4440 1441 4509 nt.Aprilisa.1536
1453 4453 1578 4496 ntortuus
1587 4456 1635 4497 est.
1661 4444 1725 4498 Eius
1737 4446 1911 4502 sororDom.
1919 4447 2107 4514 Schlenpnero

1180 4509 1282 4579 nupsit.
1316 4508 1354 4563 cl.
1373 4510 1574 4567 tractante.
1588 4516 1763 4569 etStrooeiie'
1778 4514 1894 4571 Miscell.
1912 4518 1933 4580 l,
1949 4517 2007 4571 106.
2043 4516 2103 4569 Lu-

1127 4626 1133 4631 .
1180 4580 1257 4631 elteri
1266 4596 1328 4649 epp.
1341 4580 1386 4632 et.
1401 4583 1437 4631 de
1454 4580 1550 4634 Weue
1569 4580 1617 4642 tv,
1630 4583 1681 4637 180
1693 4592 1719 4636 et
1735 4583 1795 4639 189.
1831 4585 1864 4641 F.

1144 4724 1208 4795 m)
1225 4723 1260 4779 de
1271 4724 1395 4778 onom
1410 4725 1446 4780 ei.
1459 4744 1541 4799 supra
1557 4744 1618 4801 pag.
1632 4728 1676 4783 44.
1711 4729 1746 4783 F.

1144 4872 1226 4937 *ml
1248 4872 1435 4927 Hermannus
1449 4872 1592 4941 Tecb'cbius
1605 4895 1670 4931 cunt
1683 4876 1975 4935 Metdtiorelounero
1989 4879 2105 4944 iuniore,

1178 4942 1961 5073 ‘intonabant¹ttatata⁵e³³¹·.
1976 4947 2106 5073 aar

1180 5030 1453 5157 lipsiibsibusiw.
1474 5080 1793 5157 tutetttg.·1natt.tto.a
1829 5036 1913 5143 Ἤ
1963 5038 2000 5074 e·
2031 5036 2105 5089 mi
