4500 5782
84 154 166 309 'aaa
635 168 1100 292 nrrsronanuu
1150 212 1259 291 nro.
1299 212 1365 290 ιιι
1419 188 1627 293 ΜΠ
2048 214 2116 291 au

89 416 125 474 et
151 413 271 471 tamen
298 391 446 484 reperiri
470 401 628 483 possunt.
690 384 732 457 Si
756 399 918 482 putatur,
954 385 1080 457 coniu—
1129 401 1208 459 tum
1230 383 1309 459 Dei.
1371 384 1468 457 Nam·
1486 381 1572 457 haec
1594 409 1666 455 uua
1686 381 1778 456 mihi
1799 387 1944 459 videtur
1967 396 2117 457 commo·

90 503 189 594 giurn
204 499 366 567 minuere
381 491 518 563 ordinis
532 486 770 561 Ecclesiastici
786 511 972 581 pompam,
994 511 1080 557 con·
1130 489 1275 559 dissima
1301 487 1392 557 ratio
1426 488 1629 558 sarciendae
1662 486 1873 559 concordiae
1906 502 1944 559 et
1976 491 2117 573 cavendi

90 603 236 676 cedatur
247 598 371 679 saltem
386 592 587 688 pastoribus
601 604 637 661 et
650 586 1080 669 ministrisEcclesiarum‚
1130 591 1242 661 multa
1265 589 1378 672 mala,
1410 613 1500 683 quaa
1527 590 1710 661 minantur
1740 585 2118 663 horribilem-castita·

91 704 175 802 quia
201 699 308 794 paulo
330 708 411 788 post
433 692 525 766 nulli
557 705 662 792 erunt
692 705 867 783 pastores,
904 691 975 761 nisi
1000 713 1082 782 per-
1130 699 1206 767 teni
1222 688 1461 761 Ecclesiamcn
1484 704 1519 761 ct
1538 687 1662 781 Reip„
1687 705 1796 783 quarn·
1819 704 1913 762 certe
1935 687 2119 783 prohiberi

91 806 214 879 otoo·
228 799 405 889 coniugio.
477 793 588 879 Pauci
621 817 717 863 nunc
747 795 839 864 liunt
874 794 1082 876 sacerdotes,
1131 794 1316 885 oportebat
1331 788 1538 884 Episcopus.
1590 788 1687 861 Deus
1712 805 1765 864 est
1788 793 1904 877 testis,
1940 794 2120 886 plerosqm

39 928 45 943 ⁴
92 904 186 979 hanc
207 927 316 974 unam
338 899 386 970 ob
409 920 567 982 causam,
593 896 688 989 quod
707 895 847 986 lugiunt
862 917 987 965 omnes
1002 917 1083 965 coe·
1132 907 1294 965 nostrum
1314 888 1452 965 hortari
1470 916 1611 976 ornnes,
1643 907 1684 963 ut
1705 893 1775 963 siut
1794 895 1924 988 quieti,
1950 909 1987 964 et
2010 895 2118 966 sinam

93 1009 268 1081 libatum..
291 1026 295 1031 ·
322 999 402 1070 llor
433 1021 540 1068 onere
579 996 741 1081 remisso,
779 990 920 1067 scholae
952 996 1082 1066 iterum
1132 1019 1199 1066 noa
1227 1008 1348 1067 nostro
1377 995 1535 1087 periculo
1560 995 1707 1073 reddere
1736 995 1912 1065 rationem
1938 999 1984 1065 de
2006 1011 2116 1067 nostis

93 1113 218 1183 fiarent
231 1100 512 1197 ‚frumentioreu
552 1113 586 1168 et
607 1096 725 1189 plures
751 1097 1002 1167 ordinarentur
1027 1119 1083 1165 sa-
1132 1099 1305 1170 doctrina.
1367 1093 1536 1188 Optarirn
1557 1091 1624 1164 hoc
1647 1096 1802 1167 vicissim
1827 1098 1866 1166 in
1889 1100 2002 1167 altera
2028 1113 2117 1188 pane

93 1213 263 1285 cerdotos.
325 1201 421 1272 Mira
445 1199 662 1271 et‘inaudita
687 1212 832 1282 resest,
862 1200 1082 1297 usqueadeo
1133 1199 1227 1284 lieri,
1249 1199 1311 1268 sed
1326 1197 1591 1292 suntqnidarn‚
1615 1197 1680 1290 qui
1702 1192 1770 1269 hoc
1793 1223 1908 1270 unum
1931 1214 2060 1287 agunt,
2083 1214 2115 1270 ut

93 1308 321 1407 pertinaciter
331 1302 509 1391 adversari
526 1300 702 1391 coniugio.
749 1297 828 1387 lloc
843 1301 946 1371 valde
962 1300 1085 1384 miror,
1133 1301 1282 1373 incitent
1299 1296 1559 1391 imperatoreos
1581 1300 1624 1369 ad
1649 1298 1879 1371 trucidandos
1905 1323 1972 1368 nos
1993 1324 2115 1383 ornnes

95 1438 159 1490 cur
171 1408 241 1495 ¹hoc
254 1432 318 1501 pro
335 1401 450 1477 nihilo
459 1405 621 1483 discatur,
634 1401 732 1497 quod
742 1401 903 1494 cupimus
914 1402 1084 1487 obedien·
1134 1400 1239 1481 'l'alia
1255 1400 1403 1473 consilia
1418 1425 1492 1472 non
1510 1399 1677 1471 videntur
1690 1402 1876 1494 profutura
1891 1398 2070 1473 Ecclesiae
2086 1416 2114 1471 rt

93 1518 181 1597 tiara
209 1521 402 1608 praestare,
433 1506 464 1577 si
488 1498 581 1575 nihil
607 1502 765 1594 exigatur
791 1516 914 1577 contra
937 1505 1084 1576 manda·
1133 1502 1377 1601 Reipublicae.
