4500 5782
138 238 214 346 aas
719 192 1162 321 ‘urrsropaaorr
1213 229 1317 305 mn.
1350 231 1398 303 11.
1460 231 1587 306 iseo
2057 340 2060 345 Ι
2106 240 2178 313 ise

141 426 290 493 turum,
319 431 363 476 ne
383 419 505 498 portae
527 404 649 488 inseri,
688 400 756 476 boc
778 418 848 489 est,
888 419 1069 496 peccatum
1093 429 1131 474 ac
1285 403 1380 474 Num
1395 404 1592 475 'offenderis
1613 428 1775 475 sermone
1799 403 2032 500 prophetico?
2065 412 2179 482 sicubi

38 523 46 540 '
141 533 238 582 mors
268 508 494 602 praevaleant
524 519 646 575 contm
679 507 780 575 eam?
844 503 956 576 Porro
992 504 1133 576 neccsse
1184 509 1228 576 de
1248 507 1380 597 gratias,
1406 508 1449 575 de
1472 507 1600 597 spiritu
1619 503 1824 577 Christiano
1849 511 1967 580 verbis
1989 513 2120 583 futuris
2141 515 2181 586 bt

139 626 194 685 est
217 613 490 683 fundamentum
519 603 724 678 huiusmodi
752 631 843 691 esse,
884 610 980 703 quod
1010 624 1131 678 contra
1183 609 1337 692 mentio,
1363 632 1444 678 cum
1464 621 1583 677 tamen
1606 622 1641 678 et
1658 623 1741 678 ante
1756 611 1979 682 incarnatum
1994 609 2180 686 Christum

141 714 293 810 pcccati,
318 711 440 784 contra
459 711 585 779 mortis
607 711 833 804 tyrannidem
850 709 1038 788 immotum
1064 707 1134 809 hu·
1183 712 1291 780 luerit
1312 708 1435 799 gratia.
1485 708 1568 779 Non
1592 723 1667 781 erat
1689 711 1728 779 in
1753 713 1921 782 cordibus
1942 715 2118 787 iustorum
2139 741 2180 786 ac

140 816 258 888 manis
280 815 459 884 mentibus
486 813 531 881 sit
557 812 694 884 solatio.
752 810 850 900 Quid
884 807 1001 883 adhuc
1025 812 1133 881 dubi·
1184 813 1437 882 salvandorum
1456 812 1512 881 lex
1532 825 1615 882 ante
1637 813 1862 883 incarnatum
1875 810 2086 886 Christum?
2135 843 2178 888 eo

32 940 76 1000 xs
142 919 313 1000 bigamus,
343 917 440 1009 quod
465 913 627 983 ecclesiae
645 913 917 991 fundamentum
942 914 1012 982 sit?
1061 912 1133 984 Ne-
1185 908 1465 1007 quodPropheta
1483 914 1542 998 ait,
1568 907 1658 982 Post
1674 908 1753 983 dies
1769 910 1869 996 illos,
1888 911 1976 985 dicit
1994 912 2178 1001 dominus,

141 1033 211 1116 que
234 1019 331 1089 enim
344 1015 487 1099 Petrus,
515 1015 576 1083 sed
591 1010 755 1084 Christus
772 1015 901 1084 adserit
915 1038 1031 1084 suasa
1051 1040 1133 1106 pec·
1186 1009 1284 1083 dabo
1317 1008 1439 1107 Iegem
1459 1036 1577 1083 meam
1607 1012 1647 1083 in
1671 1013 1865 1086 visceribus
1892 1040 2033 1099 eorum,
2075 1030 2108 1090 et
2133 1012 2178 1089 in

143 1120 403 1193 catiacmortis
422 1117 577 1189 saevitia.
627 1112 808 1187 Adversus
822 1131 963 1186 satanae
976 1118 1133 1201 insidias,
1185 1112 1425 1186 sardaeorum
1441 1114 1714 1202 scribonium,
1741 1127 1772 1186 el
1790 1141 1850 1187 ero
1868 1117 1973 1189 eisin
1993 1116 2118 1202 deum,
2146 1132 2178 1192 et

17 1302 22 1309 ‚
141 1223 309 1294 adversus
325 1220 474 1312 peccati,
497 1215 585 1287 ltem
600 1218 834 1287 conscientiae
851 1219 1004 1289 insultus
1026 1230 1134 1311 quae-
1185 1217 1262 1314 ipsi
1275 1225 1378 1286 eruut
1393 1209 1492 1285 milri
1504 1215 1544 1286 in
1556 1215 1746 1315 populum.
1788 1217 1918 1290 Nonne
1934 1236 1967 1292 et
1982 1220 2179 1295 anteChri

142 1348 181 1394 so
196 1348 284 1393 num
299 1320 449 1391 inPetro
466 1320 681 1411 praesidium
695 1320 770 1389 est?
820 1317 1052 1414 Neutiquam,
1073 1319 1133 1388 sed
1185 1335 1279 1390 stum
1302 1320 1524 1390 incarnatum
1559 1335 1678 1405 erant,
1715 1346 1867 1416 quorum
1894 1324 2062 1395 cordibus
2076 1325 2179 1395 -divi-

142 1420 352 1496 inChristo.
404 1420 486 1511 Quo
511 1421 568 1506 fit,
591 1434 632 1490 ut
653 1422 736 1490 fidei
761 1423 1038 1506 confessionem,
1064 1445 1133 1515 qua
1185 1421 1281 1493 nitus
1303 1422 1479 1512 insculpta
1505 1420 1561 1490 lex
1580 1423 1672 1493 suist
1722 1421 1792 1493 Sed
1815 1424 1903 1516 quid
1926 1419 2012 1495 haee
2033 1427 2179 1518 nugalia

141 1529 181 1598 iu
198 1521 382 1597 Christum
405 1524 484 1616 piae
504 1535 640 1592 mentes
660 1525 974 1609 transformantur,
1003 1526 1134 1617 funda-

47 1628 49 1634 ’
104 1710 112 1722 .
140 1641 301 1699 mentum
326 1626 490 1695 ecclesiae
516 1647 665 1697 censeas.
718 1623 902 1717 Siquidem
920 1627 1135 1694 fundamen-

141 1744 220 1802 tum
243 1741 311 1811 est,
337 1728 433 1820 quod
452 1738 575 1796 contra
599 1725 796 1794 inferorum
817 1741 955 1818 portas,
981 1723 1047 1797 hoc
1069 1740 1154 1811 est,-

142 1846 263 1902 contra
273 1852 422 1918 regnum
436 1841 586 1911 satanae,
601 1827 732 1918 peccati
744 1821 778 1896 et
791 1830 916 1899 mortis
924 1829 1045 1898 fideles
1056 1841 1134 1898 tue-

142 1945 211 2005 tur.
262 1928 341 1999 Hoc
357 1954 439 1999 vero
455 1930 519 1999 uni
535 1924 678 1998 Christo
694 1930 854 2003 debetur.
905 1928 1135 2001 Fundamen-

141 2047 219 2105 tum
240 2032 348 2124 igitur
368 2032 532 2102 ecclesiae
555 2055 629 2099 non
651 2044 764 2122 potest
788 2055 861 2100 esse
878 2028 1014 2104 Petrus.
1067 2031 1134 2100 Vi-

141 2136 224 2221 des,
253 2134 402 2205 candide
424 2134 550 2214 lector,
578 2130 800 2203 Sententiam
819 2153 929 2229 super
951 2126 1051 2202 hane
1064 2126 1134 2201 Pe·

142 2245 239 2307 tram
261 2250 325 2308 etc.
344 2235 521 2327 pertinere
545 2257 621 2303 non
644 2236 688 2302 ad
703 2231 889 2322 Regnum,
911 2235 971 2303 sed
988 2237 1032 2304 ad
1048 2260 1134 2304 con-

141 2340 308 2410 solandos
333 2337 664 2427 confirmandosque
694 2331 880 2405 hominum
904 2337 1060 2420 animos,
1094 2351 1133 2406 ut

143 2441 274 2522 sciant,
299 2439 386 2531 quid
409 2438 478 2505 sibi
501 2438 545 2505 sit
569 2437 607 2503 in
620 2433 764 2507 Christo
787 2438 965 2527 praesidii.
1015 2443 1133 2531 Atque

142 2538 227 2613 haec
250 2540 420 2609 inculcari
435 2534 639 2608 Christiano
659 2539 791 2630 popula
814 2539 1005 2624 debebant,
1031 2540 1133 2609 etsie

139 2640 396 2732 Evangelicum
415 2640 531 2709 locum
548 2653 696 2709 tractare
712 2641 963 2726 conveniebat,
989 2655 1030 2711 ut
1051 2642 1133 2711 usui

141 2759 230 2817 esset
260 2743 461 2812 animandis
500 2741 745 2835 erigendisque
781 2743 931 2811 adflictis
967 2744 1134 2826 mentib.,

141 2862 223 2917 cum
251 2845 353 2935 impii
380 2843 565 2934 scriptores
588 2859 842 2936 sacrosanctam
868 2844 1066 2914 doctrinam
1088 2846 1133 2913 ad

141 2961 273 3051 vestras
293 2968 405 3036 nugas
423 2945 531 3036 impie
553 2946 779 3037 detorquetis.
831 2943 905 3033 Qui
925 2947 1133 3015 observave-

141 3050 190 3120 rit
214 3051 351 3141 dequo
375 3046 552 3131 aedificio,
591 3048 726 3138 dequo
749 3046 981 3115 fundamento
1007 3049 1134 3140 loqua-

142 3166 200 3222 tur
224 3150 407 3234 dominus,
460 3145 560 3235 Quae
582 3148 666 3218 item
685 3149 755 3216 sint
779 3148 975 3218 inferorum
1000 3164 1132 3240 portae,

140 3252 212 3321 nisi
244 3251 323 3345 quis
352 3249 613 3339 grammaticam
650 3234 799 3338 figuram
839 3273 914 3319 non
947 3251 1132 3340 intelligat,

109 3416 112 3420 .
141 3352 287 3437 videbit,
298 3375 373 3419 non
389 3350 499 3420 alium
511 3351 630 3439 locum
642 3351 763 3420 minus
773 3349 970 3421 adPetrum
979 3355 1133 3445 quadra-

138 3478 197 3540 re,
221 3477 329 3547 quam
344 3446 440 3522 hunc
458 3452 585 3541 ipsum.
637 3452 835 3521 aedilicium
850 3452 945 3521 enim
968 3455 1131 3523 ecclesiae

140 3556 298 3650 spiritale
318 3566 371 3622 est
387 3576 450 3645 per
466 3554 630 3641 gratiam,
654 3553 754 3622 cuius
775 3577 869 3622 uuus
882 3550 1045 3624 Christus
1068 3556 1146 3624 ba·-

1184 1547 1393 1617 perscquor,
1421 1548 1502 1593 cum
1516 1523 1603 1592 satis
1614 1537 1765 1609 constet,
1789 1520 1856 1594 hac
1871 1527 2041 1619 loquendi
2057 1529 2178 1619 ligura,

1185 1650 1254 1718 qua
1277 1626 1419 1709 dicitur,
1445 1621 1616 1693 Ecclesia
1630 1624 1670 1695 in
1680 1617 1872 1697 Christum
1889 1623 2094 1720 aedificari,
2120 1631 2179 1701 ni-

1186 1722 1239 1795 hil
1266 1727 1364 1796 aliud
1394 1727 1602 1815 significari,
1638 1752 1745 1820 quam
1772 1729 1925 1799 subinde
1955 1732 2044 1800 alios
2072 1746 2178 1825 atque

1185 1828 1274 1897 alios
1296 1830 1339 1897 ad
1353 1823 1536 1898 Christum
1560 1829 1726 1899 advocari
1751 1853 1790 1899 ac
1811 1830 1940 1899 salvari
1957 1827 2093 1903 Christi
2114 1834 2178 1902 be-

1185 1930 1332 2014 neficio,
1357 1929 1394 1999 id
1410 1932 1508 2022 quod
1523 1944 1705 2021 praesente
1721 1931 1829 2002 verbo
1846 1955 1922 2001 non
1942 1933 2061 2023 potuit
2079 1959 2178 2005 com-

1185 2032 1289 2101 mode
1307 2031 1435 2103 efferri.
1792 2113 1805 2134 ,

1286 2129 1346 2202 Sic
1364 2128 1588 2202 rhetoricaris
1605 2134 1731 2219 frater,
1756 2129 1797 2203 tit
1811 2159 1856 2203 ne
1870 2136 2017 2228 adsequi
2031 2136 2177 2228 quidem

1185 2234 1334 2324 possim,
1366 2235 1453 2327 quid
1478 2237 1582 2320 velis,
1614 2235 1679 2304 ubi
1702 2236 1808 2323 longa
1833 2237 2072 2328 disputatione
2094 2261 2178 2331 pro·

1185 2338 1265 2420 bas,
1287 2351 1406 2427 partas
1431 2337 1536 2404 inlcri
1555 2338 1722 2407 adversus
1737 2333 1920 2406 Christum
1936 2340 2178 2429 >praevaluisse

1185 2461 1224 2505 ac
1264 2452 1447 2529 propterca
1480 2433 1663 2513 Christum
1693 2435 1872 2507 Ecclesiae
1903 2440 2177 2512 fundamentum

1185 2562 1257 2607 esse
1274 2563 1348 2607 non
1362 2563 1474 2629 posse.
1523 2537 1615 2608 Nam
1638 2539 1667 2606 si
1686 2540 1843 2607 alienum
1865 2564 2065 2611 sermonem
2087 2542 2177 2611 reci-

1185 2653 1255 2724 tas,
1278 2641 1391 2708 miror
1414 2641 1569 2709 insanire
1594 2642 1643 2710 ita
1665 2664 1766 2732 posse
1788 2636 1988 2727 hominem,
2012 2656 2056 2713 ut
2075 2644 2206 2727 dicat,r

1184 2742 1420 2834 praevaluisse
1435 2755 1557 2811 contra
1567 2737 1749 2812 Christum
1763 2756 1951 2835 potestates
1968 2745 2176 2817 interorum

1184 2842 1265 2913 Non
1290 2844 1384 2912 enim
1408 2845 1623 2932 subegerunt
1645 2839 1828 2915 Christum
1853 2845 1976 2928 inseri,
2016 2868 2176 2916 nonex-

1184 2960 1406 3037 pugnarunt,
1432 2946 1592 3038 quamvis
1607 2947 1900 3037 oppugnaverint.
1952 2942 2028 3017 Aut
2048 2947 2078 3017 si
2099 2960 2176 3017 tuus

1184 3070 1297 3115 sermo
1313 3060 1374 3131 est,
1400 3071 1520 3116 nonne
1534 3046 1654 3116 licebit
1670 3061 1704 3117 et
1721 3048 1825 3117 nobis
1844 3048 1884 3115 in
1900 3051 2052 3117 eurrdem
2067 3050 2177 3119 ratio·

1185 3147 1296 3216 cina'ri
1314 3148 1487 3217 modum?
1521 3143 1721 3218 Adversum
1738 3147 1883 3218 Petrum
1902 3151 2176 3241 praevaluerunt

1184 3263 1306 3340 partae
1337 3250 1548 3334 inferorum,
1589 3274 1671 3319 cum
1700 3273 1822 3342 passus
1849 3263 1900 3319 est
1929 3275 1993 3342 pro
2021 3246 2175 3336 Christo,

1183 3375 1257 3420 non
1275 3365 1324 3420 est
1339 3352 1446 3440 igitur
1461 3366 1572 3443 petra.
1608 3348 1708 3440 Quin
1726 3365 1774 3434 tir,
1795 3353 1916 3434 lector,
1936 3353 2100 3422 animum
2115 3354 2176 3424 ad
2197 3398 2201 3408 -

1183 3467 1279 3521 verte
1305 3453 1451 3544 propius
1474 3456 1520 3523 ad
1545 3453 1705 3522 divinam
1726 3448 1911 3524 historiam
1932 3467 1965 3522 et
1991 3453 2175 3545 intelliges,
2229 3510 2238 3524 .

1184 3554 1283 3631 nullo
1304 3555 1423 3623 minus
1441 3554 1519 3624 loco
1542 3542 1687 3645 probari
1710 3578 1811 3645 posse
1834 3555 2025 3645 primatum
2037 3552 2175 3627 Roma·

141 3658 189 3728 sis
213 3671 280 3742 est,
307 3655 596 3726 Fundamentum
616 3653 791 3723 eiusmodi
817 3677 889 3724 csse
911 3679 1049 3724 necesse
1071 3671 1132 3740 est,
1183 3679 1288 3738 nram,
1320 3680 1425 3747 quam
1451 3651 1517 3724 hoc
1542 3657 1635 3746 ipso,
1669 3680 1775 3747 quem
1797 3658 1868 3723 lere
1897 3657 2013 3725 solum
2035 3656 2175 3728 iactant

84 3799 88 3805 ·
141 3761 237 3855 quod
254 3771 374 3826 contra
390 3755 575 3834 satanam,
601 3751 840 3825 Christianam
857 3772 1011 3831 mentem
1033 3771 1132 3826 tuea-
1183 3747 1274 3824 Nam
1301 3780 1381 3825 cum
1406 3751 1753 3850 loquatur‘Christus
1781 3757 1819 3825 in
1840 3752 1931 3825 hanc
1954 3759 2176 3840 sententiam,

141 3875 211 3933 tur.
274 3858 398 3950 Neque
420 3858 515 3925 enim
537 3857 733 3926 inferorum
758 3868 879 3948 portae
909 3859 1006 3926 aliud
1039 3873 1132 3942 sunt,
1183 3851 1413 3952 Superiorem
1442 3854 1590 3925 Satara
1619 3866 1764 3952 peccalo
1787 3854 1834 3954 ³⁴)
1869 3880 1913 3926 ae
1939 3865 2052 3928 morte
2069 3857 2175 4028 gere,

140 3985 248 4060 quam
270 3959 421 4030 Satanae
446 3982 603 4047 regnum.
668 3954 718 4027 At
742 3955 924 4028 Christum
954 3983 1025 4028 non
1059 3983 1131 4028 esse
1183 3956 1352 4055 pirisqur's
1377 3952 1545 4044 crederet,
1587 3973 1735 4050 putasne
1770 3954 1835 4029 hac
1868 3959 2041 4030 sententia
2100 3975 2174 4030 etro

138 4065 430 4144 fundamentum,
461 4059 616 4151 primum
640 4083 681 4128 ex
703 4084 743 4127 eo
769 4061 924 4149 colligis,
956 4062 1053 4154 quod
1076 4062 1132 4129 di·
1183 4059 1315 4151 primas
1328 4056 1505 4129 Ecclesiae
1523 4061 1651 4151 parteis
1668 4063 1767 4130 datas
1782 4060 1879 4130 esse?
1917 4055 2045 4157 Neque
2060 4052 2174 4131 Chri-

139 4179 235 4237 etum
268 4164 315 4234 sit
340 4158 462 4232 'futuro
496 4162 622 4243 verbo,
652 4154 864 4254 aedeficabo.
930 4160 1022 4230 Nam
1051 4186 1130 4231 cum
1182 4168 1262 4230 slus
1284 4159 1419 4255 (inquit
1431 4161 1555 4255 frater)
1576 4184 1688 4258 neque
1703 4153 1850 4232 Christi
1855 4153 1977 4331 giles,
2004 4184 2100 4260 puae
2123 4169 2173 4232 esl

138 4262 303 4356 Christus
320 4263 641 4354 semperacondito
658 4266 793 4332 mundo
810 4265 1081 4332 fundamentum
1097 4278 1131 4332 et
1184 4259 1222 4330 r'n
1239 4256 1471 4343 cordePelrr‘,
1488 4256 1780 4360 fundamentum
1795 4271 1846 4334 est
1896 4258 2055 4332 eclesiae.
2096 4259 2173 4354 Ego

139 4380 244 4462 ceput
264 4365 428 4435 ecclesiae
451 4365 513 4447 sit,
537 4364 718 4458 quomodo
737 4366 786 4432 ait
808 4389 843 4433 se
864 4364 1131 4434 aedificaturum
1182 4387 1266 4434 vcro
1298 4378 1332 4433 et
1360 4360 1542 4434 Christum
1581 4378 1615 4434 et
1645 4366 1750 4433 fidem
1789 4389 1864 4433 non
1901 4388 1978 4432 cam
2018 4364 2172 4458 proprie,

138 4469 321 4541 ecclesiam
349 4467 421 4535 iam
445 4465 532 4534 olim
561 4464 802 4534 aedificatam?
853 4478 891 4534 ut
919 4480 1058 4554 argute,
1090 4480 1131 4536 ut
1182 4490 1272 4557 quae
1299 4466 1337 4533 in
1355 4462 1452 4536 Petri
1473 4479 1613 4557 pectore
1635 4480 1704 4549 est,
1738 4467 1799 4534 sed
1829 4468 1932 4557 plane
1962 4467 2173 4555 generaliter

139 4571 223 4642 scite
238 4567 379 4639 omnia!
432 4563 508 4657 Age
520 4562 716 4638 Ecclesiam
735 4567 821 4658 quid
838 4567 965 4636 vocas?
1010 4590 1130 4637 nonne
1181 4567 1303 4651 fidem,
1338 4591 1407 4659 qua
1430 4568 1579 4662 quisque
1602 4562 1784 4640 Christum
1806 4568 2068 4659 complectitur,
2100 4591 2173 4642 ease

139 4669 328 4745 hominum
362 4667 602 4740 conventum?
657 4664 769 4760 Atqui
810 4670 970 4737 nondum
997 4692 1130 4738 convo·
1180 4665 1339 4753 Petram,
1373 4692 1444 4737 esse
1467 4670 1738 4738 fundamentum
1762 4669 1838 4753 aio,
1876 4692 1946 4762 qua
1973 4668 2076 4741 velut
2094 4692 2173 4740 arce

138 4788 259 4847 catum
287 4784 363 4843 erat
393 4793 503 4861 genus
529 4763 738 4864 hominum,
772 4768 859 4860 quid
885 4769 994 4858 igitur
1019 4771 1127 4840 verbo
1180 4784 1300 4840 contra
1315 4770 1446 4841 Satarm
1461 4771 1618 4842 munitus
1636 4785 1688 4840 est
1703 4768 1851 4867 quisque
1867 4769 1991 4843 fidelis.

137 4878 258 4949 futuro
279 4872 493 4945 offenderis?
548 4865 726 4953 Ecclesia,
760 4870 916 4964 inquies,
943 4872 1013 4939 iam
1042 4872 1128 4940 olim
1281 4886 1382 4978 piget
1398 4914 1455 4958 me
1470 4904 1504 4960 et
1518 4890 1560 4959 ad
1581 4889 1739 4982 reliquas·
1754 4888 1902 4979 ineptias
1925 4900 2003 4958 tuas
2024 4912 2171 4982 respon.
2233 4928 2236 4933 ,

24 5010 31 5021 ⁴
138 4992 212 5049 ml
234 4976 414 5047 3θᾶῐῆθὸῑὸ
433 4973 472 5040 ίῐῑ
491 4967 690 5055 Christum,
717 4996 813 5041 ⁰11⁰ss
836 4995 917 5041 V⁰r⁰
939 4973 1128 5041 aelllfifflss·
1181 4991 1279 5073 dere,
1304 4992 1454 5059 maxime
1481 5015 1562 5060 cum
1579 4993 1694 5060 locum
1721 4986 1792 5057 tibi
1804 4984 1901 5057 dabo
1918 4985 2056 5075 claves,
2088 4992 2169 5061 item

138 5082 240 5152 dein
255 5078 412 5149 Petrum.
456 5073 556 5154 Vide,
570 5070 691 5155 lector,
705 5097 810 5165 quam
825 5075 1019 5143 absurdum
1033 5097 1129 5143 com·
1179 5092 1223 5159 de
1246 5086 1473 5176 didrachma,
1498 5093 1543 5162 de
1566 5092 1832 5162 confirmatione
1855 5092 1926 5160 iam
1946 5104 2029 5162 ame
2050 5115 2168 5164 mm

139 5195 308 5253 mentum.
350 5174 440 5243 Nam
458 5190 491 5244 et
508 5173 616 5242 modo
630 5175 839 5244 aedificandi
854 5190 954 5245 erant
971 5176 1008 5244 in
1022 5170 1131 5269 Chri-¹

138 5297 249 5367 stum,
275 5280 336 5378 qui
351 5278 529 5348 restabant
543 5275 704 5351 vocandi.
766 5288 773 5303 ‘

1231 5380 1280 5474 ill
1291 5406 1414 5476 pretato]
1436 5405 1464 5462 b.
1480 5427 1543 5480 opp.
1558 5426 1585 5479 p.
1602 5426 1721 5465 morem
1737 5415 1861 5479 typum:
1883 5380 2052 5478 „peecata”
2087 5405 2121 5463 F.
