4500 5782
59 202 106 279 ss
326 138 334 146 ³
643 194 1080 275 arrsrotaaun
1131 198 1239 274 ma.
1273 201 1319 273 n.
1374 199 1503 277 1519.
1729 216 1766 257 a
2044 204 2093 279 se

58 373 318 473 movendum)
342 389 394 447 est
415 373 676 445 accommodata
696 372 821 447 oratio.
873 369 991 462 Quem
1011 371 1051 440 iu
1100 366 1221 467 Tyrio
1242 375 1462 469 expositum?
1512 369 1561 445 Et
1582 372 1698 458 vides,
1732 389 1886 468 quantus
1905 375 1944 445 in
1960 374 2091 447 Silenis

57 481 206 551 modum
224 480 338 550 fertur
350 473 469 561 Zeno,
494 476 698 570 quicunque
714 475 744 545 is
758 475 845 561 fuit,
870 498 951 544 cum
964 471 1052 545 Dia-
1102 472 1307 548 Alcibiadae
1322 469 1360 573 *)
1382 477 1427 546 sit
1448 472 1653 559 Erasmus,
1686 489 1727 546 ut
1747 477 1786 546 in
1810 477 1890 548 aliis
1910 478 2091 548 admiran-

57 583 179 654 lectica
193 575 426 653 Rhetoricam
441 577 642 652 contulisse.
693 575 850 649 Proinde
861 572 1053 646 Dialectica
1102 580 1189 664 dus,
1223 579 1273 649 sic
1303 604 1344 649 ea
1373 578 1646 663 declamatione,
1679 579 1797 648 nescio
1824 582 2022 673 quomodo,
2054 605 2090 651 se

56 685 214 777 primum
227 685 400 752 tradenda
423 694 527 766 sunt,
554 681 593 747 in
619 679 749 772 quibus
773 678 946 749 iudicium
968 678 1053 748 artis
1102 680 1178 773 ipso
1202 675 1294 750 mihi
1319 681 1433 751 maior
1462 682 1619 765 videtur,
1660 703 1699 748 ac
1722 681 1827 771 plane
1849 675 2004 779 γνήσιον
2026 687 2091 776 τῆς

58 800 91 857 et
105 789 174 879 τῆς
189 777 364 879 μεθόδου
382 784 486 867 fines,
512 780 730 850 inventionis
750 781 840 861 loci,
864 802 1053 869 argumen·
1102 777 1274 870 πείθους,
1310 798 1343 852 et
1368 796 1407 853 ut
1429 775 1628 881 Sophocles
1650 781 1716 866 ait,
1750 776 1874 854 δεινὸν
1896 775 2090 878 πρόςωπον

47 904 176 961 torum
203 887 353 977 figurae,
389 883 588 955 collocandi
608 882 699 953 ratio
723 883 862 952 facilius
886 881 1051 954 cernitur.
1103 887 1244 958 referre.
1321 883 1469 954 Interim
1505 910 1523 954 e
1556 882 1723 953 manibus
1761 885 1832 953 tuis
1860 897 1900 954 ut
1929 887 2090 957 excidant

56 986 121 1061 Est
148 988 247 1059 enim
270 986 463 1059 Dialectica
493 985 663 1078 cuiusque
692 979 856 1055 thematis
878 982 1052 1075 propositi
1102 983 1264 1055 Erusmi
1282 987 1326 1056 de
1349 985 1461 1076 Copia
1476 978 1552 1081 ll),
1582 981 1763 1056 Chiliades
1787 985 2011 1075 adagionem,
2043 1014 2088 1058 ne
2129 1047 2137 1062 .

57 1104 177 1162 exacta
202 1104 237 1161 et
256 1089 443 1159 artificiosa
465 1085 731 1180 pervestigatio,
756 1101 797 1156 ut
812 1087 849 1155 si
868 1087 912 1154 de
934 1084 1051 1154 officio
1102 1089 1292 1161 committe.
1344 1087 1425 1157 Dici
1441 1113 1515 1157 non
1535 1100 1664 1178 potest,
1691 1112 1797 1179 quam
1822 1088 1866 1155 iis
1882 1106 2026 1178 operam
2042 1090 2089 1158 sis

57 1193 250 1263 dicendum
267 1182 328 1276 sit,
355 1189 461 1280 exigit
473 1212 550 1274 ars,
575 1201 615 1258 ut
630 1188 785 1279 primum
807 1187 970 1257 finitione
989 1188 1052 1256 de·
1103 1191 1280 1262 locaturus
1296 1190 1432 1262 utilem.
1482 1188 1526 1259 In
1541 1185 1608 1258 hoc
1623 1189 1822 1258 studiorum
1837 1189 1947 1260 veluti
1966 1215 2088 1282 campo

57 1295 169 1365 clares
192 1293 367 1378 officium3
401 1290 531 1361 deinde
555 1289 721 1359 subiicia's
748 1302 864 1383 partes
872 1313 883 1376 ;
910 1312 996 1382 quas
1022 1289 1050 1358 si
1102 1294 1166 1385 qui
1179 1293 1358 1363 iuventam
1375 1292 1586 1375 exercuerit,
1612 1290 1742 1358 virium
1766 1313 1848 1359 sane
1871 1293 2024 1362 multum
2044 1295 2089 1363 ad

58 1398 153 1467 inter
177 1418 215 1465 se
231 1416 430 1486 compares,
456 1403 562 1464 crunt
580 1392 752 1486 quaedam
777 1390 893 1461 officio
919 1389 1050 1476 affinia,
1102 1395 1267 1464 sublimia
1291 1395 1389 1466 seret.
1456 1389 1629 1484 Organon
1648 1390 1840 1462 Dialectica
1864 1393 2090 1481 ministrabit,

58 1498 235 1591 quaedam
258 1497 446 1570 contraria.
506 1493 589 1582 Quo
615 1493 773 1584 exemplo
794 1493 843 1579 si,
877 1492 1052 1587 quidquid
1103 1510 1158 1581 ut,
1184 1497 1214 1564 si
1230 1521 1300 1590 qua
1315 1496 1507 1565 inciderint
1518 1498 1625 1579 sorte,
1649 1488 1777 1566 habeat
1792 1519 1855 1564 ceu
1870 1495 1993 1563 silvam
2009 1522 2090 1566 ora·

58 1599 208 1668 omnino
246 1597 412 1668 inciderit
449 1597 643 1686 agendum,
688 1609 832 1680 tractes,
867 1592 1052 1665 Dialectici
1103 1599 1211 1668 tionis
1235 1613 1269 1669 et
1290 1599 1494 1682 artificium,
1520 1622 1591 1690 quo
1614 1608 1818 1684 argumenta
1834 1610 1925 1667 recte
1946 1598 2090 1690 dispen-
2132 1594 2170 1649 '-

58 1725 207 1771 munere
237 1700 404 1790 fungeris.
472 1696 555 1767 Fuit
577 1690 663 1766 haec
687 1698 869 1790 quondam
889 1698 1052 1764 exercerc·
1102 1714 1165 1773 set.
1216 1696 1370 1789 Angebit
1386 1698 1573 1790 splendore
1588 1692 1800 1783 Rhetorica,
1825 1723 1913 1791 quae
1929 1700 2090 1770 omnium

59 1805 122 1872 dae
151 1803 317 1873 iuventae
345 1800 574 1871 consuetudo.
640 1794 745 1869 Unde
770 1811 853 1868 sunt
874 1792 989 1866 adhuc
1013 1797 1051 1865 in
1102 1802 1170 1872 sihi
1194 1802 1322 1873 artium
1343 1814 1549 1870 ornamenta
1573 1800 1705 1868 asserit.
1757 1797 1875 1893 Atque
1896 1825 1936 1869 ex
1960 1797 2015 1869 his
2039 1816 2090 1872 est

60 1897 385 1996 acholis'nostris')
410 1924 616 1991 congressus
636 1900 709 1984 illi,
735 1923 824 1994 quos
841 1899 1052 1991 disputatio-
1102 1903 1372 1986 demonstratio,
1398 1927 1502 1996 quam
1524 1903 1563 1970 in
1577 1899 1776 1977 Dialecticis
1794 1903 1896 1970 docet
1911 1897 2090 1973 Aristote-

59 2029 120 2075 nes
135 2019 278 2079 vocant.
320 2002 417 2075 Tum
432 2004 463 2072 si
479 2002 599 2072 iecerit
611 2004 842 2073 fundamenta
858 1996 1052 2081 διαλίξεων
1104 2002 1175 2090 Ias,
1202 2006 1322 2089 idest,
1354 2006 1497 2073 evidens
1520 2017 1555 2074 et
1578 2003 1740 2071 ordinata
1761 2003 1813 2070 rei
1837 2003 2006 2097 cuiusque
2030 2029 2090 2074 ex·

60 2131 161 2193 usus,
203 2107 351 2178 omnino
381 2108 427 2176 ad
458 2129 662 2175 communes
689 2127 828 2174 caussas
856 2104 1052 2195 perducen-
1102 2102 1265 2199 positio,¹
1281 2108 1378 2176 uude
1402 2107 1565 2174 omnium
1586 2116 1874 2193 argumentorum
1897 2106 1985 2190 rivi,
2010 2121 2051 2176 ut
2072 2131 2090 2176 e

60 2212 144 2279 dum
166 2210 427 2278 adolescentem
451 2226 586 2277 censeo·
639 2204 682 2275 ln
697 2202 753 2274 his
774 2207 870 2275 locos
894 2229 1052 2274 commu·
1102 2212 1218 2294 sonte,
1243 2210 1438 2292 (tucantur,
1472 2206 1685 2298 amplissima
1710 2206 1905 2274 disserendi
1931 2209 2090 2282 materia.

61 2334 121 2380 nes
151 2310 344 2395 vitiorum,
381 2310 573 2394 virtutum,
609 2308 791 2392 fortunae,
821 2306 962 2391 mortis,
997 2307 1053 2374 di·
1104 2309 1147 2380 ln
1172 2308 1240 2381 hoc
1264 2305 1475 2379 Aristotelis
1497 2304 1688 2378 Dialectica
1711 2308 1888 2378 debebant
1909 2310 1988 2399 legi.
2047 2306 2092 2379 lu

61 2413 244 2498 vitiatum,
276 2410 475 2496 literarum,
510 2425 545 2480 et
570 2400 702 2479 similes
734 2402 899 2479 exerceat.
968 2406 1050 2497 Quo
1102 2410 1170 2484 hoc
1200 2404 1411 2501 aCicerone
1446 2412 1576 2494 multa,
1615 2409 1724 2479 multa
1756 2434 1776 2477 a
1805 2403 1929 2479 Fabio
1963 2411 2092 2504 scripta
2142 2472 2152 2496 ,

60 2516 220 2585 lutumm
245 2528 314 2598 est,
350 2527 391 2583 ut
412 2514 571 2582 animum
596 2514 641 2581 ad
669 2534 823 2581 summas
849 2509 1053 2601 disciplinas
1103 2529 1204 2596 sunt,
1230 2540 1319 2608 quac
1336 2515 1465 2606 partim
1483 2510 1658 2604 imperitia
1678 2525 1881 2582 nostrorum
1903 2507 2092 2584 hominum

62 2617 273 2687 instructum
290 2610 484 2710 adserat0),
511 2616 554 2683 de
570 2615 723 2683 aliorum
738 2612 876 2705 scriptis
893 2636 968 2681 non
985 2611 1053 2680 im·
1103 2618 1216 2687 iacent
1236 2619 1410 2707 neglecta,
1434 2614 1564 2707 partim
1579 2613 1732 2682 indoctis
1749 2614 2010 2684 commentariis
2026 2617 2092 2689 ob·

60 2719 168 2810 probe
186 2718 339 2801 iudicet,
361 2717 437 2811 ipse
458 2716 689 2786 commentari
713 2740 805 2785 nova
823 2715 943 2806 possit.
994 2709 1053 2783 Ad
1103 2732 1239 2788 scutata
1261 2720 1309 2788 sic
1334 2720 1536 2800 discuntur,
1561 2729 1600 2785 ut
1616 2715 1828 2806 praestiterit
1850 2741 1888 2786 ea
1914 2741 1988 2787 uon
2009 2719 2093 2788 atti-

60 2812 125 2890 hoc
151 2820 351 2913 plurimum
368 2819 574 2903 conducet,
613 2819 744 2887 lormas
771 2817 932 2887 locorum
956 2839 1053 2885 com·
1102 2822 1201 2912 gisse.
1254 2820 1326 2891 Sed
1347 2815 1434 2889 haec
1455 2842 1518 2908 ego
1534 2819 1677 2887 sortasse
1694 2818 1849 2908 longius:
1877 2843 2091 2912 quamquam
2189 2906 2192 2913 ι

61 2922 224 2992 munium
244 2921 434 3011 diligenter
448 2933 585 2996 notatas
600 2919 638 2987 in
654 2919 820 2989 manibus
836 2912 977 3003 habere,
1002 2929 1052 3002 ut,
1103 2925 1151 2994 ita
1172 2924 1217 2993 sit
1237 2922 1393 2992 conditio
1418 2921 1487 3005 rei,
1515 2933 1573 3004 ut,
1599 2919 1668 2987 nisi
1694 2920 1871 2989 obtundas
1896 2935 1929 2989 et
1952 2922 2092 3010 frangas

62 3025 217 3147 siquam
242 3022 473 3107 sententiam,
506 3022 536 3089 si
561 3023 657 3114 quod
680 3021 862 3111 adagium,
901 3020 931 3088 si
956 3019 1053 3112 quod
1102 3022 1169 3094 hoc
1191 3021 1377 3094 hominum
1396 3024 1540 3112 vulgus,
1574 3017 1780 3110 nihil'agas.
1841 3017 1918 3109 Ego
1940 3045 2024 3089 vero
2047 3024 2091 3090 de
2156 3024 2161 3035 ‘

63 3122 294 3222 ἄποφθεγμα
317 3124 482 3214 dignum,
520 3125 616 3216 quod
641 3124 680 3191 in
707 3124 845 3192 tabulas
872 3123 1054 3205 reseratur,
1101 3123 1304 3197 Rhetoricis
1327 3149 1455 3218 pauca,
1488 3147 1602 3215 neque
1624 3146 1686 3212 per
1708 3122 1841 3206 otium,
1867 3123 1914 3190 ob
1938 3116 2007 3191 hoc
2026 3147 2092 3215 p0.

63 3226 253 3320 exceperis,
279 3250 343 3295 suo
363 3227 533 3295 recondas
554 3225 643 3294 loco.
695 3221 879 3295 Accedunt
902 3222 1054 3306 fabulae,
1100 3229 1275 3298 tissimum
1298 3228 1430 3311 scribo,
1461 3238 1501 3294 ut
1530 3226 1692 3306 doceam,
1725 3225 1787 3316 qui
1812 3225 1857 3292 sit
1880 3220 2092 3295 Dialectieae

62 3353 165 3421 quae,
193 3342 233 3398 ut
256 3328 452 3420 plurimum
474 3328 627 3419 possint,
651 3326 839 3416 allegoriae
859 3337 1053 3415 praestant:
1101 3354 1203 3413 usus,
1229 3353 1343 3423 neque
1356 3324 1398 3423 ¹⁰)
1417 3325 1562 3419 probari
1582 3320 1673 3393 mihi
1695 3325 1769 3394 ulla
1794 3337 1955 3426 exparte
1979 3327 2093 3415 nostri

64 3431 159 3500 cuius
174 3430 315 3520 generis
330 3421 443 3495 Plato
463 3442 497 3496 et
512 3428 573 3520 qui
592 3430 635 3496 ad
655 3428 756 3497 illum
776 3427 936 3519 proxime
957 3450 1054 3495 acce·
1103 3434 1211 3502 seculi
1230 3429 1514 3500 commentarios:
1541 3440 1618 3496 tum
1641 3426 1671 3494 si
1693 3426 1754 3520 qui
1776 3441 1869 3497 recta
1893 3427 1949 3495 via
1973 3428 2092 3498 literas

65 3532 166 3616 dunt,
196 3531 346 3599 artifices
369 3543 461 3602 sunt.
521 3530 579 3598 An
601 3530 716 3621 potuit
740 3528 903 3623 explicari
920 3528 1053 3598 Home-
1103 3534 1243 3624 aggredi
1266 3535 1402 3616 solent,
1425 3532 1470 3600 ad
1482 3525 1687 3613 ,Rhetorum
1710 3543 1892 3621 praecepta
1916 3530 2034 3599 statim
2055 3555 2091 3600 se

66 3634 173 3703 titum
194 3624 345 3727 moly*)
365 3631 593 3724 Pffltlssssllffl,
630 3656 734 3722 ‘Illam
760 3645 808 3698 ⁰81
832 3655 851 3700 a
876 3624 1054 3698 Maximo
1103 3637 1303 3721 conserant,
1327 3630 1419 3704 nihil
1438 3632 1566 3701 inullo
1584 3654 1709 3720 genere
1725 3632 1925 3721 studiorum
1946 3655 2093 3722 promo-

285 3728 288 3733 ’
931 3740 935 3747 “
1102 3739 1193 3822 turi,
1225 3738 1295 3806 nisi
1318 3732 1403 3806 haec
1424 3734 1590 3803 meditata
1615 3746 1769 3806 teneant.
1829 3730 1888 3802 Tu
1909 3756 2090 3826 quoquec
2190 3808 2193 3812 ,

1103 3865 1141 3909 re
1183 3855 1241 3909 tua
1280 3838 1423 3920 leceris,
1461 3828 1672 3914 Bernarde,
1720 3835 1750 3901 si
1788 3859 1807 3902 e
1847 3847 1968 3904 nostro
2005 3860 2092 3905 con-

1104 3942 1183 4011 silio
1216 3941 1331 4010 studia
1360 3937 1615 4029 comparaveris
1644 3950 1716 4008 tua.
1789 3933 1878 4004 Vale
1916 3930 1989 4007 W
1983 3934 2091 4006 illan-

1104 4041 1234 4135 bergas
1264 4044 1303 4110 in
1333 4041 1549 4121 saxonibus,
1590 4036 1715 4107 Mense
1757 4036 1940 4123 Ianuario,
1980 4035 2089 4109 Anno

114 4146 140 4214 8)
157 4148 300 4201 stiantius.-
317 4146 344 4198 in
360 4144 459 4198 nostris
475 4146 582 4201 scholis.
618 4146 651 4200 F.
1104 4141 1320 4217 M,D,X1X,
2057 4144 2065 4153 ”

115 4285 140 4351 9)
160 4282 301 4337 Montius:
319 4280 419 4332 effu-at.
459 4281 494 4333 F.
545 4312 548 4317 .

117 4010 144 4076 7)
162 4009 305 4062 Manlius:
323 4010 501 4065 mouendum.
536 4013 583 4083 R

105 4429 129 4494 ⁸)
146 4428 298 4496 ‚arata
325 4425 434 4492 aaa:
458 4422 563 4483 uersa,
582 4426 613 4478 a
632 4445 683 4496 qn
698 4393 833 4485 naas,
849 4425 892 4481 ss.
927 4424 999 4476 ran.
1012 4424 1055 4486 ss,

130 4497 155 4549 4.
190 4493 383 4550 laudatissima
398 4494 542 4545 herbarum
559 4504 597 4547 est
612 4494 748 4557 llomcro,
771 4515 852 4565 quam
866 4491 1055 4549 rocariadiis
1157 4501 1198 4565 10)
1221 4495 1356 4547 Manlius:
1375 4511 1435 4547 nee.
1477 4493 1511 4544 F.

132 4573 205 4636 putat
220 4561 317 4633 Moly,
337 4572 362 4613 et
376 4561 558 4614 inventionem
576 4561 632 4615 eius
646 4564 785 4617 Mercurio
801 4563 930 4634 assignat,
948 4572 1055 4615 contra·

45 4698 50 4705 Ι
132 4650 181 4753 que
201 4650 307 4685 sumtus
331 4628 459 4684 veneficia
483 4629 658 4684 demonstrat.
702 4632 780 4684 Nasci
801 4651 860 4684 cam
884 4630 963 4683 hodie
983 4632 1054 4684 circa
1136 4635 1163 4704 ¹¹)
1184 4632 1348 4684 Melantlmn
1369 4629 1489 4698 loquitur
1508 4628 1541 4681 de
1561 4629 1630 4681 libro
1650 4627 1795 4698 inscripto:
1824 4626 1931 4690 „Sileni
1944 4628 2090 4683 Alcibiadis

153 4701 266 4754 brucum
281 4709 306 4752 et
321 4699 348 4750 in
364 4697 478 4769 Cyllene
494 4700 625 4752 Arcadiae
644 4700 767 4759 tradunt,
786 4701 875 4768 specie
893 4698 937 4751 illa
954 4697 1053 4769 llorue·
1171 4720 1221 4773 per
1240 4701 1309 4753 Des.
1330 4699 1485 4750 Erasmum
1503 4698 1738 4750 Ilnterodamum.
1776 4697 1848 4750 Cum
1867 4694 1983 4764 Scholijs
2001 4697 2090 4749 Ioan-

132 4769 198 4830 rica,
221 4766 311 4821 radice
334 4765 452 4818 rotunda
472 4767 615 4835 nigraque,
644 4766 828 4837 rnagnitudine
848 4786 958 4837 caepae,
985 4764 1053 4818 solio
1170 4767 1362 4830 aaaFrotanij
1394 4785 1423 4816 ro
1438 4783 1593 4836 graecarum
1609 4784 1710 4819 vocum
1731 4776 1758 4819 ct
1775 4765 1945 4837 quorundam
1964 4766 2090 4818 locorum

134 4836 235 4891 scillae:
267 4834 348 4907 effodi
371 4844 458 4886 autem
488 4832 643 4889 difficulter.
692 4835 790 4890 Graeci
811 4832 934 4889 auctores
956 4832 1074 4888 florem
1171 4837 1298 4890 acrtiori
1312 4786 1485 4905 intelligentia
1497 4835 1529 4887 ad
1544 4834 1645 4888 calcem
1657 4833 1799 4888 adiectis.’'
1824 4833 1952 4889 lllasileae
1966 4832 2035 4902 apud
2051 4834 2089 4887 lo.

133 4906 185 4959 eius
202 4905 305 4959 luteum
328 4903 451 4970 pinxere,
477 4903 634 4956 cumllom.
651 4905 797 4957 candidum
815 4903 928 4972 scripsit·
967 4904 1054 4956 lacus
1170 4858 1336 4960 Flobentum
1357 4905 1451 4957 Mense
1471 4902 1559 4973 apriti
1582 4900 1639 4955 ΑΝ.
1663 4902 1704 4956 M.
1720 4902 1755 4956 l).
1768 4903 1871 4961 xvtt.)
1899 4901 1968 4971 plag.
1987 4901 2032 4957 aa
2061 4903 2088 4953 in

133 4970 239 5027 llomeri
253 4970 356 5025 estOd.
368 4975 402 5036 K,
418 4970 484 5033 305,
505 4971 550 5023 ubi
564 4970 678 5042 Ulysses
695 4973 774 5032 dicit,
792 4973 842 5026 sibi
859 4982 954 5026 contra
962 4970 1053 5025 Circes
1169 4975 1225 5027 4to.
1267 4973 1296 5026 F.

134 5041 258 5095 veneficia
281 5058 294 5091 a
317 5039 457 5092 blercurio
478 5039 570 5092 datum
593 5040 765 5111 pharmacum
791 5059 805 5093 e
826 5051 895 5093 terra
918 5038 1053 5101 effossum,

53 5122 57 5136 '
137 5109 263 5163 declarata
286 5106 364 5159 simul
387 5108 442 5159 eius
462 5116 571 5170 natura,
600 5110 778 5177 subiungens,
805 5105 874 5181 Ῥίζῃ
893 5109 948 5179 μὲν
964 5110 1054 5174 μέλαν
1134 5109 1191 5179 **)
1210 5110 1280 5163 Des.
1294 5108 1410 5163 Erasmi
1420 5110 1488 5163 Ilot.
1509 5106 1577 5162 liber
1593 5109 1625 5162 de
1644 5107 1747 5177 duplici
1767 5107 1844 5177 copia
1862 5107 2023 5169 verborum,
2042 5107 2089 5187 qui

134 5178 205 5244 luae,
235 5174 354 5246 γάλακτι
374 5176 405 5229 tt
423 5178 529 5228 alasiae
548 5174 645 5236 ἄνθος.
687 5180 779 5231 Μῶλυ
797 5178 831 5232 δέ
851 5196 902 5249 μιν
924 5180 1052 5231 καλέουσι
1189 5180 1288 5232 rimam
1320 5181 1360 5232 Ar
1379 5176 1492 5232 entorati
1523 5195 1570 5247 per
1600 5177 1708 5231 stauai.
1740 5174 1859 5228 Seburer
1893 5193 1931 5228 m.
1964 5174 2087 5228 lanuarro

133 5252 205 5301 teet·
230 5244 360 5316 χαλεπὸν
379 5246 412 5299 de
429 5243 448 5296 r‘
466 5242 740 5317 ὀρὺρσεινἈνδράσι
763 5265 794 5317 ys
812 5244 968 5314 .arr,10‹·aa.’'
1017 5246 1053 5300 cl.
1169 5200 1340 5301 llt.t).xttt.
1360 5199 1448 5301 lorma
1468 5245 1638 5318 quaternaria
1650 5243 1721 5317 typis
1733 5242 1941 5314 exscriptusest
1978 5243 2009 5296 F.

134 5312 259 5368 l'hesanri
292 5311 411 5366 Graecae
441 5312 558 5383 Linguae
590 5315 623 5369 ab
644 5315 694 5368 Ἠ.
724 5315 866 5385 Stephano
903 5315 1051 5370 constructi
1472 5338 1486 5357 ι

134 5383 300 5453 (cauom.)
322 5381 385 5435 va.
400 5379 444 5433 rr.
469 5400 530 5454 pag.
546 5382 622 5438 sara.
664 5383 694 5437 r.
2075 5370 2124 5452 Δ

84 5453 238 5526 denna.
265 5461 368 5524 Ocra.
396 5460 517 5523 Vont.
1447 5453 1470 5525 5
