4500 5782
105 252 289 373 sert„

104 426 201 499 num
215 429 429 512 ¹divinarum
454 421 645 521 diligenter
666 434 774 503 vellet
796 430 971 520 colligere.
1036 425 1104 499 Af:

104 529 219 600 llictio
244 545 297 601 est
319 546 589 608 sacramentum,
647 531 712 602 Est
738 534 832 602 enirn
856 556 930 617 res,
956 531 1014 600 cui
1038 533 1103 600 ad-

105 631 343 701 iunxit-Deus
367 636 535 718 verbum,
566 661 638 728 qno
660 635 835 724 promittit
854 635 1018 722 gratiam,
1044 645 1101 702 ut:
1154 655 1227 700 non
1247 646 1298 702 est
1314 646 1450 702 tantum
1469 635 1594 703 docere
1610 634 1716 717 alios,
1739 634 1799 701 sed
1816 629 2141 700 meminisse-bene.-

105 722 204 802 Gam
215 728 449 820 iudicamur,
476 760 500 803 a
515 731 683 805 Domino
693 732 937 829 corripimur,
964 756 1007 802 ne
1023 756 1102 802 cum
1153 733 1331 819 liciorum,
1355 758 1445 826 quae
1461 735 1656 826 accepimus
1671 748 1704 803 et
1718 734 1787 825 ipsi
1801 736 1846 803 ab
1861 758 1901 801 eo
1915 756 1978 825 per
1990 743 2142 802 mortem

105 825 330 904 boemundo
350 828 576 911 damnemur.
628 836 730 907 Item:
756 830 904 906 Filiam
919 858 1023 933 quem
1043 829 1102 902 di·
1154 834 1229 904 eius
1254 848 1290 905 et
1320 837 1631 920 resurrectionem,
1667 832 1734 904 hoc
1759 849 1829 918 est,
1859 833 2060 902 meminisse
2083 854 2141 905 re·

105 929 217 1030 tigit,
237 934 411 1031 corripit.⁴
450 936 552 1007 item:
580 934 718 1007 Incoca
741 959 795 1006 mc
815 936 852 1007 in
868 934 926 1006 die
942 931 1103 1005 tribula·
1153 936 1330 1006 missionis
1354 950 1594 1027 peccatorum,
1628 962 1732 1029 qnam
1759 960 1821 1026 per
1845 959 1925 1003 eum
1954 932 2141 1024 consequi-
2236 953 2240 960 ·

106 1034 244 1118 tionis,
279 1046 310 1106 et
333 1035 488 1135 eripiam
512 1049 553 1108 te.
613 1039 825 1132 Quanquam
849 1040 958 1128 igitur
980 1060 1103 1106 sensus
1152 1060 1245 1109 mur.
1295 1037 1395 1107 Sicut
1411 1039 1504 1105 enim
1519 1040 1686 1107 voluntas
1701 1037 1769 1106 Dei
1785 1036 1984 1105 ostenditur
2008 1035 2047 1099 in
2061 1056 2142 1101 ver-

106 1139 228 1209 carnis
258 1141 441 1226 reclamet,
477 1155 511 1210 et
543 1142 676 1212 iudicet
704 1141 932 1210 afflictionem
963 1140 1103 1228 signum
1153 1138 1200 1206 ho
1227 1161 1289 1206 seu
1310 1140 1635 1232 promissione,ita
1653 1142 1757 1209 etiarn
1774 1135 2024 1207 ostenditurin
2041 1134 2146 1222 signo.

108 1261 185 1311 esse
204 1240 293 1324 irae,
319 1255 437 1310 tomen
458 1257 609 1312 statuere
628 1244 795 1312 debemus
821 1266 896 1311 non
919 1266 959 1310 ex
981 1255 1101 1310 nostro
1154 1253 1324 1332 tanquam
1341 1241 1381 1308 in
1397 1241 1544 1331 pictura.
1595 1239 1642 1309 Et
1657 1256 1697 1311 ut
1710 1242 1857 1311 verbnm
1870 1237 2064 1330 percipitur
2078 1259 2143 1303 au-

107 1365 235 1426 sensu,
271 1342 331 1411 sed
366 1364 408 1411 ex
438 1346 546 1414 verbo
573 1343 658 1428 Dei,
702 1344 930 1414 afflictionem
960 1343 1102 1431 signum
1153 1341 1270 1424 ribus,
1296 1355 1336 1410 ut
1356 1342 1540 1412 exsuscitet
1565 1343 1669 1410 fidem
1695 1343 1733 1410 in
1762 1343 1886 1426 corde,
1919 1339 1967 1408 sic
1991 1335 2143 1428 incurrit

107 1465 185 1515 esse
206 1444 338 1533 gratiae
362 1467 425 1514 seu
444 1446 718 1516 misericordiae.
770 1443 863 1515 Sunt
885 1445 969 1513 item
987 1464 1103 1511 sacra·
1153 1442 1292 1530 signum
1311 1444 1349 1510 in
1367 1443 1508 1528 oculos,
1531 1457 1571 1512 ut
1592 1457 1626 1513 et
1641 1445 1756 1535 ipsum
1780 1444 1963 1512 exsuscitet
1976 1440 2081 1509 fidem
2104 1439 2143 1506 in

107 1558 232 1616 menta
255 1544 370 1613 officia
394 1547 563 1631 caritatis,
601 1547 683 1638 quia
709 1548 843 1617 accedit
863 1547 1011 1614 verbum
1033 1539 1102 1610 Dei
1154 1545 1271 1615 corde.
1327 1540 1481 1634 Ideoque
1505 1540 1725 1632 Augustinus
1749 1545 1907 1636 scripsit,
1930 1562 2142 1615 sacramen-

108 1666 183 1738 qno
199 1645 417 1737 promittitur
432 1649 557 1735 gratia:
584 1644 686 1715 Date
702 1653 733 1716 et
750 1642 902 1715 dabitur
919 1642 1028 1729 cobis
1046 1665 1102 1711 re·
1154 1650 1229 1712 tum
1253 1665 1326 1711 esse
1351 1641 1493 1713 visibile
1520 1642 1681 1724 verbnm,
1718 1644 1806 1742 qnia
1833 1641 1927 1713 idem
1953 1635 2142 1734 significat

109 1744 273 1815 mittenti
287 1744 494 1820 remittetur.
548 1748 595 1820 Ut
613 1750 708 1818 enim
725 1773 825 1818 arcus
844 1748 1102 1838 significatter-
1154 1740 1255 1842 quod
1270 1741 1484 1839 promissio,
1519 1754 1550 1813 et
1570 1754 1621 1815 cst
1644 1755 1824 1843 tanquam
1846 1744 1991 1842 pictura
2014 1737 2142 1812 divina

108 1872 292 1943 ramnon
320 1872 392 1917 esse
430 1851 622 1942 perituram
656 1852 808 1942 amplius
845 1850 1002 1918 diluvio:
1053 1847 1102 1914 ita
1156 1843 1375 1926 voluntatis,
1408 1843 1500 1915 sicut
1522 1846 1665 1917 verbum
1691 1871 1762 1917 coa
1781 1856 1832 1917 est
1858 1843 2060 1916 voluntatis
2084 1837 2143 1921 di-

109 1950 310 2040 significant
329 1974 435 2041 opera
455 1952 624 2036 caritatis,
656 1954 751 2043 quod
767 1949 864 2019 Dens
888 1951 974 2020 velit
998 1947 1103 2017 nobis
1157 1946 1271 2015 cinae.
1322 1946 1420 2016 Haec
1441 1949 1484 2016 de
1502 1972 1568 2018 usu
1591 1965 1887 2019 sacramentorum
1912 1947 2065 2017 iudicavi
2093 1947 2144 2013 le-

111 2052 314 2142 ignosceres
377 2050 477 2122 Sicut
512 2053 624 2120 vellus
654 2052 848 2122 Gedeonis
864 2048 1003 2140 signum
1035 2048 1104 2118 fuit
1156 2062 1287 2119 ctorem
1311 2070 1383 2117 esse
1406 2043 1643 2135 monendum,
1669 2053 1752 2143 qnia
1773 2053 1920 2145 quidam
1942 2052 2070 2118 docent
2094 2048 2144 2115 sic

111 2152 307 2244 promissae
331 2153 518 2236 victoriae,
549 2154 598 2221 ita
618 2155 761 2225 afflictio
785 2155 925 2242 signum
947 2165 999 2221 est
1020 2174 1104 2243 pro·
1155 2163 1291 2219 tantum
1303 2151 1360 2220 uti
1376 2153 1619 2237 sacramentis,
1645 2166 1684 2221 nt
1700 2177 1816 2221 coram
1836 2147 2041 2220 hominibus
2061 2172 2144 2238 pro-

110 2251 240 2324 missae
269 2255 409 2343 gratiae.
475 2253 598 2347 Neque
625 2268 743 2324 tamen
764 2256 877 2325 vellus
903 2251 1105 2323 iustificavit
1155 2252 1450 2320 fiteamurfidem:
1486 2247 1577 2322 hanc
1591 2267 1724 2343 partem
1743 2254 2155 2345 praetermittunt,'esse·
2213 2242 2219 2250 ’

112 2353 332 2440 Gedeonem,
358 2357 417 2424 sed
436 2356 521 2424 fides
536 2380 605 2448 qua
620 2357 771 2426 credidit
781 2354 869 2440 Deo,
894 2356 943 2424 ita
959 2352 1103 2424 afflictio
1155 2353 1328 2423 utendum
1350 2354 1440 2437 illis,
1467 2354 1549 2445 quia
1572 2371 1742 2426 moneant
1762 2370 1796 2425 et
1816 2355 2030 2444 significent,
2057 2350 2145 2443 quid
2214 2373 2220 2387 “

113 2481 189 2526 non
213 2456 392 2527 iustificat:
428 2457 475 2524 ita
506 2482 570 2525 nec
596 2483 701 2549 opera
725 2459 878 2529 caritatis
902 2457 1104 2535 iustificam,
1156 2450 1259 2522 aDeo
1276 2454 1499 2546 accipiamus,
1512 2456 1593 2547 quia
1609 2457 1792 2545 erigantet
1804 2452 2144 2526 exsuscitentfidem.

113 2558 176 2627 sed
197 2557 297 2647 signa
323 2570 405 2626 sunt
423 2559 613 2650 promissae
633 2560 775 2647 gratiae.
828 2553 981 2649 Oportet
997 2558 1105 2647 igitur
1154 2551 1236 2624 Erit
1256 2569 1371 2624 autem
1395 2551 1454 2624 hic
1477 2556 1576 2626 locus
1599 2558 1708 2646 magis
1728 2560 1950 2649 perspicuus,
1981 2577 2147 2624 cum-ex-.

113 2659 220 2728 fidem
244 2660 406 2729 accedere
430 2684 519 2753 qnae
541 2662 660 2729 credat
674 2660 903 2752 promissioni
917 2659 995 2734 Dei.
1046 2651 1104 2724 Ad
1157 2657 1377 2746 posuerimns
1406 2657 1684 2752 uniuscuiusque
1716 2659 1925 2729 sacramenti
1960 2654 2144 2748 proprium
2200 2750 2202 2754 μ

112 2757 211 2830 hunc
241 2761 388 2829 modum
418 2774 452 2829 et
482 2762 668 2854 pleraeque
693 2763 782 2831 aliae
804 2785 861 2830 res
884 2761 1002 2849 colligi
1025 2781 1105 2849 pos-
1156 2783 1272 2833 usum.
2108 2821 2111 2825 .

113 2875 213 2946 sent,
249 2863 379 2954 quibus
405 2862 545 2935 additae
576 2876 657 2932 sunt
685 2863 937 2955 promissiones
965 2861 1104 2949 gratiae,
1258 2859 1422 2931 Secundo
1449 2866 1591 2953 prodest
1612 2878 1646 2934 et
1659 2858 1727 2932 boc
1742 2864 1898 2946 moneri,
1927 2871 2145 2929 sacramenta

114 2987 214 3055 quae·
230 2977 322 3033 recte
349 2975 384 3032 et
406 2962 543 3032 utiliter
565 2978 780 3033 sacramenta
807 2964 928 3034 vocari
959 2963 1105 3053 possint.
1157 2986 1229 3031 non
1246 2962 1442 3036 iustificare.
1495 2962 1685 3037 Falluntnr
1701 2964 1795 3032 euim
1813 2965 1874 3055 qni
1892 2962 2093 3031 existimant
2109 2980 2155 3026 se-

683 197 1117 373 Ertsrdnantttt
1165 256 1271 330 LlB.
1308 256 1372 357 Ν.
1415 254 1556 333 '16284
1637 313 1639 316 .
2067 252 2156 327 958,

1154 430 1244 500 sicut
1269 445 1312 501 et‘
1327 425 1490 500 Christus
1513 433 1631 516 docet,
1664 455 1743 499 cnm
1766 429 1899 521 inquit:
1932 421 2014 502 Hoc
2025 423 2157 595 {aciu-

1154 527 1194 598 in
1226 528 1298 599 mei
1323 531 1547 604 memoriam.
1617 531 1823 600 Meminisse
1852 543 1971 599 autem
1995 526 2024 597 C
2051 527 2154 609 cisti,
2247 564 2248 568 ¹

114 3063 189 3135 Nos
224 3078 343 3133 autem
381 3079 597 3134 sacramenta
632 3065 814 3134 communi
854 3065 1105 3134 contuetudine

114 3180 371 3256 nuncupamus·
391 3160 476 3234 haec
508 3168 597 3250 duo,
637 3165 858 3255 Baptismnm
889 3181 924 3236 et
949 3163 1106 3234 Coenam

113 3265 280 3349 Domini,
305 3274 389 3360 quia
403 3282 486 3335 sunt
503 3268 722 3335 ceremoniae
740 3269 912 3359 quaedam
933 3266 1107 3334 divinitus

114 3369 312 3450 institutae,
339 3368 468 3460 quibus
491 3382 575 3437 sunt
597 3369 736 3437 additae
759 3368 1010 3458 promissiones
1027 3389 1107 3456 gra-

119 3470 209 3539 tiae,

216 3567 449 3662 Posteaquam
467 3572 511 3639 de
527 3573 698 3641 vocabulo
716 3571 924 3641 sacramenti
944 3570 1107 3656 diximus,

116 3673 308 3741 dicendum
333 3683 384 3739 est
407 3671 510 3740 etiam
533 3672 572 3739 in
589 3695 714 3761 genere
731 3675 775 3741 de
789 3697 855 3742 usn
870 3688 1107 3743 sacramento-

118 3798 211 3845 rum.
278 3769 440 3840 Primum
467 3773 576 3861 igitur
603 3769 670 3842 hoc
693 3776 859 3858 sciamus,
890 3788 1105 3844 sacramenta

118 3900 193 3944 non
218 3886 356 3942 tantum
374 3874 534 3945 instituta
550 3898 623 3943 esse
640 3875 677 3942 in
695 3871 779 3960 hoc,
802 3890 842 3945 ut
860 3889 964 3944 notae
980 3890 1106 3954 essent,

118 3999 215 4068 qnae·
242 3976 482 4044 discernerent
501 3970 722 4044 Christianos
754 4002 773 4045 a
803 3978 986 4066 gentibus,
1018 3978 1106 4046 sicut

117 4093 198 4166 toga
229 4073 412 4146 Romanos
448 4077 667 4146 discernebat
693 4103 712 4146 a
738 4076 899 4148 Graecis:
934 4092 996 4148 aut
1018 4079 1108 4146 sicut

98 4178 266 4253 ,vestitus
289 4176 456 4247 discernit
477 4173 686 4252 Monachos.
746 4177 804 4248 Sic
826 4181 923 4261 enim
948 4180 1108 4248 scribunt

117 4278 303 4360 nonnulli,
328 4273 571 4347 Sacramenta
586 4302 659 4348 esse
673 4277 865 4361 instituta,
890 4288 928 4347 nt
943 4304 1008 4375 per
1019 4274 1108 4349 lzaec

1158 3063 1281 3133 meteri
1308 3064 1550 3133 remissionem
1574 3079 1796 3155 peccatorum
1819 3066 1885 3135 isto
1910 3087 2034 3154 opere,
2064 3083 2146 3130 cum

1157 3165 1373 3236 manducant
1386 3163 1541 3234 Coenam
1557 3162 1716 3236 Domini.
1767 3164 1899 3234 Paulus
1924 3165 2019 3232 enim
2045 3164 2147 3245 docet

1159 3259 1356 3355 iustificari
1375 3289 1442 3336 nos
1465 3290 1538 3335 nnn
1554 3289 1600 3334 ca:
1617 3266 1801 3362 operibns,
1827 3261 1895 3336 sed
1908 3259 2055 3357 exstde,
2097 3258 2146 3331 Et

1159 3368 1250 3435 sicut
1273 3368 1397 3435 audire
1424 3369 1572 3437 verbum
1596 3369 1672 3436 sine
1696 3370 1764 3436 fide
1787 3393 1860 3436 uon
1887 3368 2074 3448 iustificat,¹
2097 3363 2154 3432 ita.

1158 3469 1213 3538 uti
1233 3482 1451 3539 sacramento
1473 3470 1549 3538 sine
1575 3470 1642 3537 fide
1664 3494 1737 3537 non
1758 3471 1931 3542 iustificat.
1996 3466 2088 3536 Nam
2112 3478 2153 3549 et,

1160 3570 1274 3661 ipsum
1302 3585 1559 3640 sacramentum
1587 3585 1656 3655 est,
1696 3585 1735 3640 ut
1764 3585 1844 3640 ante
1872 3570 1964 3654 dixi,
1998 3567 2145 3637 verbum
2195 3612 2200 3624 .

1159 3672 1337 3763 quoddam
1356 3672 1507 3742 visibile.
1557 3671 1658 3742 Sicut
1673 3674 1768 3740 enim
1785 3697 1852 3740 vox
1870 3671 2071 3762 percipitur
2083 3691 2146 3737 au-

1159 3774 1276 3856 ribus,
1300 3774 1347 3841 ita
1363 3787 1619 3842 sacramentum
1636 3775 1785 3842 incurrit
1800 3775 1839 3841 in
1852 3773 1988 3855 oculos,
2012 3785 2052 3840 ut
2067 3793 2146 3845 mo—

1158 3887 1238 3942 veat
1268 3876 1373 3943 corda
1405 3866 1449 3943 ad
1476 3877 1708 3944 credendum:
1754 3889 1788 3945 et
1819 3899 1899 3943 cum
1930 3883 2151 3943 sacramenta

1160 3975 1364 4046 contineant
1377 3976 1645 4066 promissiones,
1671 3978 1717 4046 ita
1737 3978 1876 4046 demum
1893 3989 1985 4045 recte
2005 3987 2151 4047 utemur

1160 4099 1249 4169 quae
1273 4078 1545 4167 promittuntur:
1579 4102 1662 4145 nam
1689 4092 1722 4148 et
1750 4078 2000 4170 promissiones
2025 4072 2152 4163 requi-¹

1160 4191 1244 4248 mut
1259 4179 1375 4251 fidem.
1428 4178 1527 4249 Sicut
1540 4177 1672 4248 Paulus
1688 4181 1789 4248 docet
1803 4177 1909 4249 Rom.
1924 4178 1960 4250 4.
2010 4171 2060 4244 Et
2073 4171 2143 4268 ibi·

1160 4282 1240 4349 dem
1271 4276 1372 4349 docet
1393 4275 1591 4358 Abraham,
1628 4303 1701 4347 non
1726 4302 1800 4347 esse
1831 4273 2066 4371 iustificatum
2098 4295 2145 4341 cx
2204 4358 2208 4368 1

117 4373 363 4450 ostendamus·
379 4377 569 4470 gentibus,
613 4404 680 4449 nos
711 4376 847 4449 credere
869 4374 1038 4461 Christo,
1076 4391 1107 4449 et
1159 4378 1444 4461 circumcisione,
1468 4375 1535 4450 sed
1546 4376 1848 4450 circumcisionem
1857 4378 1981 4477 fuisse
1994 4376 2145 4472 signum

112 4477 355 4579 profiteamur
363 4475 481 4570 fidem
506 4504 627 4549 coram
654 4475 884 4561 bominibus,
924 4492 955 4551 et
983 4491 1107 4552 nostro
1160 4479 1342 4562 iustitiae,
1377 4484 1506 4567 idest,
1541 4507 1611 4574 quo
1630 4479 1725 4552 Deus
1752 4495 1895 4551 testatus
1917 4483 1962 4551 sit
1980 4504 2017 4548 se
2039 4477 2145 4547 miso

116 4579 284 4676 exemplo
300 4578 399 4650 alios
413 4580 605 4650 incitemus
620 4577 962 4679 adsnscipiendam'
974 4581 1107 4653 doctri-
1158 4585 1229 4653 reri
1243 4578 1426 4669 Abrahae,
1452 4609 1491 4652 ac
1506 4583 1692 4652 iustificare
1708 4578 1901 4652 Abraham.
1950 4581 2029 4651 Hoc
2046 4579 2145 4652 testi-

117 4709 209 4753 nam
230 4675 387 4751 Christi.
451 4682 526 4752 Nos
555 4709 639 4754 vero
667 4685 716 4753 sic
747 4687 957 4770 sentiamus,
992 4710 1107 4757 sacra·
1160 4685 1281 4754 monio
1321 4687 1524 4754 confirmata
1564 4700 1615 4754 est
1650 4700 1682 4753 et
1715 4686 1817 4754 aliter
1849 4687 1934 4755 fides
1968 4676 2155 4764 Abrahae,

119 4800 238 4856 menta
256 4809 329 4853 esse
345 4785 537 4854 voluntatis
553 4786 696 4854 divinae
713 4786 810 4875 signa
832 4810 912 4877 erga
932 4812 1017 4871 nos,
1042 4812 1106 4857 nec
1158 4800 1301 4878 propter
1325 4812 1430 4878 quam
1458 4787 1660 4855 iustificatos
1685 4791 1757 4857 ests
1811 4785 1964 4880 Ideoque
1992 4783 2145 4875 appellat

116 4895 261 4958 tantum
277 4887 375 4974 signa
393 4910 465 4954 esse
484 4901 624 4957 nostrae
641 4887 868 4980 professionis
889 4912 968 4978 erga
991 4885 1107 4958 homi·
1158 4887 1291 4957 Paulus
1322 4885 1623 4957 circumcisionem
1655 4884 1825 4978 sigillum
1856 4886 2028 4956 iustitiae.
2095 4880 2145 4954 Ut

117 5013 193 5062 nes.
263 4985 311 5058 Ut
333 4988 428 5054 enim
452 4988 565 5057 vellus
588 5003 660 5058 erat
684 4986 847 5059 Gedeoni
872 5014 945 5060 non
968 5004 1106 5061 tantum
1161 4990 1255 5058 enim
1281 4990 1395 5079 sigilla
1416 5014 1481 5058 nos
1502 4993 1545 5058 de
1567 4981 1709 5058 alterius
1739 4991 1920 5059 voluntate
1951 5001 2063 5058 certos
2089 4983 2143 5051 fa-

119 5112 185 5182 pro
209 5102 292 5158 nota
312 5105 381 5180 qua
400 5090 570 5157 exercitus
588 5091 663 5159 eius
679 5090 722 5159 ab
738 5086 915 5176 hostibus,
939 5105 1108 5184 tanquam
1160 5091 1276 5173 ciunt,
1300 5091 1347 5160 ita
1364 5117 1427 5183 per
1445 5091 1745 5160 circumcisionem
1768 5092 1894 5160 certior
1908 5091 1946 5160 lit
1962 5080 2143 5159 Abraham

120 5190 289 5262 castrensi
311 5201 439 5258 tessera
467 5189 707 5274 discernetur,
750 5194 811 5262 sed
833 5192 944 5282 magis
968 5195 1107 5282 signum
1160 5193 1207 5260 de
1221 5193 1403 5262 voluntate
1420 5191 1498 5264 Dei.
1550 5190 1609 5262 Sic
1623 5205 1657 5261 et
1672 5215 1737 5259 nos
1754 5192 1808 5259 uti
1830 5189 2055 5260 sacramentis
2077 5210 2144 5254 no-

114 5292 313 5362 voluntatis
323 5288 391 5359 Dei
416 5304 450 5361 et
474 5292 666 5382 promissae
689 5293 857 5365 victoriae
874 5295 1014 5385 pignus.
1055 5290 1108 5363 Ita
1160 5293 1242 5362 stris
1257 5296 1439 5374 dehemus,
1466 5308 1500 5362 et
1523 5294 1678 5362 iudicare
1700 5316 1740 5360 ea
1762 5286 1834 5361 esse
1853 5293 1954 5382 signa
1979 5290 2143 5370 institiae,

118 5398 165 5464 εὶ,
183 5393 292 5464 nobis
320 5407 535 5463 sacramenta
568 5406 651 5464 sunt
683 5394 783 5484 signa
811 5395 1004 5472 voluntatis
1029 5393 1107 5480 Dei,
1160 5418 1251 5488 qnae
1278 5392 1476 5466 exhibuerit
1505 5394 1609 5465 nobis
1627 5389 1806 5479 Christus,
1838 5408 1878 5466 ut
1900 5404 2144 5467 restaret-¹¹³⁰
