<?xml version="1.0" encoding="UTF-8"?>
<!DOCTYPE html PUBLIC "-//W3C//DTD XHTML 1.0 Transitional//EN"
    "http://www.w3.org/TR/xhtml1/DTD/xhtml1-transitional.dtd">
<html xmlns="http://www.w3.org/1999/xhtml" xml:lang="en" lang="en">
 <head>
  <title>
</title>
<meta http-equiv="Content-Type" content="text/html;charset=utf-8" />
  <meta name='ocr-system' content='tesseract 3.04.00' />
  <meta name='ocr-capabilities' content='ocr_page ocr_carea ocr_par ocr_line ocrx_word'/>
</head>
<body>
  <div class='ocr_page' id='page_1' title='image "./corpusreformato07melagoog/corpusreformato07melagoog_0545.png"; bbox 0 0 4500 5782; ppageno 0'>
   <div class='ocr_carea' id='block_1_1' title="bbox 39 158 2139 309">
    <p class='ocr_par' dir='ltr' id='par_1_1' title="bbox 39 158 2139 321">
     <span class='ocr_line' id='line_1_1' title="bbox 39 158 2139 309; baseline -0.004 1"><span class='ocrx_word' id='word_1_1' title='bbox 39 172 42 177; x_wconf 9' lang='lat' dir='ltr'><strong>i</strong></span> <span class='ocrx_word' id='word_1_2' title='bbox 113 217 191 309; x_wconf 68' lang='lat'><strong>⁸9⁰</strong></span> <span class='ocrx_word' id='word_1_3' title='bbox 593 284 600 301; x_wconf 78' lang='grc'><em>,</em></span> <span class='ocrx_word' id='word_1_4' title='bbox 690 219 1127 301; x_wconf 65' lang='lat' dir='ltr'><strong>sustentauit</strong></span> <span class='ocrx_word' id='word_1_5' title='bbox 1176 224 1288 302; x_wconf 59' lang='lat' dir='ltr'><strong>utet</strong></span> <span class='ocrx_word' id='word_1_6' title='bbox 1317 224 1382 299; x_wconf 72' lang='lat' dir='ltr'><strong>rr.</strong></span> <span class='ocrx_word' id='word_1_7' title='bbox 1412 158 1564 301; x_wconf 67' lang='lat' dir='ltr'><strong>aher.-</strong></span> <span class='ocrx_word' id='word_1_8' title='bbox 2069 227 2139 301; x_wconf 85' lang='lat' dir='ltr'><strong>soc</strong></span> 
     </span>
    </p>
   </div>
   <div class='ocr_carea' id='block_1_2' title="bbox 18 388 2141 1708">
    <p class='ocr_par' dir='ltr' id='par_1_2' title="bbox 18 388 2141 1708">
     <span class='ocr_line' id='line_1_2' title="bbox 18 388 2141 493; baseline 0.005 -33"><span class='ocrx_word' id='word_1_9' title='bbox 18 480 21 485; x_wconf 86' lang='lat'><strong>.</strong></span> <span class='ocrx_word' id='word_1_10' title='bbox 100 397 213 463; x_wconf 90' lang='lat' dir='ltr'><strong>&#39;nunc</strong></span> <span class='ocrx_word' id='word_1_11' title='bbox 226 405 267 461; x_wconf 92' lang='lat' dir='ltr'><strong>ut</strong></span> <span class='ocrx_word' id='word_1_12' title='bbox 282 388 493 479; x_wconf 87' lang='lat' dir='ltr'><strong>hacreticus,</strong></span> <span class='ocrx_word' id='word_1_13' title='bbox 528 408 568 465; x_wconf 88' lang='lat' dir='ltr'><strong>ut</strong></span> <span class='ocrx_word' id='word_1_14' title='bbox 585 395 757 465; x_wconf 85' lang='lat' dir='ltr'><strong>fanaticus</strong></span> <span class='ocrx_word' id='word_1_15' title='bbox 772 396 947 469; x_wconf 91' lang='lat' dir='ltr'><strong>traducor.</strong></span> <span class='ocrx_word' id='word_1_16' title='bbox 999 394 1102 467; x_wconf 88' lang='lat' dir='ltr'><strong>Hanc</strong></span> <span class='ocrx_word' id='word_1_17' title='bbox 1153 395 1457 493; x_wconf 76' lang='lat' dir='ltr'><strong>sioutsecp&#39;entes&#39;,</strong></span> <span class='ocrx_word' id='word_1_18' title='bbox 1483 413 1528 469; x_wconf 83' lang='lat' dir='ltr'><strong>ut</strong></span> <span class='ocrx_word' id='word_1_19' title='bbox 1548 421 1694 484; x_wconf 74' lang='lat' dir='ltr'><strong>caveas,</strong></span> <span class='ocrx_word' id='word_1_20' title='bbox 1719 401 1851 470; x_wconf 90' lang='lat' dir='ltr'><strong>necubi</strong></span> <span class='ocrx_word' id='word_1_21' title='bbox 1865 399 2018 471; x_wconf 74' lang='lat' dir='ltr'><strong>illorum</strong></span> <span class='ocrx_word' id='word_1_22' title='bbox 2039 400 2141 485; x_wconf 74' lang='lat' dir='ltr'><strong>etism</strong></span> 
     </span>
     <span class='ocr_line' id='line_1_3' title="bbox 114 490 2141 594; baseline 0.004 -32"><span class='ocrx_word' id='word_1_23' title='bbox 114 517 229 580; x_wconf 84' lang='lat' dir='ltr'><strong>meam</strong></span> <span class='ocrx_word' id='word_1_24' title='bbox 244 490 424 585; x_wconf 89' lang='lat' dir='ltr'><strong>epistolam</strong></span> <span class='ocrx_word' id='word_1_25' title='bbox 442 513 541 588; x_wconf 92' lang='lat' dir='ltr'><strong>potes</strong></span> <span class='ocrx_word' id='word_1_26' title='bbox 564 495 728 568; x_wconf 78' lang='lat' dir='ltr'><strong>exhibere</strong></span> <span class='ocrx_word' id='word_1_27' title='bbox 752 499 1010 593; x_wconf 68' lang='lat' dir='ltr'><strong>quibuspoles.</strong></span> <span class='ocrx_word' id='word_1_28' title='bbox 1061 497 1102 569; x_wconf 84' lang='lat' dir='ltr'><strong>si</strong></span> <span class='ocrx_word' id='word_1_29' title='bbox 1152 499 1406 589; x_wconf 72' lang='lat' dir='ltr'><strong>cupiditatibus</strong></span> <span class='ocrx_word' id='word_1_30' title='bbox 1416 506 1552 570; x_wconf 75' lang='lat' dir='ltr'><strong>morem</strong></span> <span class='ocrx_word' id='word_1_31' title='bbox 1569 523 1686 589; x_wconf 85' lang='lat' dir='ltr'><strong>geras,</strong></span> <span class='ocrx_word' id='word_1_32' title='bbox 1710 503 1775 594; x_wconf 91' lang='lat' dir='ltr'><strong>qui</strong></span> <span class='ocrx_word' id='word_1_33' title='bbox 1787 525 1871 575; x_wconf 58' lang='lat' dir='ltr'><strong>enon</strong></span> <span class='ocrx_word' id='word_1_34' title='bbox 1889 503 2050 571; x_wconf 83' lang='lat' dir='ltr'><strong>oderunt</strong></span> <span class='ocrx_word' id='word_1_35' title='bbox 2064 525 2141 571; x_wconf 88' lang='lat' dir='ltr'><strong>mo-</strong></span> 
     </span>
     <span class='ocr_line' id='line_1_4' title="bbox 115 588 2141 697; baseline 0.003 -31"><span class='ocrx_word' id='word_1_36' title='bbox 115 595 196 689; x_wconf 88' lang='lat' dir='ltr'><strong>quis</strong></span> <span class='ocrx_word' id='word_1_37' title='bbox 217 588 424 665; x_wconf 81' lang='lat' dir='ltr'><strong>Lutlzerum</strong></span> <span class='ocrx_word' id='word_1_38' title='bbox 448 600 784 691; x_wconf 62' lang='lat' dir='ltr'><strong>recantare‘aliquid</strong></span> <span class='ocrx_word' id='word_1_39' title='bbox 816 599 864 667; x_wconf 93' lang='lat' dir='ltr'><strong>in·</strong></span> <span class='ocrx_word' id='word_1_40' title='bbox 884 616 965 669; x_wconf 85' lang='lat' dir='ltr'><strong>meo</strong></span> <span class='ocrx_word' id='word_1_41' title='bbox 995 624 1103 691; x_wconf 87' lang='lat' dir='ltr'><strong>opere</strong></span> <span class='ocrx_word' id='word_1_42' title='bbox 1152 596 1343 697; x_wconf 73' lang='lat' dir='ltr'><strong>uechosob</strong></span> <span class='ocrx_word' id='word_1_43' title='bbox 1359 601 1481 684; x_wconf 79' lang='lat' dir='ltr'><strong>aliud,-</strong></span> <span class='ocrx_word' id='word_1_44' title='bbox 1508 602 1578 669; x_wconf 84' lang='lat' dir='ltr'><strong>nisi</strong></span> <span class='ocrx_word' id='word_1_45' title='bbox 1594 602 1678 694; x_wconf 82' lang='lat' dir='ltr'><strong>quia</strong></span> <span class='ocrx_word' id='word_1_46' title='bbox 1699 602 1738 670; x_wconf 90' lang='lat' dir='ltr'><strong>in</strong></span> <span class='ocrx_word' id='word_1_47' title='bbox 1759 626 1885 672; x_wconf 85' lang='lat' dir='ltr'><strong>eorum</strong></span> <span class='ocrx_word' id='word_1_48' title='bbox 1907 602 2141 694; x_wconf 83' lang='lat' dir='ltr'><strong>possessiones</strong></span> 
     </span>
     <span class='ocr_line' id='line_1_5' title="bbox 77 696 2141 794; baseline 0.004 -29"><span class='ocrx_word' id='word_1_49' title='bbox 77 696 267 782; x_wconf 58' lang='lat' dir='ltr'><strong>giudieat,</strong></span> <span class='ocrx_word' id='word_1_50' title='bbox 306 699 335 766; x_wconf 93' lang='lat' dir='ltr'><strong>is</strong></span> <span class='ocrx_word' id='word_1_51' title='bbox 358 701 603 789; x_wconf 87' lang='lat' dir='ltr'><strong>multipliciter</strong></span> <span class='ocrx_word' id='word_1_52' title='bbox 628 700 770 773; x_wconf 85' lang='lat' dir='ltr'><strong>insanit.</strong></span> <span class='ocrx_word' id='word_1_53' title='bbox 829 699 868 771; x_wconf 84' lang='lat' dir='ltr'><strong>si</strong></span> <span class='ocrx_word' id='word_1_54' title='bbox 896 702 983 794; x_wconf 89' lang='lat' dir='ltr'><strong>quid</strong></span> <span class='ocrx_word' id='word_1_55' title='bbox 1014 703 1102 772; x_wconf 91' lang='lat' dir='ltr'><strong>scri-</strong></span> <span class='ocrx_word' id='word_1_56' title='bbox 1152 700 1317 772; x_wconf 80' lang='lat' dir='ltr'><strong>invadere</strong></span> <span class='ocrx_word' id='word_1_57' title='bbox 1333 703 1494 792; x_wconf 86' lang='lat' dir='ltr'><strong>eupiunt.</strong></span> <span class='ocrx_word' id='word_1_58' title='bbox 1544 700 1618 772; x_wconf 85' lang='lat' dir='ltr'><strong>Nee</strong></span> <span class='ocrx_word' id='word_1_59' title='bbox 1640 727 1764 781; x_wconf 80' lang='lat' dir='ltr'><strong>accuso</strong></span> <span class='ocrx_word' id='word_1_60' title='bbox 1782 705 1881 772; x_wconf 65' lang='lat' dir='ltr'><strong>‚cives</strong></span> <span class='ocrx_word' id='word_1_61' title='bbox 1903 717 2141 790; x_wconf 68' lang='lat' dir='ltr'><strong>tuus-omnent</strong></span> 
     </span>
     <span class='ocr_line' id='line_1_6' title="bbox 115 796 2140 896; baseline 0.004 -30"><span class='ocrx_word' id='word_1_62' title='bbox 115 812 217 890; x_wconf 89' lang='lat' dir='ltr'><strong>ptum</strong></span> <span class='ocrx_word' id='word_1_63' title='bbox 233 813 302 882; x_wconf 92' lang='lat' dir='ltr'><strong>est,</strong></span> <span class='ocrx_word' id='word_1_64' title='bbox 328 803 422 892; x_wconf 92' lang='lat' dir='ltr'><strong>quod</strong></span> <span class='ocrx_word' id='word_1_65' title='bbox 441 803 581 873; x_wconf 89' lang='lat' dir='ltr'><strong>videtur</strong></span> <span class='ocrx_word' id='word_1_66' title='bbox 595 826 752 893; x_wconf 86' lang='lat' dir='ltr'><strong>pugnare</strong></span> <span class='ocrx_word' id='word_1_67' title='bbox 767 826 847 872; x_wconf 90' lang='lat' dir='ltr'><strong>cnm</strong></span> <span class='ocrx_word' id='word_1_68' title='bbox 861 796 1024 872; x_wconf 81' lang='lat' dir='ltr'><strong>Lutheri</strong></span> <span class='ocrx_word' id='word_1_69' title='bbox 1035 807 1102 873; x_wconf 82' lang='lat' dir='ltr'><strong>do·</strong></span> <span class='ocrx_word' id='word_1_70' title='bbox 1151 804 1212 875; x_wconf 84' lang='lat' dir='ltr'><strong>sad</strong></span> <span class='ocrx_word' id='word_1_71' title='bbox 1229 804 1480 887; x_wconf 69' lang='lat' dir='ltr'><strong>animaduerti,</strong></span> <span class='ocrx_word' id='word_1_72' title='bbox 1511 804 1777 896; x_wconf 81' lang='lat' dir='ltr'><strong>qrtosdamistic</strong></span> <span class='ocrx_word' id='word_1_73' title='bbox 1797 805 1946 875; x_wconf 85' lang='lat' dir='ltr'><strong>iuvenes</strong></span> <span class='ocrx_word' id='word_1_74' title='bbox 1965 828 2042 875; x_wconf 85' lang='lat' dir='ltr'><strong>esse</strong></span> <span class='ocrx_word' id='word_1_75' title='bbox 2054 805 2140 896; x_wconf 78' lang='lat' dir='ltr'><strong>plus</strong></span> 
     </span>
     <span class='ocr_line' id='line_1_7' title="bbox 117 897 2140 997; baseline 0.003 -28"><span class='ocrx_word' id='word_1_76' title='bbox 117 899 247 983; x_wconf 82' lang='lat' dir='ltr'>ctrina,</span> <span class='ocrx_word' id='word_1_77' title='bbox 285 901 321 968; x_wconf 92' lang='lat' dir='ltr'><strong>id</strong></span> <span class='ocrx_word' id='word_1_78' title='bbox 350 904 393 970; x_wconf 93' lang='lat' dir='ltr'><strong>ad</strong></span> <span class='ocrx_word' id='word_1_79' title='bbox 424 928 496 987; x_wconf 91' lang='lat' dir='ltr'><strong>me,</strong></span> <span class='ocrx_word' id='word_1_80' title='bbox 536 929 610 972; x_wconf 92' lang='lat' dir='ltr'><strong>non</strong></span> <span class='ocrx_word' id='word_1_81' title='bbox 636 907 677 972; x_wconf 91' lang='lat' dir='ltr'><strong>ad</strong></span> <span class='ocrx_word' id='word_1_82' title='bbox 701 897 909 973; x_wconf 81' lang='lat' dir='ltr'><strong>Lutlserum</strong></span> <span class='ocrx_word' id='word_1_83' title='bbox 932 907 1100 997; x_wconf 89' lang='lat' dir='ltr'><strong>pertinet;</strong></span> <span class='ocrx_word' id='word_1_84' title='bbox 1150 904 1236 976; x_wconf 81' lang='lat' dir='ltr'><strong>satis</strong></span> <span class='ocrx_word' id='word_1_85' title='bbox 1251 900 1485 975; x_wconf 84' lang='lat' dir='ltr'><strong>vehementes.</strong></span> <span class='ocrx_word' id='word_1_86' title='bbox 1536 904 1594 974; x_wconf 90' lang='lat' dir='ltr'><strong>Tu</strong></span> <span class='ocrx_word' id='word_1_87' title='bbox 1607 919 1727 975; x_wconf 76' lang='lat' dir='ltr'><strong>atatem</strong></span> <span class='ocrx_word' id='word_1_88' title='bbox 1744 906 1827 989; x_wconf 87' lang='lat' dir='ltr'><strong>scis,</strong></span> <span class='ocrx_word' id='word_1_89' title='bbox 1855 907 2010 996; x_wconf 77' lang='lat' dir='ltr'><strong>qtridsit</strong></span> <span class='ocrx_word' id='word_1_90' title='bbox 2028 906 2065 975; x_wconf 95' lang='lat' dir='ltr'><strong>in</strong></span> <span class='ocrx_word' id='word_1_91' title='bbox 2082 928 2140 975; x_wconf 81' lang='lat' dir='ltr'><strong>ve·</strong></span> 
     </span>
     <span class='ocr_line' id='line_1_8' title="bbox 115 1000 2141 1103; baseline 0.001 -34"><span class='ocrx_word' id='word_1_92' title='bbox 115 1024 252 1070; x_wconf 89' lang='lat' dir='ltr'><strong>mecum</strong></span> <span class='ocrx_word' id='word_1_93' title='bbox 269 1005 521 1094; x_wconf 79' lang='lat' dir='ltr'><strong>expostuletnr5</strong></span> <span class='ocrx_word' id='word_1_94' title='bbox 546 1007 692 1075; x_wconf 82' lang='lat' dir='ltr'><strong>fortasse</strong></span> <span class='ocrx_word' id='word_1_95' title='bbox 708 1007 907 1092; x_wconf 84' lang='lat' dir='ltr'><strong>inveniam,</strong></span> <span class='ocrx_word' id='word_1_96' title='bbox 933 1009 1026 1099; x_wconf 89' lang='lat' dir='ltr'><strong>quod</strong></span> <span class='ocrx_word' id='word_1_97' title='bbox 1045 1030 1101 1075; x_wconf 89' lang='lat' dir='ltr'><strong>re·</strong></span> <span class='ocrx_word' id='word_1_98' title='bbox 1151 1005 1217 1074; x_wconf 89' lang='lat' dir='ltr'><strong>teri</strong></span> <span class='ocrx_word' id='word_1_99' title='bbox 1240 1006 1428 1077; x_wconf 77' lang='lat' dir='ltr'><strong>versiculo:</strong></span> <span class='ocrx_word' id='word_1_100' title='bbox 1447 1068 1450 1079; x_wconf 86' lang='grc'><strong>,</strong></span> <span class='ocrx_word' id='word_1_101' title='bbox 1470 1003 1572 1103; x_wconf 75' lang='lat' dir='ltr'><strong>ecqui</strong></span> <span class='ocrx_word' id='word_1_102' title='bbox 1592 1000 1828 1101; x_wconf 79' lang='lat' dir='ltr'><strong>perdideruat</strong></span> <span class='ocrx_word' id='word_1_103' title='bbox 1854 1003 2141 1101; x_wconf 74' lang='lat' dir='ltr'><strong>rempublicam?</strong></span> 
     </span>
     <span class='ocr_line' id='line_1_9' title="bbox 115 1101 2140 1201; baseline 0.003 -30"><span class='ocrx_word' id='word_1_104' title='bbox 115 1104 319 1201; x_wconf 79' lang='lat' dir='ltr'><strong>spondeam.</strong></span> <span class='ocrx_word' id='word_1_105' title='bbox 370 1103 459 1174; x_wconf 87' lang='lat' dir='ltr'><strong>Nam</strong></span> <span class='ocrx_word' id='word_1_106' title='bbox 476 1109 571 1199; x_wconf 84' lang='lat' dir='ltr'><strong>quod</strong></span> <span class='ocrx_word' id='word_1_107' title='bbox 589 1109 701 1179; x_wconf 86' lang='lat' dir='ltr'><strong>nudas</strong></span> <span class='ocrx_word' id='word_1_108' title='bbox 719 1133 772 1177; x_wconf 87' lang='lat' dir='ltr'><strong>res</strong></span> <span class='ocrx_word' id='word_1_109' title='bbox 789 1110 974 1200; x_wconf 80' lang='lat' dir='ltr'><strong>proposui,</strong></span> <span class='ocrx_word' id='word_1_110' title='bbox 1005 1109 1101 1179; x_wconf 85' lang='lat' dir='ltr'><strong>cavi·</strong></span> <span class='ocrx_word' id='word_1_111' title='bbox 1152 1113 1332 1186; x_wconf 81' lang='lat' dir='ltr'><strong>oratores,</strong></span> <span class='ocrx_word' id='word_1_112' title='bbox 1351 1104 1476 1188; x_wconf 76' lang='lat' dir='ltr'><strong>stulti,</strong></span> <span class='ocrx_word' id='word_1_113' title='bbox 1496 1101 1763 1177; x_wconf 68' lang='lat' dir='ltr'><strong>adolescentuli</strong></span> <span class='ocrx_word' id='word_1_114' title='bbox 1777 1101 1825 1198; x_wconf 77' lang='lat'><strong>*).</strong></span> <span class='ocrx_word' id='word_1_115' title='bbox 1876 1102 2140 1178; x_wconf 79' lang='lat' dir='ltr'><strong>Adversusbo·</strong></span> 
     </span>
     <span class='ocr_line' id='line_1_10' title="bbox 115 1202 2138 1308; baseline 0.002 -35"><span class='ocrx_word' id='word_1_116' title='bbox 115 1228 202 1298; x_wconf 78' lang='lat' dir='ltr'><strong>que,</strong></span> <span class='ocrx_word' id='word_1_117' title='bbox 232 1228 277 1308; x_wconf 77' lang='lat' dir='ltr'><strong>ne</strong></span> <span class='ocrx_word' id='word_1_118' title='bbox 299 1206 385 1298; x_wconf 82' lang='lat' dir='ltr'><strong>quid</strong></span> <span class='ocrx_word' id='word_1_119' title='bbox 406 1209 635 1291; x_wconf 86' lang='lat' dir='ltr'><strong>admiscerem</strong></span> <span class='ocrx_word' id='word_1_120' title='bbox 661 1211 921 1295; x_wconf 82' lang='lat' dir='ltr'><strong>conviciorum,</strong></span> <span class='ocrx_word' id='word_1_121' title='bbox 952 1202 1101 1282; x_wconf 86' lang='lat' dir='ltr'><strong>honesta</strong></span> <span class='ocrx_word' id='word_1_122' title='bbox 1152 1231 1231 1281; x_wconf 88' lang='lat' dir='ltr'><strong>rum</strong></span> <span class='ocrx_word' id='word_1_123' title='bbox 1246 1208 1412 1288; x_wconf 78' lang='lat' dir='ltr'><strong>consilia,</strong></span> <span class='ocrx_word' id='word_1_124' title='bbox 1438 1205 1662 1292; x_wconf 70' lang='lat' dir='ltr'><strong>crederetui,</strong></span> <span class='ocrx_word' id='word_1_125' title='bbox 1685 1208 1861 1298; x_wconf 75' lang='lat' dir='ltr'><strong>singulari</strong></span> <span class='ocrx_word' id='word_1_126' title='bbox 1875 1208 1943 1279; x_wconf 91' lang='lat' dir='ltr'><strong>tibi</strong></span> <span class='ocrx_word' id='word_1_127' title='bbox 1957 1207 2138 1298; x_wconf 77' lang='lat' dir='ltr'><strong>vigilantia</strong></span> 
     </span>
     <span class='ocr_line' id='line_1_11' title="bbox 114 1304 2141 1405; baseline 0.002 -30"><span class='ocrx_word' id='word_1_128' title='bbox 114 1305 252 1375; x_wconf 88' lang='lat' dir='ltr'><strong>ratione</strong></span> <span class='ocrx_word' id='word_1_129' title='bbox 270 1308 445 1389; x_wconf 49' lang='lat' dir='ltr'><strong>,adductus</strong></span> <span class='ocrx_word' id='word_1_130' title='bbox 469 1333 566 1393; x_wconf 90' lang='lat' dir='ltr'><strong>sum,</strong></span> <span class='ocrx_word' id='word_1_131' title='bbox 596 1335 700 1402; x_wconf 87' lang='lat' dir='ltr'><strong>quam</strong></span> <span class='ocrx_word' id='word_1_132' title='bbox 720 1334 823 1403; x_wconf 85' lang='lat' dir='ltr'><strong>spero</strong></span> <span class='ocrx_word' id='word_1_133' title='bbox 844 1310 920 1381; x_wconf 87' lang='lat' dir='ltr'><strong>Deo</strong></span> <span class='ocrx_word' id='word_1_134' title='bbox 945 1312 1100 1404; x_wconf 90' lang='lat' dir='ltr'><strong>probari.</strong></span> <span class='ocrx_word' id='word_1_135' title='bbox 1151 1321 1184 1375; x_wconf 90' lang='lat' dir='ltr'><strong>ct</strong></span> <span class='ocrx_word' id='word_1_136' title='bbox 1206 1311 1394 1401; x_wconf 87' lang='lat' dir='ltr'><strong>prudentia</strong></span> <span class='ocrx_word' id='word_1_137' title='bbox 1417 1334 1507 1400; x_wconf 91' lang='lat' dir='ltr'><strong>opus</strong></span> <span class='ocrx_word' id='word_1_138' title='bbox 1525 1324 1587 1405; x_wconf 72' lang='lat' dir='ltr'><strong>est.</strong></span> <span class='ocrx_word' id='word_1_139' title='bbox 1636 1309 1773 1391; x_wconf 84' lang='lat' dir='ltr'><strong>Doctor</strong></span> <span class='ocrx_word' id='word_1_140' title='bbox 1783 1306 2038 1402; x_wconf 83' lang='lat' dir='ltr'><strong>Hieronymus</strong></span> <span class='ocrx_word' id='word_1_141' title='bbox 2055 1304 2141 1379; x_wconf 82' lang='lat' dir='ltr'><strong>hinc</strong></span> 
     </span>
     <span class='ocr_line' id='line_1_12' title="bbox 113 1400 2140 1505; baseline 0.001 -27"><span class='ocrx_word' id='word_1_142' title='bbox 113 1402 162 1478; x_wconf 87' lang='lat' dir='ltr'><strong>Et</strong></span> <span class='ocrx_word' id='word_1_143' title='bbox 176 1400 365 1479; x_wconf 82' lang='lat' dir='ltr'><strong>Lullzerus</strong></span> <span class='ocrx_word' id='word_1_144' title='bbox 382 1407 471 1480; x_wconf 91' lang='lat' dir='ltr'><strong>mihi</strong></span> <span class='ocrx_word' id='word_1_145' title='bbox 488 1413 644 1503; x_wconf 89' lang='lat' dir='ltr'><strong>optimus</strong></span> <span class='ocrx_word' id='word_1_146' title='bbox 664 1414 759 1482; x_wconf 87' lang='lat' dir='ltr'><strong>testis</strong></span> <span class='ocrx_word' id='word_1_147' title='bbox 781 1426 851 1496; x_wconf 88' lang='lat' dir='ltr'><strong>est,</strong></span> <span class='ocrx_word' id='word_1_148' title='bbox 883 1439 939 1482; x_wconf 91' lang='lat' dir='ltr'><strong>me</strong></span> <span class='ocrx_word' id='word_1_149' title='bbox 962 1437 1100 1505; x_wconf 82' lang='lat' dir='ltr'>semper</span> <span class='ocrx_word' id='word_1_150' title='bbox 1151 1406 1347 1496; x_wconf 77' lang='lat' dir='ltr'><strong>hisdiebus</strong></span> <span class='ocrx_word' id='word_1_151' title='bbox 1360 1412 1483 1485; x_wconf 86' lang='lat' dir='ltr'><strong>abibit.</strong></span> <span class='ocrx_word' id='word_1_152' title='bbox 1532 1410 1572 1481; x_wconf 86' lang='lat' dir='ltr'><strong>si</strong></span> <span class='ocrx_word' id='word_1_153' title='bbox 1595 1424 1712 1481; x_wconf 88' lang='lat' dir='ltr'><strong>tamen</strong></span> <span class='ocrx_word' id='word_1_154' title='bbox 1735 1412 1805 1494; x_wconf 90' lang='lat' dir='ltr'><strong>vis,</strong></span> <span class='ocrx_word' id='word_1_155' title='bbox 1834 1413 1937 1479; x_wconf 88' lang='lat' dir='ltr'><strong>mitte</strong></span> <span class='ocrx_word' id='word_1_156' title='bbox 1953 1408 2025 1481; x_wconf 92' lang='lat' dir='ltr'><strong>buc</strong></span> <span class='ocrx_word' id='word_1_157' title='bbox 2044 1410 2140 1480; x_wconf 87' lang='lat' dir='ltr'><strong>testi·</strong></span> 
     </span>
     <span class='ocr_line' id='line_1_13' title="bbox 113 1507 2139 1609; baseline 0.001 -30"><span class='ocrx_word' id='word_1_158' title='bbox 113 1522 249 1609; x_wconf 86' lang='lat' dir='ltr'><strong>optasse</strong></span> <span class='ocrx_word' id='word_1_159' title='bbox 264 1509 302 1578; x_wconf 96' lang='lat' dir='ltr'><strong>in</strong></span> <span class='ocrx_word' id='word_1_160' title='bbox 316 1507 380 1581; x_wconf 94' lang='lat' dir='ltr'><strong>hac</strong></span> <span class='ocrx_word' id='word_1_161' title='bbox 395 1526 467 1582; x_wconf 93' lang='lat' dir='ltr'><strong>tota</strong></span> <span class='ocrx_word' id='word_1_162' title='bbox 482 1514 715 1600; x_wconf 81' lang='lat' dir='ltr'><strong>dissensione,</strong></span> <span class='ocrx_word' id='word_1_163' title='bbox 746 1528 787 1585; x_wconf 92' lang='lat' dir='ltr'><strong>ut</strong></span> <span class='ocrx_word' id='word_1_164' title='bbox 802 1538 937 1584; x_wconf 90' lang='lat' dir='ltr'><strong>summa</strong></span> <span class='ocrx_word' id='word_1_165' title='bbox 955 1515 1099 1588; x_wconf 82' lang='lat' dir='ltr'><strong>lenitate</strong></span> <span class='ocrx_word' id='word_1_166' title='bbox 1116 1564 1120 1571; x_wconf 89' lang='lat'><em>-</em></span> <span class='ocrx_word' id='word_1_167' title='bbox 1149 1513 1289 1596; x_wconf 88' lang='lat' dir='ltr'><strong>monia,</strong></span> <span class='ocrx_word' id='word_1_168' title='bbox 1313 1527 1353 1582; x_wconf 88' lang='lat' dir='ltr'><strong>ut</strong></span> <span class='ocrx_word' id='word_1_169' title='bbox 1367 1527 1486 1581; x_wconf 92' lang='lat' dir='ltr'><strong>notam</strong></span> <span class='ocrx_word' id='word_1_170' title='bbox 1501 1514 1675 1585; x_wconf 86' lang='lat' dir='ltr'><strong>amissam.</strong></span> <span class='ocrx_word' id='word_1_171' title='bbox 1725 1511 1941 1583; x_wconf 84' lang='lat' dir='ltr'><strong>Deliberabo</strong></span> <span class='ocrx_word' id='word_1_172' title='bbox 1955 1537 2035 1581; x_wconf 92' lang='lat' dir='ltr'><strong>cum</strong></span> <span class='ocrx_word' id='word_1_173' title='bbox 2050 1511 2139 1584; x_wconf 84' lang='lat' dir='ltr'><strong>aliis.</strong></span> 
     </span>
     <span class='ocr_line' id='line_1_14' title="bbox 111 1607 1097 1708; baseline 0.005 -26"><span class='ocrx_word' id='word_1_174' title='bbox 111 1607 175 1682; x_wconf 70' lang='lat' dir='ltr'><strong>uei</strong></span> <span class='ocrx_word' id='word_1_175' title='bbox 190 1608 358 1708; x_wconf 78' lang='grc' dir='ltr'><strong>ἐπιεικείᾳ</strong></span> <span class='ocrx_word' id='word_1_176' title='bbox 375 1615 489 1687; x_wconf 89' lang='lat' dir='ltr'><strong>nostri</strong></span> <span class='ocrx_word' id='word_1_177' title='bbox 506 1639 627 1684; x_wconf 87' lang='lat' dir='ltr'><strong>omnes</strong></span> <span class='ocrx_word' id='word_1_178' title='bbox 638 1629 832 1693; x_wconf 86' lang='lat' dir='ltr'><strong>uterentur.</strong></span> <span class='ocrx_word' id='word_1_179' title='bbox 870 1614 952 1685; x_wconf 92' lang='lat' dir='ltr'><strong>Non</strong></span> <span class='ocrx_word' id='word_1_180' title='bbox 972 1619 1097 1689; x_wconf 79' lang='lat' dir='ltr'><strong>seciam</strong></span> 
     </span>
    </p>
   </div>
   <div class='ocr_carea' id='block_1_3' title="bbox 111 1706 1099 1910">
    <p class='ocr_par' dir='ltr' id='par_1_3' title="bbox 111 1706 1099 1910">
     <span class='ocr_line' id='line_1_15' title="bbox 111 1706 1099 1888; baseline 0.007 -106"><span class='ocrx_word' id='word_1_181' title='bbox 111 1710 276 1811; x_wconf 87' lang='lat' dir='ltr'><strong>longum,</strong></span> <span class='ocrx_word' id='word_1_182' title='bbox 314 1718 374 1785; x_wconf 88' lang='lat' dir='ltr'><strong>sed</strong></span> <span class='ocrx_word' id='word_1_183' title='bbox 401 1706 432 1787; x_wconf 83' lang='lat' dir='ltr'><strong>si</strong></span> <span class='ocrx_word' id='word_1_184' title='bbox 457 1740 546 1888; x_wconf 42' lang='lat' dir='ltr'><strong>tipus</strong></span> <span class='ocrx_word' id='word_1_185' title='bbox 571 1740 643 1785; x_wconf 90' lang='lat' dir='ltr'><strong>esse</strong></span> <span class='ocrx_word' id='word_1_186' title='bbox 668 1710 824 1808; x_wconf 86' lang='lat' dir='ltr'><strong>putabis,</strong></span> <span class='ocrx_word' id='word_1_187' title='bbox 855 1718 1009 1791; x_wconf 80' lang='lat' dir='ltr'><strong>scribam</strong></span> <span class='ocrx_word' id='word_1_188' title='bbox 1032 1721 1099 1791; x_wconf 80' lang='lat' dir='ltr'><strong>ali-</strong></span> 
     </span>
     <span class='ocr_line' id='line_1_16' title="bbox 112 1812 1004 1910; baseline 0.004 -25"><span class='ocrx_word' id='word_1_189' title='bbox 112 1817 255 1907; x_wconf 83' lang='lat' dir='ltr'><strong>quando</strong></span> <span class='ocrx_word' id='word_1_190' title='bbox 271 1817 316 1887; x_wconf 89' lang='lat' dir='ltr'><strong>ad</strong></span> <span class='ocrx_word' id='word_1_191' title='bbox 331 1817 446 1910; x_wconf 90' lang='lat' dir='ltr'><strong>ipsum</strong></span> <span class='ocrx_word' id='word_1_192' title='bbox 494 1812 679 1888; x_wconf 82' lang='lat' dir='ltr'><strong>oldicium.</strong></span> <span class='ocrx_word' id='word_1_193' title='bbox 731 1819 829 1889; x_wconf 84' lang='lat' dir='ltr'><strong>Vale.</strong></span> <span class='ocrx_word' id='word_1_194' title='bbox 945 1836 948 1841; x_wconf 87' lang='grc'><em>·</em></span> <span class='ocrx_word' id='word_1_195' title='bbox 1000 1833 1004 1889; x_wconf 81' lang='grc' dir='ltr'><strong><em>ῑ</em></strong></span> 
     </span>
    </p>
   </div>
   <div class='ocr_carea' id='block_1_4' title="bbox 847 1862 1197 2012">
    <p class='ocr_par' dir='ltr' id='par_1_4' title="bbox 847 1862 1197 2012">
     <span class='ocr_line' id='line_1_17' title="bbox 847 1862 1197 2012; baseline 0.017 -22"><span class='ocrx_word' id='word_1_196' title='bbox 847 1915 1047 2012; x_wconf 86' lang='lat' dir='ltr'><strong>Philippus.</strong></span> <span class='ocrx_word' id='word_1_197' title='bbox 1155 1862 1197 1943; x_wconf 27' lang='grc' dir='ltr'><strong>μ’.</strong></span> 
     </span>
    </p>
   </div>
   <div class='ocr_carea' id='block_1_5' title="bbox 160 2016 1096 2319">
    <p class='ocr_par' dir='ltr' id='par_1_5' title="bbox 160 2016 1096 2319">
     <span class='ocr_line' id='line_1_18' title="bbox 209 2016 1096 2110; baseline -0.002 -17"><span class='ocrx_word' id='word_1_198' title='bbox 209 2020 250 2093; x_wconf 93' lang='lat' dir='ltr'><strong>Si</strong></span> <span class='ocrx_word' id='word_1_199' title='bbox 279 2016 418 2090; x_wconf 81' lang='lat' dir='ltr'><strong>Aureus</strong></span> <span class='ocrx_word' id='word_1_200' title='bbox 451 2023 494 2090; x_wconf 89' lang='lat' dir='ltr'><strong>ad</strong></span> <span class='ocrx_word' id='word_1_201' title='bbox 528 2035 562 2091; x_wconf 92' lang='lat' dir='ltr'><strong>te</strong></span> <span class='ocrx_word' id='word_1_202' title='bbox 595 2022 638 2089; x_wconf 91' lang='lat' dir='ltr'><strong>de</strong></span> <span class='ocrx_word' id='word_1_203' title='bbox 673 2021 931 2110; x_wconf 84' lang='lat' dir='ltr'><strong>permutatione</strong></span> <span class='ocrx_word' id='word_1_204' title='bbox 963 2022 1096 2107; x_wconf 87' lang='lat' dir='ltr'><strong>scribit,</strong></span> 
     </span>
     <span class='ocr_line' id='line_1_19' title="bbox 209 2119 1096 2217; baseline -0.001 -24"><span class='ocrx_word' id='word_1_205' title='bbox 209 2148 338 2217; x_wconf 89' lang='lat' dir='ltr'><strong>quaeso</strong></span> <span class='ocrx_word' id='word_1_206' title='bbox 364 2123 494 2193; x_wconf 87' lang='lat' dir='ltr'><strong>scribas</strong></span> <span class='ocrx_word' id='word_1_207' title='bbox 517 2125 560 2191; x_wconf 88' lang='lat' dir='ltr'><strong>ad</strong></span> <span class='ocrx_word' id='word_1_208' title='bbox 586 2119 861 2207; x_wconf 79' lang='lat' dir='ltr'><strong>Cancellarium,</strong></span> <span class='ocrx_word' id='word_1_209' title='bbox 901 2136 941 2192; x_wconf 92' lang='lat' dir='ltr'><strong>ut</strong></span> <span class='ocrx_word' id='word_1_210' title='bbox 963 2146 1040 2192; x_wconf 85' lang='lat' dir='ltr'><strong>eam</strong></span> <span class='ocrx_word' id='word_1_211' title='bbox 1063 2123 1096 2192; x_wconf 90' lang='lat' dir='ltr'><strong>ei</strong></span> 
     </span>
     <span class='ocr_line' id='line_1_20' title="bbox 160 2222 994 2319; baseline 0.006 -24"><span class='ocrx_word' id='word_1_212' title='bbox 160 2227 163 2236; x_wconf 86' lang='lat'>&#39;</span> <span class='ocrx_word' id='word_1_213' title='bbox 210 2239 319 2300; x_wconf 79' lang='lat' dir='ltr'><strong>curet.</strong></span> <span class='ocrx_word' id='word_1_214' title='bbox 369 2222 481 2319; x_wconf 87' lang='lat' dir='ltr'><strong>quue</strong></span> <span class='ocrx_word' id='word_1_215' title='bbox 496 2248 569 2294; x_wconf 93' lang='lat' dir='ltr'><strong>non</strong></span> <span class='ocrx_word' id='word_1_216' title='bbox 582 2224 706 2294; x_wconf 86' lang='lat' dir='ltr'><strong>dubito</strong></span> <span class='ocrx_word' id='word_1_217' title='bbox 721 2225 895 2294; x_wconf 83' lang='lat' dir='ltr'><strong>facturum</strong></span> <span class='ocrx_word' id='word_1_218' title='bbox 910 2249 994 2319; x_wconf 71' lang='lat' dir='ltr'><strong>esse.</strong></span> 
     </span>
    </p>
   </div>
   <div class='ocr_carea' id='block_1_6' title="bbox 742 2601 1094 2738">
    <p class='ocr_par' dir='ltr' id='par_1_6' title="bbox 742 2601 1094 2738">
     <span class='ocr_line' id='line_1_21' title="bbox 761 2601 1077 2685; baseline 0.003 -21"><span class='ocrx_word' id='word_1_219' title='bbox 761 2601 847 2682; x_wconf 75' lang='lat' dir='ltr'><strong>(tere</strong></span> <span class='ocrx_word' id='word_1_220' title='bbox 868 2604 933 2666; x_wconf 86' lang='lat' dir='ltr'><strong>eod.</strong></span> <span class='ocrx_word' id='word_1_221' title='bbox 958 2603 1077 2685; x_wconf 87' lang='lat' dir='ltr'><strong>temp.)</strong></span> 
     </span>
     <span class='ocr_line' id='line_1_22' title="bbox 742 2699 1094 2738; baseline -0.003 0"><span class='ocrx_word' id='word_1_222' title='bbox 742 2699 1094 2738; x_wconf 53' lang='grc' dir='ltr'><strong>Μ</strong></span> 
     </span>
    </p>
   </div>
   <div class='ocr_carea' id='block_1_7' title="bbox 425 2726 881 2911">
    <p class='ocr_par' dir='ltr' id='par_1_7' title="bbox 425 2726 881 2911">
     <span class='ocr_line' id='line_1_23' title="bbox 425 2726 881 2911; baseline -0.02 -51"><span class='ocrx_word' id='word_1_223' title='bbox 425 2726 552 2884; x_wconf 76' lang='lat' dir='ltr'><strong>Cusp.</strong></span> <span class='ocrx_word' id='word_1_224' title='bbox 581 2771 789 2887; x_wconf 81' lang='lat' dir='ltr'><strong>Aquilae.</strong></span> <span class='ocrx_word' id='word_1_225' title='bbox 875 2898 881 2911; x_wconf 74' lang='lat'><em>,</em></span> 
     </span>
    </p>
   </div>
   <div class='ocr_carea' id='block_1_8' title="bbox 113 2591 288 2720">
    <p class='ocr_par' dir='ltr' id='par_1_8' title="bbox 113 2591 288 2720">
     <span class='ocr_line' id='line_1_24' title="bbox 113 2591 288 2720; baseline -0.006 -56"><span class='ocrx_word' id='word_1_226' title='bbox 113 2591 288 2720; x_wconf 56' lang='lat' dir='ltr'>Q</span> 
     </span>
    </p>
   </div>
   <div class='ocr_carea' id='block_1_9' title="bbox 173 2967 1093 3130">
    <p class='ocr_par' dir='ltr' id='par_1_9' title="bbox 173 2967 1093 3130">
     <span class='ocr_line' id='line_1_25' title="bbox 173 2967 1093 3045; baseline -0.005 -17"><span class='ocrx_word' id='word_1_227' title='bbox 173 2980 194 3045; x_wconf 83' lang='lat'><em>†</em></span> <span class='ocrx_word' id='word_1_228' title='bbox 216 2975 256 3028; x_wconf 88' lang='lat' dir='ltr'><strong>Er</strong></span> <span class='ocrx_word' id='word_1_229' title='bbox 273 2973 440 3045; x_wconf 79' lang='lat' dir='ltr'><strong>autographo</strong></span> <span class='ocrx_word' id='word_1_230' title='bbox 461 2971 576 3043; x_wconf 87' lang='lat' dir='ltr'><strong>Philippi</strong></span> <span class='ocrx_word' id='word_1_231' title='bbox 602 2972 630 3025; x_wconf 88' lang='lat' dir='ltr'><strong>in</strong></span> <span class='ocrx_word' id='word_1_232' title='bbox 650 2971 713 3026; x_wconf 87' lang='lat' dir='ltr'><strong>cod.</strong></span> <span class='ocrx_word' id='word_1_233' title='bbox 732 2968 818 3027; x_wconf 86' lang='lat' dir='ltr'><strong>Rebd.</strong></span> <span class='ocrx_word' id='word_1_234' title='bbox 840 2967 951 3025; x_wconf 79' lang='lat' dir='ltr'><strong>Vestisl.</strong></span> <span class='ocrx_word' id='word_1_235' title='bbox 976 2967 1039 3025; x_wconf 86' lang='lat' dir='ltr'><strong>vot.</strong></span> <span class='ocrx_word' id='word_1_236' title='bbox 1059 2968 1093 3023; x_wconf 84' lang='lat' dir='ltr'><strong>V.</strong></span> 
     </span>
     <span class='ocr_line' id='line_1_26' title="bbox 209 3040 705 3130; baseline -0.012 -30"><span class='ocrx_word' id='word_1_237' title='bbox 209 3043 343 3116; x_wconf 79' lang='lat' dir='ltr'><strong>descripta</strong></span> <span class='ocrx_word' id='word_1_238' title='bbox 358 3043 436 3130; x_wconf 83' lang='lat' dir='ltr'><strong>uobis</strong></span> <span class='ocrx_word' id='word_1_239' title='bbox 455 3062 469 3097; x_wconf 79' lang='lat' dir='ltr'><strong>s</strong></span> <span class='ocrx_word' id='word_1_240' title='bbox 483 3043 511 3097; x_wconf 87' lang='lat' dir='ltr'><strong>S.</strong></span> <span class='ocrx_word' id='word_1_241' title='bbox 522 3041 554 3095; x_wconf 92' lang='lat' dir='ltr'><strong>V.</strong></span> <span class='ocrx_word' id='word_1_242' title='bbox 567 3040 705 3095; x_wconf 79' lang='lat' dir='ltr'><strong>Schulrio.</strong></span> 
     </span>
    </p>
   </div>
   <div class='ocr_carea' id='block_1_10' title="bbox 257 3195 972 3299">
    <p class='ocr_par' dir='ltr' id='par_1_10' title="bbox 257 3195 972 3299">
     <span class='ocr_line' id='line_1_27' title="bbox 257 3195 972 3299; baseline -0.013 -27"><span class='ocrx_word' id='word_1_243' title='bbox 257 3195 462 3292; x_wconf 83' lang='lat' dir='ltr'><strong>Caspar&#39;i</strong></span> <span class='ocrx_word' id='word_1_244' title='bbox 478 3195 696 3299; x_wconf 78' lang='lat' dir='ltr'><strong>Aquilae,</strong></span> <span class='ocrx_word' id='word_1_245' title='bbox 722 3195 841 3267; x_wconf 84' lang='lat' dir='ltr'><strong>amico</strong></span> <span class='ocrx_word' id='word_1_246' title='bbox 857 3220 941 3281; x_wconf 88' lang='lat' dir='ltr'><strong>suo,</strong></span> <span class='ocrx_word' id='word_1_247' title='bbox 967 3227 972 3235; x_wconf 89' lang='lat'><strong>·</strong></span> 
     </span>
    </p>
   </div>
   <div class='ocr_carea' id='block_1_11' title="bbox 11 3333 1100 5476">
    <p class='ocr_par' dir='ltr' id='par_1_11' title="bbox 11 3333 1100 5476">
     <span class='ocr_line' id='line_1_28' title="bbox 105 3333 1096 3442; baseline -0.013 -17"><span class='ocrx_word' id='word_1_248' title='bbox 105 3333 151 3424; x_wconf 80' lang='lat' dir='ltr'><strong>S·</strong></span> <span class='ocrx_word' id='word_1_249' title='bbox 167 3351 213 3423; x_wconf 91' lang='lat' dir='ltr'><strong>D.</strong></span> <span class='ocrx_word' id='word_1_250' title='bbox 264 3346 361 3419; x_wconf 91' lang='lat' dir='ltr'><strong>Mihi</strong></span> <span class='ocrx_word' id='word_1_251' title='bbox 383 3349 545 3442; x_wconf 70' lang='lat' dir='ltr'><strong>quidun,</strong></span> <span class='ocrx_word' id='word_1_252' title='bbox 585 3348 636 3416; x_wconf 91' lang='lat' dir='ltr'><strong>mi</strong></span> <span class='ocrx_word' id='word_1_253' title='bbox 659 3345 810 3439; x_wconf 88' lang='lat' dir='ltr'><strong>Caspar,</strong></span> <span class='ocrx_word' id='word_1_254' title='bbox 848 3344 950 3413; x_wconf 86' lang='lat' dir='ltr'><strong>facile</strong></span> <span class='ocrx_word' id='word_1_255' title='bbox 981 3342 1096 3434; x_wconf 83' lang='lat' dir='ltr'><strong>patiar</strong></span> 
     </span>
     <span class='ocr_line' id='line_1_29' title="bbox 96 3440 1093 3545; baseline -0.01 -20"><span class='ocrx_word' id='word_1_256' title='bbox 96 3457 169 3545; x_wconf 21' lang='lat' dir='ltr'><strong>&#39;ahs</strong></span> <span class='ocrx_word' id='word_1_257' title='bbox 184 3468 218 3524; x_wconf 91' lang='lat' dir='ltr'><strong>te</strong></span> <span class='ocrx_word' id='word_1_258' title='bbox 233 3452 401 3522; x_wconf 88' lang='lat' dir='ltr'><strong>satisfieri.</strong></span> <span class='ocrx_word' id='word_1_259' title='bbox 451 3447 515 3519; x_wconf 83' lang='lat' dir='ltr'><strong>Est</strong></span> <span class='ocrx_word' id='word_1_260' title='bbox 528 3450 623 3518; x_wconf 89' lang='lat' dir='ltr'><strong>enim</strong></span> <span class='ocrx_word' id='word_1_261' title='bbox 639 3463 819 3540; x_wconf 87' lang='lat' dir='ltr'><strong>perspecta</strong></span> <span class='ocrx_word' id='word_1_262' title='bbox 832 3440 923 3513; x_wconf 90' lang='lat' dir='ltr'><strong>mihi</strong></span> <span class='ocrx_word' id='word_1_263' title='bbox 939 3458 998 3513; x_wconf 90' lang='lat' dir='ltr'><strong>tua</strong></span> <span class='ocrx_word' id='word_1_264' title='bbox 1014 3467 1093 3534; x_wconf 86' lang='lat' dir='ltr'><strong>erga</strong></span> 
     </span>
     <span class='ocr_line' id='line_1_30' title="bbox 106 3545 1093 3644; baseline -0.009 -18"><span class='ocrx_word' id='word_1_265' title='bbox 106 3581 163 3626; x_wconf 90' lang='lat' dir='ltr'><strong>me</strong></span> <span class='ocrx_word' id='word_1_266' title='bbox 181 3556 345 3625; x_wconf 87' lang='lat' dir='ltr'><strong>voluntas</strong></span> <span class='ocrx_word' id='word_1_267' title='bbox 362 3565 537 3644; x_wconf 89' lang='lat' dir='ltr'><strong>perpetua.</strong></span> <span class='ocrx_word' id='word_1_268' title='bbox 590 3549 725 3620; x_wconf 90' lang='lat' dir='ltr'><strong>Verum</strong></span> <span class='ocrx_word' id='word_1_269' title='bbox 740 3545 807 3618; x_wconf 95' lang='lat' dir='ltr'><strong>hoc</strong></span> <span class='ocrx_word' id='word_1_270' title='bbox 829 3561 862 3617; x_wconf 91' lang='lat' dir='ltr'><strong>te</strong></span> <span class='ocrx_word' id='word_1_271' title='bbox 882 3569 968 3636; x_wconf 89' lang='lat' dir='ltr'><strong>rogo</strong></span> <span class='ocrx_word' id='word_1_272' title='bbox 989 3547 1093 3619; x_wconf 89' lang='lat' dir='ltr'><strong>etiam</strong></span> 
     </span>
     <span class='ocr_line' id='line_1_31' title="bbox 108 3648 1095 3752; baseline -0.012 -23"><span class='ocrx_word' id='word_1_273' title='bbox 108 3673 211 3752; x_wconf 90' lang='lat' dir='ltr'><strong>atque</strong></span> <span class='ocrx_word' id='word_1_274' title='bbox 229 3657 351 3739; x_wconf 85' lang='lat' dir='ltr'><strong>etiam,</strong></span> <span class='ocrx_word' id='word_1_275' title='bbox 381 3667 423 3723; x_wconf 93' lang='lat' dir='ltr'><strong>ut</strong></span> <span class='ocrx_word' id='word_1_276' title='bbox 449 3667 545 3722; x_wconf 90' lang='lat' dir='ltr'><strong>tuam</strong></span> <span class='ocrx_word' id='word_1_277' title='bbox 569 3652 749 3721; x_wconf 90' lang='lat' dir='ltr'><strong>ecclesiam</strong></span> <span class='ocrx_word' id='word_1_278' title='bbox 771 3650 950 3719; x_wconf 91' lang='lat' dir='ltr'><strong>moderate</strong></span> <span class='ocrx_word' id='word_1_279' title='bbox 971 3648 1095 3717; x_wconf 89' lang='lat' dir='ltr'><strong>doceas</strong></span> 
     </span>
     <span class='ocr_line' id='line_1_32' title="bbox 109 3747 1095 3851; baseline -0.014 -20"><span class='ocrx_word' id='word_1_280' title='bbox 109 3785 166 3844; x_wconf 86' lang='lat' dir='ltr'><strong>ea,</strong></span> <span class='ocrx_word' id='word_1_281' title='bbox 190 3782 279 3851; x_wconf 87' lang='lat' dir='ltr'><strong>quae</strong></span> <span class='ocrx_word' id='word_1_282' title='bbox 293 3759 337 3825; x_wconf 92' lang='lat' dir='ltr'><strong>ad</strong></span> <span class='ocrx_word' id='word_1_283' title='bbox 353 3755 629 3823; x_wconf 87' lang='lat' dir='ltr'><strong>aedificationem</strong></span> <span class='ocrx_word' id='word_1_284' title='bbox 640 3754 786 3824; x_wconf 88' lang='lat' dir='ltr'><strong>faciunt.</strong></span> <span class='ocrx_word' id='word_1_285' title='bbox 837 3747 927 3833; x_wconf 81' lang='lat' dir='ltr'><strong>Eos,</strong></span> <span class='ocrx_word' id='word_1_286' title='bbox 953 3749 1014 3840; x_wconf 92' lang='lat' dir='ltr'><strong>qui</strong></span> <span class='ocrx_word' id='word_1_287' title='bbox 1029 3750 1095 3837; x_wconf 92' lang='lat' dir='ltr'><strong>tibi</strong></span> 
     </span>
     <span class='ocr_line' id='line_1_33' title="bbox 108 3843 1094 3942; baseline -0.01 -10"><span class='ocrx_word' id='word_1_288' title='bbox 108 3886 183 3932; x_wconf 90' lang='lat' dir='ltr'><strong>non</strong></span> <span class='ocrx_word' id='word_1_289' title='bbox 211 3857 389 3930; x_wconf 88' lang='lat' dir='ltr'><strong>commissi</strong></span> <span class='ocrx_word' id='word_1_290' title='bbox 418 3869 518 3940; x_wconf 90' lang='lat' dir='ltr'><strong>sunt,</strong></span> <span class='ocrx_word' id='word_1_291' title='bbox 558 3856 651 3923; x_wconf 81' lang='lat' dir='ltr'><strong>sinas</strong></span> <span class='ocrx_word' id='word_1_292' title='bbox 680 3854 797 3923; x_wconf 86' lang='lat' dir='ltr'><strong>valere</strong></span> <span class='ocrx_word' id='word_1_293' title='bbox 821 3847 885 3923; x_wconf 81' lang='grc' dir='ltr'><strong>καὶ</strong></span> <span class='ocrx_word' id='word_1_294' title='bbox 913 3843 1094 3942; x_wconf 76' lang='grc' dir='ltr'>οἰμώζειν.</span> 
     </span>
     <span class='ocr_line' id='line_1_34' title="bbox 108 3951 1094 4049; baseline -0.015 -14"><span class='ocrx_word' id='word_1_295' title='bbox 108 3954 242 4035; x_wconf 84' lang='lat' dir='ltr'><strong>Necte</strong></span> <span class='ocrx_word' id='word_1_296' title='bbox 260 3960 322 4028; x_wconf 78' lang='lat' dir='ltr'><strong>&#39;vel</strong></span> <span class='ocrx_word' id='word_1_297' title='bbox 347 3951 604 4028; x_wconf 89' lang='lat' dir='ltr'><strong>monachorum</strong></span> <span class='ocrx_word' id='word_1_298' title='bbox 624 3955 827 4049; x_wconf 86' lang='lat' dir='ltr'><strong>maledicta,</strong></span> <span class='ocrx_word' id='word_1_299' title='bbox 860 3951 919 4020; x_wconf 87' lang='lat' dir='ltr'><strong>vel</strong></span> <span class='ocrx_word' id='word_1_300' title='bbox 941 3951 1094 4021; x_wconf 90' lang='lat' dir='ltr'><strong>aliorum</strong></span> 
     </span>
     <span class='ocr_line' id='line_1_35' title="bbox 110 4051 1095 4150; baseline -0.013 -15"><span class='ocrx_word' id='word_1_301' title='bbox 110 4062 305 4136; x_wconf 89' lang='lat' dir='ltr'><strong>calumniae</strong></span> <span class='ocrx_word' id='word_1_302' title='bbox 328 4052 587 4143; x_wconf 81' lang='lat' dir='ltr'><strong>commoveant,</strong></span> <span class='ocrx_word' id='word_1_303' title='bbox 624 4071 683 4141; x_wconf 92' lang='lat' dir='ltr'><strong>ut,</strong></span> <span class='ocrx_word' id='word_1_304' title='bbox 723 4057 818 4150; x_wconf 93' lang='lat' dir='ltr'><strong>quod</strong></span> <span class='ocrx_word' id='word_1_305' title='bbox 842 4051 1095 4122; x_wconf 89' lang='lat' dir='ltr'><strong>alienissimum</strong></span> 
     </span>
     <span class='ocr_line' id='line_1_36' title="bbox 11 4154 1094 4257; baseline -0.017 -18"><span class='ocrx_word' id='word_1_306' title='bbox 11 4244 15 4257; x_wconf 61' lang='grc'><strong>,</strong></span> <span class='ocrx_word' id='word_1_307' title='bbox 111 4191 183 4237; x_wconf 89' lang='lat' dir='ltr'><strong>esse</strong></span> <span class='ocrx_word' id='word_1_308' title='bbox 207 4191 227 4237; x_wconf 89' lang='lat' dir='ltr'><strong>a</strong></span> <span class='ocrx_word' id='word_1_309' title='bbox 250 4161 455 4235; x_wconf 88' lang='lat' dir='ltr'><strong>doctoribus</strong></span> <span class='ocrx_word' id='word_1_310' title='bbox 475 4160 638 4229; x_wconf 89' lang='lat' dir='ltr'><strong>ecclesiae</strong></span> <span class='ocrx_word' id='word_1_311' title='bbox 660 4158 779 4242; x_wconf 91' lang='lat' dir='ltr'><strong>debet,</strong></span> <span class='ocrx_word' id='word_1_312' title='bbox 816 4156 912 4246; x_wconf 85' lang='lat' dir='ltr'><strong>apud</strong></span> <span class='ocrx_word' id='word_1_313' title='bbox 931 4154 1094 4223; x_wconf 87' lang='lat' dir='ltr'><strong>miseram</strong></span> 
     </span>
     <span class='ocr_line' id='line_1_37' title="bbox 111 4256 1097 4360; baseline -0.014 -21"><span class='ocrx_word' id='word_1_314' title='bbox 111 4268 329 4360; x_wconf 88' lang='lat' dir='ltr'><strong>plebeculam</strong></span> <span class='ocrx_word' id='word_1_315' title='bbox 344 4263 485 4346; x_wconf 87' lang='lat' dir='ltr'><strong>rixeris,</strong></span> <span class='ocrx_word' id='word_1_316' title='bbox 516 4274 551 4331; x_wconf 83' lang='lat' dir='ltr'><strong>et</strong></span> <span class='ocrx_word' id='word_1_317' title='bbox 570 4275 647 4330; x_wconf 92' lang='lat' dir='ltr'><strong>tuos</strong></span> <span class='ocrx_word' id='word_1_318' title='bbox 671 4261 825 4329; x_wconf 86' lang='lat' dir='ltr'><strong>adfectus</strong></span> <span class='ocrx_word' id='word_1_319' title='bbox 849 4256 996 4325; x_wconf 90' lang='lat' dir='ltr'><strong>minime</strong></span> <span class='ocrx_word' id='word_1_320' title='bbox 1018 4257 1097 4325; x_wconf 93' lang='lat' dir='ltr'><strong>ido-</strong></span> 
     </span>
     <span class='ocr_line' id='line_1_38' title="bbox 111 4357 1099 4452; baseline -0.013 -11"><span class='ocrx_word' id='word_1_321' title='bbox 111 4395 180 4440; x_wconf 89' lang='lat' dir='ltr'><strong>neo</strong></span> <span class='ocrx_word' id='word_1_322' title='bbox 204 4371 283 4439; x_wconf 92' lang='lat' dir='ltr'><strong>loco</strong></span> <span class='ocrx_word' id='word_1_323' title='bbox 307 4364 496 4437; x_wconf 81' lang='lat' dir='ltr'><strong>ulciscaris.</strong></span> <span class='ocrx_word' id='word_1_324' title='bbox 555 4361 638 4433; x_wconf 90' lang='lat' dir='ltr'><strong>Non</strong></span> <span class='ocrx_word' id='word_1_325' title='bbox 666 4357 874 4452; x_wconf 84' lang='lat' dir='ltr'><strong>ignorabam</strong></span> <span class='ocrx_word' id='word_1_326' title='bbox 903 4380 984 4447; x_wconf 89' lang='lat' dir='ltr'><strong>ego,</strong></span> <span class='ocrx_word' id='word_1_327' title='bbox 1022 4358 1099 4429; x_wconf 84' lang='lat' dir='ltr'><strong>lore</strong></span> 
     </span>
     <span class='ocr_line' id='line_1_39' title="bbox 113 4459 1099 4567; baseline -0.016 -25"><span class='ocrx_word' id='word_1_328' title='bbox 113 4470 232 4567; x_wconf 85' lang='lat' dir='ltr'><strong>quiex</strong></span> <span class='ocrx_word' id='word_1_329' title='bbox 248 4471 310 4538; x_wconf 87' lang='lat' dir='ltr'><strong>illa</strong></span> <span class='ocrx_word' id='word_1_330' title='bbox 328 4490 403 4535; x_wconf 87' lang='lat' dir='ltr'><strong>mea</strong></span> <span class='ocrx_word' id='word_1_331' title='bbox 419 4465 608 4557; x_wconf 85' lang='lat' dir='ltr'><strong>partitione</strong></span> <span class='ocrx_word' id='word_1_332' title='bbox 623 4462 858 4555; x_wconf 87' lang='lat' dir='ltr'><strong>poenitentiae</strong></span> <span class='ocrx_word' id='word_1_333' title='bbox 877 4459 1099 4529; x_wconf 83' lang='lat' dir='ltr'><strong>offenderen-</strong></span> 
     </span>
     <span class='ocr_line' id='line_1_40' title="bbox 113 4558 1099 4658; baseline -0.016 -14"><span class='ocrx_word' id='word_1_334' title='bbox 113 4589 183 4644; x_wconf 90' lang='lat' dir='ltr'><strong>tur.</strong></span> <span class='ocrx_word' id='word_1_335' title='bbox 241 4570 311 4640; x_wconf 89' lang='lat' dir='ltr'><strong>Sed</strong></span> <span class='ocrx_word' id='word_1_336' title='bbox 336 4591 411 4636; x_wconf 91' lang='lat' dir='ltr'><strong>non</strong></span> <span class='ocrx_word' id='word_1_337' title='bbox 436 4558 605 4658; x_wconf 85' lang='lat' dir='ltr'><strong>putabam</strong></span> <span class='ocrx_word' id='word_1_338' title='bbox 626 4565 787 4634; x_wconf 88' lang='lat' dir='ltr'><strong>omnium</strong></span> <span class='ocrx_word' id='word_1_339' title='bbox 817 4561 1005 4633; x_wconf 88' lang='lat' dir='ltr'><strong>calumniis</strong></span> <span class='ocrx_word' id='word_1_340' title='bbox 1034 4580 1099 4629; x_wconf 91' lang='lat' dir='ltr'><strong>nos</strong></span> 
     </span>
     <span class='ocr_line' id='line_1_41' title="bbox 112 4657 1099 4756; baseline -0.016 -10"><span class='ocrx_word' id='word_1_341' title='bbox 112 4672 252 4746; x_wconf 82' lang='lat' dir='ltr'><strong>moveri</strong></span> <span class='ocrx_word' id='word_1_342' title='bbox 272 4671 410 4740; x_wconf 87' lang='lat' dir='ltr'><strong>debere.</strong></span> <span class='ocrx_word' id='word_1_343' title='bbox 461 4666 552 4736; x_wconf 85' lang='lat' dir='ltr'><strong>Tam</strong></span> <span class='ocrx_word' id='word_1_344' title='bbox 570 4667 664 4735; x_wconf 88' lang='lat' dir='ltr'><strong>leves</strong></span> <span class='ocrx_word' id='word_1_345' title='bbox 683 4679 721 4735; x_wconf 86' lang='lat' dir='ltr'><strong>et</strong></span> <span class='ocrx_word' id='word_1_346' title='bbox 734 4665 880 4735; x_wconf 86' lang='lat' dir='ltr'><strong>frivolae</strong></span> <span class='ocrx_word' id='word_1_347' title='bbox 902 4657 1099 4756; x_wconf 88' lang='lat' dir='ltr'><strong>sycophan-</strong></span> 
     </span>
     <span class='ocr_line' id='line_1_42' title="bbox 113 4760 1100 4867; baseline -0.019 -18"><span class='ocrx_word' id='word_1_348' title='bbox 113 4779 182 4849; x_wconf 87' lang='lat' dir='ltr'><strong>tiae</strong></span> <span class='ocrx_word' id='word_1_349' title='bbox 198 4798 272 4847; x_wconf 92' lang='lat' dir='ltr'><strong>non</strong></span> <span class='ocrx_word' id='word_1_350' title='bbox 288 4774 368 4866; x_wconf 91' lang='lat' dir='ltr'><strong>plus</strong></span> <span class='ocrx_word' id='word_1_351' title='bbox 383 4771 428 4839; x_wconf 92' lang='lat' dir='ltr'><strong>ad</strong></span> <span class='ocrx_word' id='word_1_352' title='bbox 446 4762 559 4839; x_wconf 88' lang='lat' dir='ltr'><strong>bonos</strong></span> <span class='ocrx_word' id='word_1_353' title='bbox 573 4768 670 4867; x_wconf 81' lang='lat' dir='ltr'><strong>viros</strong></span> <span class='ocrx_word' id='word_1_354' title='bbox 684 4767 882 4859; x_wconf 87' lang='lat' dir='ltr'><strong>pertinent,</strong></span> <span class='ocrx_word' id='word_1_355' title='bbox 911 4778 1017 4857; x_wconf 82' lang='lat' dir='ltr'><strong>quam</strong></span> <span class='ocrx_word' id='word_1_356' title='bbox 1039 4760 1100 4831; x_wconf 91' lang='lat' dir='ltr'><strong>ln-</strong></span> 
     </span>
     <span class='ocr_line' id='line_1_43' title="bbox 115 4865 1100 4962; baseline -0.016 -14"><span class='ocrx_word' id='word_1_357' title='bbox 115 4884 240 4951; x_wconf 89' lang='lat' dir='ltr'><strong>dorum</strong></span> <span class='ocrx_word' id='word_1_358' title='bbox 259 4890 320 4947; x_wconf 94' lang='lat' dir='ltr'><strong>aut</strong></span> <span class='ocrx_word' id='word_1_359' title='bbox 336 4871 494 4944; x_wconf 85' lang='lat' dir='ltr'><strong>Arabum</strong></span> <span class='ocrx_word' id='word_1_360' title='bbox 511 4868 703 4962; x_wconf 87' lang='lat' dir='ltr'><strong>plebiscita.</strong></span> <span class='ocrx_word' id='word_1_361' title='bbox 754 4866 840 4938; x_wconf 88' lang='lat' dir='ltr'><strong>Sine</strong></span> <span class='ocrx_word' id='word_1_362' title='bbox 861 4866 970 4955; x_wconf 88' lang='lat' dir='ltr'><strong>igitur</strong></span> <span class='ocrx_word' id='word_1_363' title='bbox 990 4865 1100 4933; x_wconf 88' lang='lat' dir='ltr'><strong>male-</strong></span> 
     </span>
     <span class='ocr_line' id='line_1_44' title="bbox 115 4965 1100 5069; baseline -0.02 -17"><span class='ocrx_word' id='word_1_364' title='bbox 115 4986 229 5055; x_wconf 89' lang='lat' dir='ltr'><strong>dicere</strong></span> <span class='ocrx_word' id='word_1_365' title='bbox 244 4977 443 5069; x_wconf 89' lang='lat' dir='ltr'><strong>improbos,</strong></span> <span class='ocrx_word' id='word_1_366' title='bbox 477 4997 541 5041; x_wconf 92' lang='lat' dir='ltr'><strong>nec</strong></span> <span class='ocrx_word' id='word_1_367' title='bbox 560 4985 599 5040; x_wconf 91' lang='lat' dir='ltr'><strong>tu</strong></span> <span class='ocrx_word' id='word_1_368' title='bbox 615 4996 653 5039; x_wconf 90' lang='lat' dir='ltr'><strong>ea</strong></span> <span class='ocrx_word' id='word_1_369' title='bbox 669 4970 854 5038; x_wconf 90' lang='lat' dir='ltr'><strong>maledicta</strong></span> <span class='ocrx_word' id='word_1_370' title='bbox 870 4991 909 5036; x_wconf 82' lang='lat' dir='ltr'><strong>ex</strong></span> <span class='ocrx_word' id='word_1_371' title='bbox 932 4965 1100 5056; x_wconf 89' lang='lat' dir='ltr'><strong>cauponis</strong></span> 
     </span>
     <span class='ocr_line' id='line_1_45' title="bbox 108 5065 1098 5173; baseline -0.021 -19"><span class='ocrx_word' id='word_1_372' title='bbox 108 5086 154 5173; x_wconf 76' lang='lat' dir='ltr'><strong>,in</strong></span> <span class='ocrx_word' id='word_1_373' title='bbox 177 5083 382 5153; x_wconf 90' lang='lat' dir='ltr'><strong>concionem</strong></span> <span class='ocrx_word' id='word_1_374' title='bbox 410 5077 528 5158; x_wconf 84' lang='lat' dir='ltr'><strong>adfer,</strong></span> <span class='ocrx_word' id='word_1_375' title='bbox 567 5073 627 5142; x_wconf 89' lang='lat' dir='ltr'><strong>sed</strong></span> <span class='ocrx_word' id='word_1_376' title='bbox 656 5065 713 5138; x_wconf 89' lang='lat' dir='ltr'><strong>his</strong></span> <span class='ocrx_word' id='word_1_377' title='bbox 744 5067 972 5139; x_wconf 80' lang='lat' dir='ltr'><strong>dissimulatis</strong></span> <span class='ocrx_word' id='word_1_378' title='bbox 1002 5080 1098 5136; x_wconf 90' lang='lat' dir='ltr'><strong>tuam</strong></span> 
     </span>
     <span class='ocr_line' id='line_1_46' title="bbox 72 5168 1100 5273; baseline -0.02 -17"><span class='ocrx_word' id='word_1_379' title='bbox 72 5228 75 5233; x_wconf 93' lang='lat'>·</span> <span class='ocrx_word' id='word_1_380' title='bbox 115 5210 189 5257; x_wconf 89' lang='lat' dir='ltr'><strong>rem</strong></span> <span class='ocrx_word' id='word_1_381' title='bbox 208 5208 269 5273; x_wconf 87' lang='lat' dir='ltr'><strong>age</strong></span> <span class='ocrx_word' id='word_1_382' title='bbox 284 5196 318 5252; x_wconf 90' lang='lat' dir='ltr'><strong>et</strong></span> <span class='ocrx_word' id='word_1_383' title='bbox 332 5182 418 5249; x_wconf 90' lang='lat' dir='ltr'><strong>doce</strong></span> <span class='ocrx_word' id='word_1_384' title='bbox 435 5176 547 5250; x_wconf 90' lang='lat' dir='ltr'><strong>utilia.</strong></span> <span class='ocrx_word' id='word_1_385' title='bbox 599 5171 650 5243; x_wconf 86' lang='lat' dir='ltr'><strong>lta</strong></span> <span class='ocrx_word' id='word_1_386' title='bbox 673 5171 775 5241; x_wconf 81' lang='lat' dir='ltr'><strong>facile</strong></span> <span class='ocrx_word' id='word_1_387' title='bbox 796 5170 914 5241; x_wconf 83' lang='lat' dir='ltr'><strong>vinces</strong></span> <span class='ocrx_word' id='word_1_388' title='bbox 935 5168 1021 5238; x_wconf 91' lang='lat' dir='ltr'><strong>istos</strong></span> <span class='ocrx_word' id='word_1_389' title='bbox 1041 5190 1100 5261; x_wconf 88' lang='lat' dir='ltr'><strong>sy-</strong></span> 
     </span>
     <span class='ocr_line' id='line_1_47' title="bbox 115 5269 1097 5379; baseline -0.02 -22"><span class='ocrx_word' id='word_1_390' title='bbox 115 5282 317 5379; x_wconf 88' lang='lat' dir='ltr'><strong>cophantas.</strong></span> <span class='ocrx_word' id='word_1_391' title='bbox 356 5279 435 5350; x_wconf 86' lang='lat' dir='ltr'><strong>Hoc</strong></span> <span class='ocrx_word' id='word_1_392' title='bbox 449 5302 590 5375; x_wconf 88' lang='lat' dir='ltr'><strong>quoqne</strong></span> <span class='ocrx_word' id='word_1_393' title='bbox 604 5289 637 5344; x_wconf 89' lang='lat' dir='ltr'><strong>te</strong></span> <span class='ocrx_word' id='word_1_394' title='bbox 651 5274 869 5344; x_wconf 89' lang='lat' dir='ltr'><strong>monendum</strong></span> <span class='ocrx_word' id='word_1_395' title='bbox 885 5269 985 5353; x_wconf 88' lang='lat' dir='ltr'><strong>duxi,</strong></span> <span class='ocrx_word' id='word_1_396' title='bbox 1003 5269 1097 5362; x_wconf 89' lang='lat' dir='ltr'><strong>quod</strong></span> 
     </span>
     <span class='ocr_line' id='line_1_48' title="bbox 113 5371 1099 5476; baseline -0.021 -15"><span class='ocrx_word' id='word_1_397' title='bbox 113 5385 276 5461; x_wconf 87' lang='lat' dir='ltr'><strong>Christus</strong></span> <span class='ocrx_word' id='word_1_398' title='bbox 298 5381 477 5476; x_wconf 88' lang='lat' dir='ltr'><strong>praecepit</strong></span> <span class='ocrx_word' id='word_1_399' title='bbox 504 5377 705 5471; x_wconf 89' lang='lat' dir='ltr'><strong>discipulis,</strong></span> <span class='ocrx_word' id='word_1_400' title='bbox 743 5388 783 5447; x_wconf 94' lang='lat' dir='ltr'><strong>ut</strong></span> <span class='ocrx_word' id='word_1_401' title='bbox 809 5374 881 5444; x_wconf 86' lang='lat' dir='ltr'><strong>siut</strong></span> <span class='ocrx_word' id='word_1_402' title='bbox 907 5371 1099 5465; x_wconf 88' lang='lat' dir='ltr'><strong>prudentes</strong></span> 
     </span>
    </p>
   </div>
   <div class='ocr_carea' id='block_1_12' title="bbox 1149 1609 2139 2102">
    <p class='ocr_par' dir='ltr' id='par_1_12' title="bbox 1149 1609 2139 2102">
     <span class='ocr_line' id='line_1_49' title="bbox 1149 1609 2139 1706; baseline -0.004 -23"><span class='ocrx_word' id='word_1_403' title='bbox 1149 1609 1245 1687; x_wconf 80' lang='lat' dir='ltr'><strong>Cura</strong></span> <span class='ocrx_word' id='word_1_404' title='bbox 1272 1614 1376 1683; x_wconf 88' lang='lat' dir='ltr'><strong>etiam</strong></span> <span class='ocrx_word' id='word_1_405' title='bbox 1402 1609 1473 1684; x_wconf 90' lang='lat' dir='ltr'><strong>huc</strong></span> <span class='ocrx_word' id='word_1_406' title='bbox 1494 1613 1593 1684; x_wconf 83' lang='lat' dir='ltr'><strong>mitti</strong></span> <span class='ocrx_word' id='word_1_407' title='bbox 1617 1614 1727 1684; x_wconf 88' lang='lat' dir='ltr'><strong>libros</strong></span> <span class='ocrx_word' id='word_1_408' title='bbox 1745 1609 2040 1697; x_wconf 79' lang='lat' dir='ltr'><strong>mathematicos,</strong></span> <span class='ocrx_word' id='word_1_409' title='bbox 2076 1612 2139 1706; x_wconf 82' lang='lat' dir='ltr'><strong>qui</strong></span> 
     </span>
     <span class='ocr_line' id='line_1_50' title="bbox 1150 1714 1912 1795; baseline -0.004 -13"><span class='ocrx_word' id='word_1_410' title='bbox 1150 1715 1335 1795; x_wconf 77' lang='lat' dir='ltr'><strong>isticsuut.</strong></span> <span class='ocrx_word' id='word_1_411' title='bbox 1387 1714 1486 1789; x_wconf 87' lang='lat' dir='ltr'><strong>Vale.</strong></span> <span class='ocrx_word' id='word_1_412' title='bbox 1535 1780 1538 1785; x_wconf 16' lang='grc' dir='ltr'><strong>Δ</strong></span> <span class='ocrx_word' id='word_1_413' title='bbox 1633 1768 1637 1783; x_wconf 88' lang='grc'><strong>,</strong></span> <span class='ocrx_word' id='word_1_414' title='bbox 1905 1724 1912 1757; x_wconf 87' lang='grc'><strong>’-</strong></span> 
     </span>
     <span class='ocr_line' id='line_1_51' title="bbox 1163 1814 2092 1909; baseline -0.005 -16"><span class='ocrx_word' id='word_1_415' title='bbox 1163 1815 1168 1825; x_wconf 88' lang='grc'><strong>’</strong></span> <span class='ocrx_word' id='word_1_416' title='bbox 1342 1836 1344 1841; x_wconf 90' lang='grc'><strong><em>·</em></strong></span> <span class='ocrx_word' id='word_1_417' title='bbox 1880 1814 2092 1909; x_wconf 79' lang='lat' dir='ltr'><strong>Philippus.</strong></span> 
     </span>
     <span class='ocr_line' id='line_1_52' title="bbox 1760 1974 2137 2102; baseline -0.005 -17"><span class='ocrx_word' id='word_1_418' title='bbox 1760 1974 1764 1989; x_wconf 44' lang='grc' dir='ltr'>Ι</span> <span class='ocrx_word' id='word_1_419' title='bbox 1865 2000 1869 2005; x_wconf 35' lang='lat'>¹</span> <span class='ocrx_word' id='word_1_420' title='bbox 1959 2021 2038 2100; x_wconf 78' lang='lat' dir='ltr'><strong>(iere</strong></span> <span class='ocrx_word' id='word_1_421' title='bbox 2052 2020 2137 2102; x_wconf 82' lang='lat' dir='ltr'><strong>Oct.)</strong></span> 
     </span>
    </p>
   </div>
   <div class='ocr_carea' id='block_1_13' title="bbox 1961 2110 2130 2142">
    <p class='ocr_par' dir='ltr' id='par_1_13' title="bbox 1961 2110 2130 2142">
     <span class='ocr_line' id='line_1_53' title="bbox 1961 2110 2130 2142; baseline -0.012 0"><span class='ocrx_word' id='word_1_422' title='bbox 1961 2110 2130 2142; x_wconf 60' lang='grc' dir='ltr'><strong>Μ</strong></span> 
     </span>
    </p>
   </div>
   <div class='ocr_carea' id='block_1_14' title="bbox 1346 2134 1896 2301">
    <p class='ocr_par' dir='ltr' id='par_1_14' title="bbox 1346 2134 1896 2301">
     <span class='ocr_line' id='line_1_54' title="bbox 1346 2134 1896 2301; baseline 0.002 -43"><span class='ocrx_word' id='word_1_423' title='bbox 1346 2134 1352 2143; x_wconf 30' lang='lat'><strong><em>⁵</em></strong></span> <span class='ocrx_word' id='word_1_424' title='bbox 1384 2176 1505 2260; x_wconf 81' lang='lat' dir='ltr'><strong>Hier.</strong></span> <span class='ocrx_word' id='word_1_425' title='bbox 1533 2160 1896 2301; x_wconf 75' lang='lat' dir='ltr'><strong>Boumgurtneru</strong></span> 
     </span>
    </p>
   </div>
   <div class='ocr_carea' id='block_1_15' title="bbox 1104 2332 2134 2443">
    <p class='ocr_par' dir='ltr' id='par_1_15' title="bbox 1104 2332 2134 2443">
     <span class='ocr_line' id='line_1_55' title="bbox 1104 2332 2134 2443; baseline -0.002 -35"><span class='ocrx_word' id='word_1_426' title='bbox 1104 2378 1110 2389; x_wconf 69' lang='lat'><strong><em>¹</em></strong></span> <span class='ocrx_word' id='word_1_427' title='bbox 1213 2353 1297 2427; x_wconf 75' lang='lat' dir='ltr'><strong>Epist.</strong></span> <span class='ocrx_word' id='word_1_428' title='bbox 1311 2354 1358 2408; x_wconf 88' lang='lat' dir='ltr'><strong>lib.</strong></span> <span class='ocrx_word' id='word_1_429' title='bbox 1374 2354 1469 2428; x_wconf 85' lang='lat' dir='ltr'><strong>Vl.·p.</strong></span> <span class='ocrx_word' id='word_1_430' title='bbox 1484 2354 1527 2409; x_wconf 78' lang='lat'><strong>76.</strong></span> <span class='ocrx_word' id='word_1_431' title='bbox 1561 2354 1643 2443; x_wconf 78' lang='lat' dir='ltr'><strong>Nunc</strong></span> <span class='ocrx_word' id='word_1_432' title='bbox 1661 2373 1693 2408; x_wconf 80' lang='lat' dir='ltr'><strong>er</strong></span> <span class='ocrx_word' id='word_1_433' title='bbox 1712 2332 1881 2426; x_wconf 74' lang='lat' dir='ltr'><strong>autographo</strong></span> <span class='ocrx_word' id='word_1_434' title='bbox 1900 2351 1930 2406; x_wconf 90' lang='lat' dir='ltr'><strong>in</strong></span> <span class='ocrx_word' id='word_1_435' title='bbox 1948 2352 2012 2407; x_wconf 82' lang='lat' dir='ltr'><strong>eod.</strong></span> <span class='ocrx_word' id='word_1_436' title='bbox 2029 2350 2134 2406; x_wconf 71' lang='lat' dir='ltr'><strong>reem</strong></span> 
     </span>
    </p>
   </div>
   <div class='ocr_carea' id='block_1_16' title="bbox 1246 2423 1423 2499">
    <p class='ocr_par' dir='ltr' id='par_1_16' title="bbox 1246 2423 1423 2499">
     <span class='ocr_line' id='line_1_56' title="bbox 1246 2423 1423 2499; baseline 0.04 -21"><span class='ocrx_word' id='word_1_437' title='bbox 1246 2423 1376 2499; x_wconf 74' lang='lat' dir='ltr'><strong>1.p,50.</strong></span> <span class='ocrx_word' id='word_1_438' title='bbox 1403 2472 1423 2495; x_wconf 61' lang='lat'><strong><em>„</em></strong></span> 
     </span>
    </p>
   </div>
   <div class='ocr_carea' id='block_1_17' title="bbox 1172 2557 2113 2763">
    <p class='ocr_par' dir='ltr' id='par_1_17' title="bbox 1172 2557 2113 2763">
     <span class='ocr_line' id='line_1_57' title="bbox 1172 2557 2113 2663; baseline -0.005 -27"><span class='ocrx_word' id='word_1_439' title='bbox 1172 2558 1323 2663; x_wconf 83' lang='lat' dir='ltr'><strong>Optimo</strong></span> <span class='ocrx_word' id='word_1_440' title='bbox 1348 2563 1442 2646; x_wconf 77' lang='lat' dir='ltr'><strong>viro,</strong></span> <span class='ocrx_word' id='word_1_441' title='bbox 1474 2559 1530 2638; x_wconf 90' lang='lat' dir='ltr'><strong>D.</strong></span> <span class='ocrx_word' id='word_1_442' title='bbox 1555 2562 1835 2657; x_wconf 82' lang='lat' dir='ltr'><strong>Hieronymo</strong></span> <span class='ocrx_word' id='word_1_443' title='bbox 1857 2557 2113 2658; x_wconf 86' lang='lat' dir='ltr'><strong>Bomgarl-</strong></span> 
     </span>
     <span class='ocr_line' id='line_1_58' title="bbox 1427 2674 1857 2763; baseline -0.007 -28"><span class='ocrx_word' id='word_1_444' title='bbox 1427 2689 1550 2747; x_wconf 84' lang='lat' dir='ltr'><strong>uero,</strong></span> <span class='ocrx_word' id='word_1_445' title='bbox 1584 2689 1652 2735; x_wconf 87' lang='lat' dir='ltr'><strong>suo</strong></span> <span class='ocrx_word' id='word_1_446' title='bbox 1681 2674 1857 2763; x_wconf 81' lang='lat' dir='ltr'><strong>patrono,</strong></span> 
     </span>
    </p>
   </div>
   <div class='ocr_carea' id='block_1_18' title="bbox 1146 2768 2131 2892">
    <p class='ocr_par' dir='ltr' id='par_1_18' title="bbox 1146 2768 2131 2892">
     <span class='ocr_line' id='line_1_59' title="bbox 1146 2768 2131 2892; baseline 0.002 -22"><span class='ocrx_word' id='word_1_447' title='bbox 1146 2780 1189 2870; x_wconf 81' lang='lat' dir='ltr'><strong>S.</strong></span> <span class='ocrx_word' id='word_1_448' title='bbox 1205 2798 1250 2871; x_wconf 93' lang='lat' dir='ltr'><strong>D.</strong></span> <span class='ocrx_word' id='word_1_449' title='bbox 1303 2797 1362 2870; x_wconf 90' lang='lat' dir='ltr'><strong>Sic</strong></span> <span class='ocrx_word' id='word_1_450' title='bbox 1390 2815 1458 2885; x_wconf 88' lang='lat' dir='ltr'><strong>est,</strong></span> <span class='ocrx_word' id='word_1_451' title='bbox 1494 2814 1534 2870; x_wconf 92' lang='lat' dir='ltr'><strong>ut</strong></span> <span class='ocrx_word' id='word_1_452' title='bbox 1554 2799 1707 2884; x_wconf 81' lang='lat' dir='ltr'><strong>scribis,</strong></span> <span class='ocrx_word' id='word_1_453' title='bbox 1745 2768 1985 2892; x_wconf 81' lang='lat' dir='ltr'><strong>Hieronyme,</strong></span> <span class='ocrx_word' id='word_1_454' title='bbox 2027 2800 2131 2872; x_wconf 91' lang='lat' dir='ltr'><strong>multo</strong></span> 
     </span>
    </p>
   </div>
   <div class='ocr_carea' id='block_1_19' title="bbox 1146 2898 2131 3095">
    <p class='ocr_par' dir='ltr' id='par_1_19' title="bbox 1146 2898 2131 3095">
     <span class='ocr_line' id='line_1_60' title="bbox 1147 2898 2131 2994; baseline 0.004 -25"><span class='ocrx_word' id='word_1_455' title='bbox 1147 2903 1226 2994; x_wconf 89' lang='lat' dir='ltr'><strong>plus</strong></span> <span class='ocrx_word' id='word_1_456' title='bbox 1259 2913 1388 2971; x_wconf 89' lang='lat' dir='ltr'><strong>nocent</strong></span> <span class='ocrx_word' id='word_1_457' title='bbox 1414 2898 1600 2991; x_wconf 86' lang='lat' dir='ltr'><strong>Evangelii</strong></span> <span class='ocrx_word' id='word_1_458' title='bbox 1641 2900 1773 2991; x_wconf 91' lang='lat' dir='ltr'><strong>gloriae</strong></span> <span class='ocrx_word' id='word_1_459' title='bbox 1808 2901 1955 2970; x_wconf 84' lang='lat' dir='ltr'><strong>fanatici</strong></span> <span class='ocrx_word' id='word_1_460' title='bbox 1985 2903 2131 2994; x_wconf 81' lang='lat' dir='ltr'><strong>spiritus,</strong></span> 
     </span>
     <span class='ocr_line' id='line_1_61' title="bbox 1146 2994 2131 3095; baseline -0.003 -23"><span class='ocrx_word' id='word_1_461' title='bbox 1146 3004 1210 3095; x_wconf 89' lang='lat' dir='ltr'><strong>qui</strong></span> <span class='ocrx_word' id='word_1_462' title='bbox 1235 3027 1330 3072; x_wconf 88' lang='lat' dir='ltr'><strong>nunc</strong></span> <span class='ocrx_word' id='word_1_463' title='bbox 1353 2994 1483 3092; x_wconf 83' lang='lat' dir='ltr'><strong>passim</strong></span> <span class='ocrx_word' id='word_1_464' title='bbox 1507 3027 1598 3071; x_wconf 90' lang='lat' dir='ltr'><strong>nova</strong></span> <span class='ocrx_word' id='word_1_465' title='bbox 1620 3003 1781 3091; x_wconf 82' lang='lat' dir='ltr'><strong>dogmata</strong></span> <span class='ocrx_word' id='word_1_466' title='bbox 1796 3016 1937 3086; x_wconf 90' lang='lat' dir='ltr'><strong>serunt,</strong></span> <span class='ocrx_word' id='word_1_467' title='bbox 1969 3017 2004 3072; x_wconf 90' lang='lat' dir='ltr'><strong>et</strong></span> <span class='ocrx_word' id='word_1_468' title='bbox 2027 3003 2131 3072; x_wconf 85' lang='lat' dir='ltr'><strong>mari·</strong></span> 
     </span>
    </p>
   </div>
   <div class='ocr_carea' id='block_1_20' title="bbox 1064 3094 2131 3196">
    <p class='ocr_par' dir='ltr' id='par_1_20' title="bbox 1064 3094 2131 3196">
     <span class='ocr_line' id='line_1_62' title="bbox 1064 3094 2131 3196; baseline 0.001 -24"><span class='ocrx_word' id='word_1_469' title='bbox 1064 3118 1069 3127; x_wconf 91' lang='lat'>&#39;</span> <span class='ocrx_word' id='word_1_470' title='bbox 1098 3114 1101 3121; x_wconf 87' lang='lat'>&#39;</span> <span class='ocrx_word' id='word_1_471' title='bbox 1147 3104 1417 3174; x_wconf 73' lang='lat' dir='ltr'><strong>mos&#39;tumultus</strong></span> <span class='ocrx_word' id='word_1_472' title='bbox 1439 3105 1478 3172; x_wconf 90' lang='lat' dir='ltr'><strong>in</strong></span> <span class='ocrx_word' id='word_1_473' title='bbox 1499 3103 1701 3172; x_wconf 87' lang='lat' dir='ltr'><strong>civitatibus</strong></span> <span class='ocrx_word' id='word_1_474' title='bbox 1724 3104 1891 3187; x_wconf 80' lang='lat' dir='ltr'><strong>excitant,</strong></span> <span class='ocrx_word' id='word_1_475' title='bbox 1934 3094 2043 3196; x_wconf 80' lang='lat' dir='ltr'><strong>quain</strong></span> <span class='ocrx_word' id='word_1_476' title='bbox 2066 3104 2131 3173; x_wconf 86' lang='lat' dir='ltr'><strong>ulla</strong></span> 
     </span>
    </p>
   </div>
   <div class='ocr_carea' id='block_1_21' title="bbox 1145 3202 2138 5327">
    <p class='ocr_par' dir='ltr' id='par_1_21' title="bbox 1145 3202 2138 5023">
     <span class='ocr_line' id='line_1_63' title="bbox 1145 3202 2130 3298; baseline -0.002 -23"><span class='ocrx_word' id='word_1_477' title='bbox 1145 3230 1304 3298; x_wconf 88' lang='lat' dir='ltr'><strong>unquam</strong></span> <span class='ocrx_word' id='word_1_478' title='bbox 1321 3205 1464 3274; x_wconf 87' lang='lat' dir='ltr'><strong>saevitia</strong></span> <span class='ocrx_word' id='word_1_479' title='bbox 1481 3218 1713 3298; x_wconf 84' lang='lat' dir='ltr'><strong>tyrannorum</strong></span> <span class='ocrx_word' id='word_1_480' title='bbox 1736 3202 1856 3272; x_wconf 92' lang='lat' dir='ltr'><strong>nocuit</strong></span> <span class='ocrx_word' id='word_1_481' title='bbox 1864 3228 1873 3288; x_wconf 92' lang='lat'>;</span> <span class='ocrx_word' id='word_1_482' title='bbox 1906 3218 1943 3272; x_wconf 89' lang='lat' dir='ltr'><strong>et</strong></span> <span class='ocrx_word' id='word_1_483' title='bbox 1966 3204 2037 3272; x_wconf 90' lang='lat' dir='ltr'><strong>nisi</strong></span> <span class='ocrx_word' id='word_1_484' title='bbox 2062 3206 2130 3296; x_wconf 91' lang='lat' dir='ltr'><strong>pol-</strong></span> 
     </span>
     <span class='ocr_line' id='line_1_64' title="bbox 1146 3301 2131 3396; baseline -0.001 -21"><span class='ocrx_word' id='word_1_485' title='bbox 1146 3307 1264 3376; x_wconf 86' lang='lat' dir='ltr'><strong>licitus</strong></span> <span class='ocrx_word' id='word_1_486' title='bbox 1279 3321 1366 3376; x_wconf 81' lang='lat' dir='ltr'><strong>esset</strong></span> <span class='ocrx_word' id='word_1_487' title='bbox 1380 3301 1561 3387; x_wconf 89' lang='lat' dir='ltr'><strong>Christus,</strong></span> <span class='ocrx_word' id='word_1_488' title='bbox 1594 3330 1629 3374; x_wconf 91' lang='lat' dir='ltr'><strong>se</strong></span> <span class='ocrx_word' id='word_1_489' title='bbox 1648 3304 1834 3375; x_wconf 90' lang='lat' dir='ltr'><strong>nobiscnm</strong></span> <span class='ocrx_word' id='word_1_490' title='bbox 1849 3326 1964 3396; x_wconf 87' lang='lat' dir='ltr'><strong>usque</strong></span> <span class='ocrx_word' id='word_1_491' title='bbox 1985 3308 2032 3375; x_wconf 82' lang='lat' dir='ltr'><strong>acl</strong></span> <span class='ocrx_word' id='word_1_492' title='bbox 2054 3314 2131 3376; x_wconf 76' lang='lat' dir='ltr'><strong>edn-</strong></span> 
     </span>
     <span class='ocr_line' id='line_1_65' title="bbox 1146 3408 2132 3490; baseline 0 -14"><span class='ocrx_word' id='word_1_493' title='bbox 1146 3408 1415 3477; x_wconf 87' lang='lat' dir='ltr'><strong>summationem</strong></span> <span class='ocrx_word' id='word_1_494' title='bbox 1456 3408 1563 3476; x_wconf 92' lang='lat' dir='ltr'><strong>seculi</strong></span> <span class='ocrx_word' id='word_1_495' title='bbox 1602 3431 1809 3475; x_wconf 86' lang='lat' dir='ltr'><strong>mansurum</strong></span> <span class='ocrx_word' id='word_1_496' title='bbox 1851 3429 1945 3490; x_wconf 88' lang='lat' dir='ltr'><strong>esse,</strong></span> <span class='ocrx_word' id='word_1_497' title='bbox 2000 3430 2132 3476; x_wconf 84' lang='lat' dir='ltr'><strong>vererer</strong></span> 
     </span>
     <span class='ocr_line' id='line_1_66' title="bbox 1145 3496 2130 3601; baseline 0 -24"><span class='ocrx_word' id='word_1_498' title='bbox 1145 3506 1375 3601; x_wconf 81' lang='lat' dir='ltr'><strong>†profecto&#39;&#39;,</strong></span> <span class='ocrx_word' id='word_1_499' title='bbox 1412 3532 1459 3601; x_wconf 78' lang='lat' dir='ltr'><strong>pe</strong></span> <span class='ocrx_word' id='word_1_500' title='bbox 1493 3509 1597 3579; x_wconf 88' lang='lat' dir='ltr'><strong>tantis</strong></span> <span class='ocrx_word' id='word_1_501' title='bbox 1625 3504 1792 3579; x_wconf 57' lang='lat' dir='ltr'><strong>‘flrrctibus</strong></span> <span class='ocrx_word' id='word_1_502' title='bbox 1822 3530 1991 3596; x_wconf 88' lang='lat' dir='ltr'><strong>oppressa</strong></span> <span class='ocrx_word' id='word_1_503' title='bbox 2014 3496 2130 3599; x_wconf 89' lang='lat' dir='ltr'><strong>religio</strong></span> 
     </span>
     <span class='ocr_line' id='line_1_67' title="bbox 1146 3608 2130 3702; baseline -0.004 -21"><span class='ocrx_word' id='word_1_504' title='bbox 1146 3611 1285 3702; x_wconf 90' lang='lat' dir='ltr'><strong>penitus</strong></span> <span class='ocrx_word' id='word_1_505' title='bbox 1309 3611 1479 3684; x_wconf 88' lang='lat' dir='ltr'><strong>interiret.</strong></span> <span class='ocrx_word' id='word_1_506' title='bbox 1534 3608 1617 3679; x_wconf 91' lang='lat' dir='ltr'><strong>Non</strong></span> <span class='ocrx_word' id='word_1_507' title='bbox 1639 3610 1734 3678; x_wconf 86' lang='lat' dir='ltr'><strong>enim</strong></span> <span class='ocrx_word' id='word_1_508' title='bbox 1761 3608 1831 3677; x_wconf 90' lang='lat' dir='ltr'><strong>alio</strong></span> <span class='ocrx_word' id='word_1_509' title='bbox 1865 3622 2030 3698; x_wconf 89' lang='lat' dir='ltr'><strong>spectant</strong></span> <span class='ocrx_word' id='word_1_510' title='bbox 2054 3611 2130 3679; x_wconf 88' lang='lat' dir='ltr'><strong>istae</strong></span> 
     </span>
     <span class='ocr_line' id='line_1_68' title="bbox 1146 3704 2133 3802; baseline -0.003 -20"><span class='ocrx_word' id='word_1_511' title='bbox 1146 3709 1323 3794; x_wconf 87' lang='lat' dir='ltr'><strong>haereses,</strong></span> <span class='ocrx_word' id='word_1_512' title='bbox 1347 3712 1417 3780; x_wconf 89' lang='lat' dir='ltr'><strong>nisi</strong></span> <span class='ocrx_word' id='word_1_513' title='bbox 1432 3724 1470 3779; x_wconf 89' lang='lat' dir='ltr'><strong>nt</strong></span> <span class='ocrx_word' id='word_1_514' title='bbox 1484 3711 1625 3802; x_wconf 89' lang='lat' dir='ltr'><strong>penitus</strong></span> <span class='ocrx_word' id='word_1_515' title='bbox 1642 3710 1800 3781; x_wconf 88' lang='lat' dir='ltr'><strong>deleatur</strong></span> <span class='ocrx_word' id='word_1_516' title='bbox 1816 3718 1950 3777; x_wconf 82' lang='lat' dir='ltr'><strong>notneu</strong></span> <span class='ocrx_word' id='word_1_517' title='bbox 1964 3704 2133 3780; x_wconf 74' lang='lat' dir='ltr'><strong>Chris&#39;tia·</strong></span> 
     </span>
     <span class='ocr_line' id='line_1_69' title="bbox 1146 3804 2132 3903; baseline -0.001 -21"><span class='ocrx_word' id='word_1_518' title='bbox 1146 3837 1245 3886; x_wconf 91' lang='lat' dir='ltr'><strong>num.</strong></span> <span class='ocrx_word' id='word_1_519' title='bbox 1295 3812 1425 3882; x_wconf 90' lang='lat' dir='ltr'><strong>Precor</strong></span> <span class='ocrx_word' id='word_1_520' title='bbox 1446 3826 1562 3881; x_wconf 87' lang='lat' dir='ltr'><strong>autem</strong></span> <span class='ocrx_word' id='word_1_521' title='bbox 1583 3808 1784 3893; x_wconf 88' lang='lat' dir='ltr'><strong>Christum,</strong></span> <span class='ocrx_word' id='word_1_522' title='bbox 1806 3804 1857 3879; x_wconf 66' lang='lat' dir='ltr'><strong>&#39;ut</strong></span> <span class='ocrx_word' id='word_1_523' title='bbox 1882 3810 1922 3878; x_wconf 88' lang='lat' dir='ltr'><strong>in</strong></span> <span class='ocrx_word' id='word_1_524' title='bbox 1946 3823 2020 3880; x_wconf 90' lang='lat' dir='ltr'><strong>tam</strong></span> <span class='ocrx_word' id='word_1_525' title='bbox 2046 3810 2132 3903; x_wconf 87' lang='lat' dir='ltr'><strong>peri·</strong></span> 
     </span>
     <span class='ocr_line' id='line_1_70' title="bbox 1146 3904 2133 4005; baseline -0.005 -19"><span class='ocrx_word' id='word_1_526' title='bbox 1146 3915 1275 3986; x_wconf 90' lang='lat' dir='ltr'><strong>culosis</strong></span> <span class='ocrx_word' id='word_1_527' title='bbox 1297 3914 1560 4005; x_wconf 74' lang='lat' dir='ltr'><strong>tempestatibus</strong></span> <span class='ocrx_word' id='word_1_528' title='bbox 1586 3914 1757 4004; x_wconf 88' lang='lat' dir='ltr'><strong>gubernet</strong></span> <span class='ocrx_word' id='word_1_529' title='bbox 1777 3936 1817 3981; x_wconf 89' lang='lat' dir='ltr'><strong>ac</strong></span> <span class='ocrx_word' id='word_1_530' title='bbox 1845 3920 1962 3981; x_wconf 88' lang='lat' dir='ltr'><strong>servet</strong></span> <span class='ocrx_word' id='word_1_531' title='bbox 1992 3904 2133 3981; x_wconf 82' lang='lat' dir='ltr'><strong>navicu·</strong></span> 
     </span>
     <span class='ocr_line' id='line_1_71' title="bbox 1146 4006 2133 4113; baseline -0.003 -27"><span class='ocrx_word' id='word_1_532' title='bbox 1146 4019 1217 4086; x_wconf 90' lang='lat' dir='ltr'><strong>lam</strong></span> <span class='ocrx_word' id='word_1_533' title='bbox 1231 4039 1348 4113; x_wconf 86' lang='lat' dir='ltr'><strong>suam,</strong></span> <span class='ocrx_word' id='word_1_534' title='bbox 1372 4029 1476 4109; x_wconf 89' lang='lat' dir='ltr'><strong>atque</strong></span> <span class='ocrx_word' id='word_1_535' title='bbox 1490 4016 1595 4085; x_wconf 90' lang='lat' dir='ltr'><strong>etiam</strong></span> <span class='ocrx_word' id='word_1_536' title='bbox 1611 4011 1859 4085; x_wconf 90' lang='lat' dir='ltr'><strong>communibus</strong></span> <span class='ocrx_word' id='word_1_537' title='bbox 1872 4011 2040 4103; x_wconf 89' lang='lat' dir='ltr'><strong>precibus</strong></span> <span class='ocrx_word' id='word_1_538' title='bbox 2055 4006 2133 4083; x_wconf 85' lang='lat' dir='ltr'><strong>haec</strong></span> 
     </span>
     <span class='ocr_line' id='line_1_72' title="bbox 1147 4112 2134 4209; baseline -0.006 -21"><span class='ocrx_word' id='word_1_539' title='bbox 1147 4118 1238 4188; x_wconf 89' lang='lat' dir='ltr'><strong>mala</strong></span> <span class='ocrx_word' id='word_1_540' title='bbox 1255 4141 1378 4187; x_wconf 88' lang='lat' dir='ltr'><strong>sanare</strong></span> <span class='ocrx_word' id='word_1_541' title='bbox 1394 4140 1584 4209; x_wconf 88' lang='lat' dir='ltr'><strong>possemus.</strong></span> <span class='ocrx_word' id='word_1_542' title='bbox 1634 4114 1694 4186; x_wconf 86' lang='lat' dir='ltr'><strong>Tu</strong></span> <span class='ocrx_word' id='word_1_543' title='bbox 1711 4113 1880 4209; x_wconf 87' lang='lat' dir='ltr'><strong>quoniam</strong></span> <span class='ocrx_word' id='word_1_544' title='bbox 1904 4112 1985 4183; x_wconf 88' lang='lat' dir='ltr'><strong>istic</strong></span> <span class='ocrx_word' id='word_1_545' title='bbox 2009 4113 2049 4182; x_wconf 90' lang='lat' dir='ltr'><strong>in</strong></span> <span class='ocrx_word' id='word_1_546' title='bbox 2073 4112 2134 4183; x_wconf 87' lang='lat' dir='ltr'><strong>ali-</strong></span> 
     </span>
     <span class='ocr_line' id='line_1_73' title="bbox 1148 4213 2134 4313; baseline -0.006 -25"><span class='ocrx_word' id='word_1_547' title='bbox 1148 4245 1216 4313; x_wconf 87' lang='lat' dir='ltr'><strong>qua</strong></span> <span class='ocrx_word' id='word_1_548' title='bbox 1250 4233 1347 4310; x_wconf 91' lang='lat' dir='ltr'><strong>parte</strong></span> <span class='ocrx_word' id='word_1_549' title='bbox 1379 4218 1594 4309; x_wconf 89' lang='lat' dir='ltr'><strong>reipublicae</strong></span> <span class='ocrx_word' id='word_1_550' title='bbox 1622 4243 1675 4298; x_wconf 89' lang='lat' dir='ltr'><strong>es,</strong></span> <span class='ocrx_word' id='word_1_551' title='bbox 1710 4231 1883 4309; x_wconf 89' lang='lat' dir='ltr'><strong>quantum</strong></span> <span class='ocrx_word' id='word_1_552' title='bbox 1908 4228 2012 4305; x_wconf 88' lang='lat' dir='ltr'><strong>potes</strong></span> <span class='ocrx_word' id='word_1_553' title='bbox 2039 4213 2134 4284; x_wconf 84' lang='lat' dir='ltr'><strong>advi-</strong></span> 
     </span>
     <span class='ocr_line' id='line_1_74' title="bbox 1148 4317 2133 4413; baseline -0.007 -23"><span class='ocrx_word' id='word_1_554' title='bbox 1148 4320 1293 4413; x_wconf 89' lang='lat' dir='ltr'><strong>gilabis,</strong></span> <span class='ocrx_word' id='word_1_555' title='bbox 1327 4345 1371 4389; x_wconf 92' lang='lat' dir='ltr'><strong>ne</strong></span> <span class='ocrx_word' id='word_1_556' title='bbox 1395 4319 1432 4386; x_wconf 94' lang='lat' dir='ltr'><strong>in</strong></span> <span class='ocrx_word' id='word_1_557' title='bbox 1457 4320 1582 4388; x_wconf 88' lang='lat' dir='ltr'><strong>urbem</strong></span> <span class='ocrx_word' id='word_1_558' title='bbox 1605 4331 1755 4388; x_wconf 86' lang='lat' dir='ltr'><strong>vestram</strong></span> <span class='ocrx_word' id='word_1_559' title='bbox 1780 4317 1940 4405; x_wconf 88' lang='lat' dir='ltr'><strong>irrepant</strong></span> <span class='ocrx_word' id='word_1_560' title='bbox 1960 4338 2133 4389; x_wconf 88' lang='lat' dir='ltr'><strong>novorum</strong></span> 
     </span>
     <span class='ocr_line' id='line_1_75' title="bbox 1148 4414 2136 4525; baseline -0.008 -31"><span class='ocrx_word' id='word_1_561' title='bbox 1148 4427 1350 4513; x_wconf 89' lang='lat' dir='ltr'><strong>dogmatum</strong></span> <span class='ocrx_word' id='word_1_562' title='bbox 1370 4420 1592 4515; x_wconf 85' lang='lat' dir='ltr'><strong>professores.</strong></span> <span class='ocrx_word' id='word_1_563' title='bbox 1643 4416 1719 4509; x_wconf 87' lang='lat' dir='ltr'><strong>Ego</strong></span> <span class='ocrx_word' id='word_1_564' title='bbox 1744 4418 1814 4487; x_wconf 89' lang='lat' dir='ltr'><strong>iam</strong></span> <span class='ocrx_word' id='word_1_565' title='bbox 1839 4416 1978 4509; x_wconf 76' lang='lat' dir='ltr'><strong>dudum</strong></span> <span class='ocrx_word' id='word_1_566' title='bbox 2001 4414 2136 4525; x_wconf 77' lang='lat' dir='ltr'><strong>ipstitui</strong></span> 
     </span>
     <span class='ocr_line' id='line_1_76' title="bbox 1148 4514 2136 4614; baseline -0.006 -21"><span class='ocrx_word' id='word_1_567' title='bbox 1148 4525 1300 4594; x_wconf 90' lang='lat' dir='ltr'><strong>scribere</strong></span> <span class='ocrx_word' id='word_1_568' title='bbox 1313 4537 1434 4592; x_wconf 90' lang='lat' dir='ltr'><strong>contra</strong></span> <span class='ocrx_word' id='word_1_569' title='bbox 1452 4514 1750 4614; x_wconf 77' lang='grc' dir='ltr'><strong><em>ἇναβαπτίστας,</em></strong></span> <span class='ocrx_word' id='word_1_570' title='bbox 1783 4520 1873 4587; x_wconf 85' lang='lat' dir='ltr'><strong>etde</strong></span> <span class='ocrx_word' id='word_1_571' title='bbox 1896 4540 2020 4587; x_wconf 88' lang='lat' dir='ltr'><strong>rerum</strong></span> <span class='ocrx_word' id='word_1_572' title='bbox 2042 4542 2136 4589; x_wconf 88' lang='lat' dir='ltr'><strong>com·</strong></span> 
     </span>
     <span class='ocr_line' id='line_1_77' title="bbox 1149 4616 2138 4713; baseline -0.007 -19"><span class='ocrx_word' id='word_1_573' title='bbox 1149 4626 1339 4711; x_wconf 82' lang='lat' dir='ltr'><strong>munione3</strong></span> <span class='ocrx_word' id='word_1_574' title='bbox 1378 4625 1438 4691; x_wconf 92' lang='lat' dir='ltr'><strong>sed</strong></span> <span class='ocrx_word' id='word_1_575' title='bbox 1463 4622 1591 4713; x_wconf 89' lang='lat' dir='ltr'><strong>partim</strong></span> <span class='ocrx_word' id='word_1_576' title='bbox 1612 4619 1830 4702; x_wconf 91' lang='lat' dir='ltr'><strong>valetudiue,</strong></span> <span class='ocrx_word' id='word_1_577' title='bbox 1867 4618 2006 4708; x_wconf 85' lang='lat' dir='ltr'><strong>partim</strong></span> <span class='ocrx_word' id='word_1_578' title='bbox 2022 4616 2138 4713; x_wconf 87' lang='lat' dir='ltr'><strong>quoti-</strong></span> 
     </span>
     <span class='ocr_line' id='line_1_78' title="bbox 1149 4712 2136 4815; baseline -0.006 -19"><span class='ocrx_word' id='word_1_579' title='bbox 1149 4727 1283 4796; x_wconf 86' lang='lat' dir='ltr'><strong>dianis·</strong></span> <span class='ocrx_word' id='word_1_580' title='bbox 1298 4722 1588 4815; x_wconf 88' lang='lat' dir='ltr'><strong>occupationibus</strong></span> <span class='ocrx_word' id='word_1_581' title='bbox 1617 4717 1837 4815; x_wconf 91' lang='lat' dir='ltr'><strong>prohibitus,</strong></span> <span class='ocrx_word' id='word_1_582' title='bbox 1884 4744 1959 4789; x_wconf 91' lang='lat' dir='ltr'><strong>non</strong></span> <span class='ocrx_word' id='word_1_583' title='bbox 1996 4712 2136 4815; x_wconf 75' lang='lat' dir='ltr'><strong>possum</strong></span> 
     </span>
     <span class='ocr_line' id='line_1_79' title="bbox 1149 4816 2137 4919; baseline -0.009 -20"><span class='ocrx_word' id='word_1_584' title='bbox 1149 4829 1348 4909; x_wconf 89' lang='lat' dir='ltr'><strong>absolvere,</strong></span> <span class='ocrx_word' id='word_1_585' title='bbox 1378 4826 1474 4919; x_wconf 93' lang='lat' dir='ltr'><strong>quod</strong></span> <span class='ocrx_word' id='word_1_586' title='bbox 1493 4848 1596 4915; x_wconf 90' lang='lat' dir='ltr'><strong>paro,</strong></span> <span class='ocrx_word' id='word_1_587' title='bbox 1624 4825 1684 4895; x_wconf 88' lang='lat' dir='ltr'><strong>sed</strong></span> <span class='ocrx_word' id='word_1_588' title='bbox 1707 4820 1931 4905; x_wconf 88' lang='lat' dir='ltr'><strong>incumbam,</strong></span> <span class='ocrx_word' id='word_1_589' title='bbox 1965 4816 2137 4917; x_wconf 78' lang='lat' dir='ltr'><strong>quantuni</strong></span> 
     </span>
     <span class='ocr_line' id='line_1_80' title="bbox 1149 4914 2121 5023; baseline -0.017 -23"><span class='ocrx_word' id='word_1_590' title='bbox 1149 4944 1289 5023; x_wconf 90' lang='lat' dir='ltr'><strong>potero,</strong></span> <span class='ocrx_word' id='word_1_591' title='bbox 1315 4928 1353 4996; x_wconf 92' lang='lat' dir='ltr'><strong>in</strong></span> <span class='ocrx_word' id='word_1_592' title='bbox 1367 4922 1559 4995; x_wconf 90' lang='lat' dir='ltr'><strong>hancrem.</strong></span> <span class='ocrx_word' id='word_1_593' title='bbox 1971 4914 1976 4921; x_wconf 80' lang='grc'><strong>’</strong></span> <span class='ocrx_word' id='word_1_594' title='bbox 2117 4920 2121 4927; x_wconf 89' lang='grc'><strong>’</strong></span> 
     </span>
    </p>

    <p class='ocr_par' dir='ltr' id='par_1_22' title="bbox 1148 5020 2136 5327">
     <span class='ocr_line' id='line_1_81' title="bbox 1248 5020 2136 5108; baseline -0.007 -9"><span class='ocrx_word' id='word_1_595' title='bbox 1248 5030 1319 5099; x_wconf 91' lang='lat' dir='ltr'><strong>Pro</strong></span> <span class='ocrx_word' id='word_1_596' title='bbox 1341 5023 1448 5108; x_wconf 64' lang='lat' dir='ltr'><strong>Velm</strong></span> <span class='ocrx_word' id='word_1_597' title='bbox 1482 5028 1555 5096; x_wconf 88' lang='lat' dir='ltr'><strong>filio</strong></span> <span class='ocrx_word' id='word_1_598' title='bbox 1574 5025 1756 5097; x_wconf 89' lang='lat' dir='ltr'><strong>cuiusdam</strong></span> <span class='ocrx_word' id='word_1_599' title='bbox 1774 5020 1880 5092; x_wconf 89' lang='lat' dir='ltr'><strong>vestri</strong></span> <span class='ocrx_word' id='word_1_600' title='bbox 1898 5022 1988 5092; x_wconf 87' lang='lat' dir='ltr'><strong>civis</strong></span> <span class='ocrx_word' id='word_1_601' title='bbox 2005 5024 2136 5108; x_wconf 88' lang='lat' dir='ltr'><strong>laboro,</strong></span> 
     </span>
     <span class='ocr_line' id='line_1_82' title="bbox 1148 5124 2136 5218; baseline -0.009 -14"><span class='ocrx_word' id='word_1_602' title='bbox 1148 5148 1188 5204; x_wconf 91' lang='lat' dir='ltr'><strong>ut</strong></span> <span class='ocrx_word' id='word_1_603' title='bbox 1211 5130 1361 5203; x_wconf 88' lang='lat' dir='ltr'><strong>Senatus</strong></span> <span class='ocrx_word' id='word_1_604' title='bbox 1385 5128 1485 5198; x_wconf 91' lang='lat' dir='ltr'><strong>urbis</strong></span> <span class='ocrx_word' id='word_1_605' title='bbox 1506 5141 1638 5196; x_wconf 89' lang='lat' dir='ltr'><strong>vestrae</strong></span> <span class='ocrx_word' id='word_1_606' title='bbox 1664 5126 1820 5196; x_wconf 89' lang='lat' dir='ltr'><strong>conserat</strong></span> <span class='ocrx_word' id='word_1_607' title='bbox 1851 5124 1882 5194; x_wconf 89' lang='lat' dir='ltr'><strong>ei</strong></span> <span class='ocrx_word' id='word_1_608' title='bbox 1911 5124 2136 5218; x_wconf 85' lang='lat' dir='ltr'><strong>stipendium,</strong></span> 
     </span>
     <span class='ocr_line' id='line_1_83' title="bbox 1151 5224 2134 5327; baseline -0.01 -22"><span class='ocrx_word' id='word_1_609' title='bbox 1151 5247 1333 5327; x_wconf 85' lang='lat' dir='ltr'><strong>postquam</strong></span> <span class='ocrx_word' id='word_1_610' title='bbox 1364 5231 1402 5299; x_wconf 92' lang='lat' dir='ltr'><strong>id</strong></span> <span class='ocrx_word' id='word_1_611' title='bbox 1429 5224 1518 5299; x_wconf 85' lang='lat' dir='ltr'><strong>Slor</strong></span> <span class='ocrx_word' id='word_1_612' title='bbox 1545 5227 1744 5322; x_wconf 88' lang='lat' dir='ltr'><strong>reliquerit;</strong></span> <span class='ocrx_word' id='word_1_613' title='bbox 1787 5250 1928 5320; x_wconf 88' lang='lat' dir='ltr'><strong>semper</strong></span> <span class='ocrx_word' id='word_1_614' title='bbox 1959 5226 2058 5313; x_wconf 83' lang='lat' dir='ltr'><strong>cavi,</strong></span> <span class='ocrx_word' id='word_1_615' title='bbox 2093 5248 2134 5295; x_wconf 84' lang='lat' dir='ltr'><strong>nc</strong></span> 
     </span>
    </p>
   </div>
   <div class='ocr_carea' id='block_1_22' title="bbox 1147 5352 1369 5373">
    <p class='ocr_par' dir='ltr' id='par_1_23' title="bbox 1147 5352 1369 5373">
     <span class='ocr_line' id='line_1_84' title="bbox 1147 5352 1369 5373; baseline -0.023 0"><span class='ocrx_word' id='word_1_616' title='bbox 1147 5352 1369 5373; x_wconf 73' lang='lat' dir='ltr'>—n—-=-</span> 
     </span>
    </p>
   </div>
   <div class='ocr_carea' id='block_1_23' title="bbox 1182 5372 1929 5471">
    <p class='ocr_par' dir='ltr' id='par_1_24' title="bbox 1182 5372 1929 5471">
     <span class='ocr_line' id='line_1_85' title="bbox 1182 5372 1929 5471; baseline -0.008 -28"><span class='ocrx_word' id='word_1_617' title='bbox 1182 5394 1211 5463; x_wconf 70' lang='lat' dir='ltr'><strong>*j</strong></span> <span class='ocrx_word' id='word_1_618' title='bbox 1232 5391 1295 5447; x_wconf 79' lang='lat' dir='ltr'><strong>vit.</strong></span> <span class='ocrx_word' id='word_1_619' title='bbox 1310 5389 1368 5445; x_wconf 87' lang='lat' dir='ltr'><strong>Cic.</strong></span> <span class='ocrx_word' id='word_1_620' title='bbox 1380 5387 1413 5443; x_wconf 84' lang='lat' dir='ltr'><strong>de</strong></span> <span class='ocrx_word' id='word_1_621' title='bbox 1426 5393 1559 5443; x_wconf 72' lang='lat' dir='ltr'><strong>emerant.</strong></span> <span class='ocrx_word' id='word_1_622' title='bbox 1576 5404 1601 5442; x_wconf 88' lang='lat' dir='ltr'><strong>c.</strong></span> <span class='ocrx_word' id='word_1_623' title='bbox 1616 5384 1644 5440; x_wconf 76' lang='grc'><strong>6.</strong></span> <span class='ocrx_word' id='word_1_624' title='bbox 1665 5387 1693 5453; x_wconf 67' lang='lat'><strong>5.</strong></span> <span class='ocrx_word' id='word_1_625' title='bbox 1703 5382 1750 5438; x_wconf 78' lang='lat'><strong>20.</strong></span> <span class='ocrx_word' id='word_1_626' title='bbox 1800 5466 1803 5471; x_wconf 11' lang='grc' dir='ltr'><strong><em>ἢ</em></strong></span> <span class='ocrx_word' id='word_1_627' title='bbox 1924 5372 1929 5379; x_wconf 71' lang='grc'><strong>’</strong></span> 
     </span>
    </p>
   </div>
   <div class='ocr_carea' id='block_1_24' title="bbox 0 0 2260 5780">
    <p class='ocr_par' dir='ltr' id='par_1_25' title="bbox 0 0 2260 5780">
     <span class='ocr_line' id='line_1_86' title="bbox 0 0 2260 5780; baseline 0 0"><span class='ocrx_word' id='word_1_628' title='bbox 0 0 2260 5780; x_wconf 95' lang='lat' dir='ltr'><strong> </strong></span> 
     </span>
    </p>
   </div>
  </div>
 </body>
</html>
