<?xml version="1.0" encoding="UTF-8"?>
<!DOCTYPE html PUBLIC "-//W3C//DTD XHTML 1.0 Transitional//EN"
    "http://www.w3.org/TR/xhtml1/DTD/xhtml1-transitional.dtd">
<html xmlns="http://www.w3.org/1999/xhtml" xml:lang="en" lang="en">
 <head>
  <title>
</title>
<meta http-equiv="Content-Type" content="text/html;charset=utf-8" />
  <meta name='ocr-system' content='tesseract 3.04.00' />
  <meta name='ocr-capabilities' content='ocr_page ocr_carea ocr_par ocr_line ocrx_word'/>
</head>
<body>
  <div class='ocr_page' id='page_1' title='image "./corpusreformato07melagoog/corpusreformato07melagoog_0074.png"; bbox 0 0 4500 5782; ppageno 0'>
   <div class='ocr_carea' id='block_1_1' title="bbox 54 204 2088 331">
    <p class='ocr_par' dir='ltr' id='par_1_1' title="bbox 54 204 2088 331">
     <span class='ocr_line' id='line_1_1' title="bbox 54 204 2088 331; baseline -0.002 -42"><span class='ocrx_word' id='word_1_1' title='bbox 54 232 201 289; x_wconf 79' lang='lat' dir='ltr'><strong>crmu</strong></span> <span class='ocrx_word' id='word_1_2' title='bbox 339 324 343 331; x_wconf 22' lang='lat'><em>-</em></span> <span class='ocrx_word' id='word_1_3' title='bbox 458 213 491 310; x_wconf 72' lang='grc'><strong>5.</strong></span> <span class='ocrx_word' id='word_1_4' title='bbox 514 212 572 288; x_wconf 88' lang='grc'><strong>10.</strong></span> <span class='ocrx_word' id='word_1_5' title='bbox 610 207 799 287; x_wconf 81' lang='lat' dir='ltr'>RATIO</span> <span class='ocrx_word' id='word_1_6' title='bbox 842 209 1022 286; x_wconf 89' lang='lat' dir='ltr'>HUIUS</span> <span class='ocrx_word' id='word_1_7' title='bbox 1064 204 1374 281; x_wconf 83' lang='lat' dir='ltr'><strong>EDlTlONlS</strong></span> <span class='ocrx_word' id='word_1_8' title='bbox 1413 205 1531 281; x_wconf 88' lang='lat' dir='ltr'><strong>EPP.</strong></span> <span class='ocrx_word' id='word_1_9' title='bbox 1571 208 1700 288; x_wconf 85' lang='lat' dir='ltr'><strong>MEL.</strong></span> <span class='ocrx_word' id='word_1_10' title='bbox 1946 232 2088 285; x_wconf 79' lang='lat' dir='ltr'><strong>cxxxtv</strong></span> 
     </span>
    </p>
   </div>
   <div class='ocr_carea' id='block_1_2' title="bbox 50 372 2189 5249">
    <p class='ocr_par' dir='ltr' id='par_1_2' title="bbox 50 372 2189 5249">
     <span class='ocr_line' id='line_1_2' title="bbox 51 372 2087 513; baseline -0.001 -53"><span class='ocrx_word' id='word_1_11' title='bbox 51 403 84 460; x_wconf 91' lang='lat' dir='ltr'><strong>et</strong></span> <span class='ocrx_word' id='word_1_12' title='bbox 97 387 287 513; x_wconf 75' lang='lat' dir='ltr'><strong>descripsit</strong></span> <span class='ocrx_word' id='word_1_13' title='bbox 302 399 337 458; x_wconf 88' lang='lat' dir='ltr'><strong>et</strong></span> <span class='ocrx_word' id='word_1_14' title='bbox 352 386 545 479; x_wconf 86' lang='lat' dir='ltr'><strong>descriptas</strong></span> <span class='ocrx_word' id='word_1_15' title='bbox 559 382 638 454; x_wconf 87' lang='lat' dir='ltr'><strong>aliis</strong></span> <span class='ocrx_word' id='word_1_16' title='bbox 652 404 795 478; x_wconf 90' lang='lat' dir='ltr'><strong>quoque</strong></span> <span class='ocrx_word' id='word_1_17' title='bbox 809 383 930 453; x_wconf 88' lang='lat' dir='ltr'><strong>amicis</strong></span> <span class='ocrx_word' id='word_1_18' title='bbox 944 372 1050 468; x_wconf 86' lang='lat' dir='ltr'><strong>misit,</strong></span> <span class='ocrx_word' id='word_1_19' title='bbox 1151 379 1314 467; x_wconf 86' lang='lat' dir='ltr'><strong>Etiam</strong></span> <span class='ocrx_word' id='word_1_20' title='bbox 1329 376 1397 451; x_wconf 90' lang='lat' dir='ltr'><strong>boc</strong></span> <span class='ocrx_word' id='word_1_21' title='bbox 1410 382 1629 453; x_wconf 87' lang='lat' dir='ltr'><strong>monendum</strong></span> <span class='ocrx_word' id='word_1_22' title='bbox 1645 396 1712 467; x_wconf 87' lang='lat' dir='ltr'><strong>est,</strong></span> <span class='ocrx_word' id='word_1_23' title='bbox 1732 380 2001 455; x_wconf 89' lang='lat' dir='ltr'><strong>Melanthonem</strong></span> <span class='ocrx_word' id='word_1_24' title='bbox 2015 388 2087 459; x_wconf 82' lang='lat' dir='ltr'><strong>lere</strong></span> 
     </span>
     <span class='ocr_line' id='line_1_3' title="bbox 51 447 2087 605; baseline -0.001 -43"><span class='ocrx_word' id='word_1_25' title='bbox 51 491 98 562; x_wconf 81' lang='lat' dir='ltr'><strong>ita</strong></span> <span class='ocrx_word' id='word_1_26' title='bbox 115 503 160 561; x_wconf 90' lang='lat' dir='ltr'><strong>ut</strong></span> <span class='ocrx_word' id='word_1_27' title='bbox 183 490 310 584; x_wconf 90' lang='lat' dir='ltr'><strong>utique</strong></span> <span class='ocrx_word' id='word_1_28' title='bbox 324 490 457 582; x_wconf 81' lang='lat' dir='ltr'>duplex</span> <span class='ocrx_word' id='word_1_29' title='bbox 472 479 716 605; x_wconf 79' lang='lat' dir='ltr'><strong>autographon</strong></span> <span class='ocrx_word' id='word_1_30' title='bbox 734 485 901 577; x_wconf 88' lang='lat' dir='ltr'><strong>epistolae</strong></span> <span class='ocrx_word' id='word_1_31' title='bbox 919 486 1050 555; x_wconf 87' lang='lat' dir='ltr'><strong>servari</strong></span> <span class='ocrx_word' id='word_1_32' title='bbox 1096 447 1223 580; x_wconf 82' lang='lat' dir='ltr'><strong>quovis</strong></span> <span class='ocrx_word' id='word_1_33' title='bbox 1238 498 1332 554; x_wconf 86' lang='lat' dir='ltr'><strong>anno</strong></span> <span class='ocrx_word' id='word_1_34' title='bbox 1348 482 1506 575; x_wconf 88' lang='lat' dir='ltr'><strong>Lipsiam</strong></span> <span class='ocrx_word' id='word_1_35' title='bbox 1523 484 1565 551; x_wconf 93' lang='lat' dir='ltr'><strong>ad</strong></span> <span class='ocrx_word' id='word_1_36' title='bbox 1586 484 1765 555; x_wconf 82' lang='lat' dir='ltr'>nundinas</span> <span class='ocrx_word' id='word_1_37' title='bbox 1788 486 1983 576; x_wconf 85' lang='lat' dir='ltr'><strong>profectum</strong></span> <span class='ocrx_word' id='word_1_38' title='bbox 2003 511 2087 576; x_wconf 89' lang='lat' dir='ltr'><strong>esse,</strong></span> 
     </span>
     <span class='ocr_line' id='line_1_4' title="bbox 50 582 2086 712; baseline 0 -51"><span class='ocrx_word' id='word_1_39' title='bbox 50 591 220 712; x_wconf 87' lang='lat' dir='ltr'><strong>potuerit.</strong></span> <span class='ocrx_word' id='word_1_40' title='bbox 269 588 413 660; x_wconf 81' lang='lat' dir='ltr'>Deinde</span> <span class='ocrx_word' id='word_1_41' title='bbox 433 614 516 660; x_wconf 87' lang='lat' dir='ltr'><strong>vero</strong></span> <span class='ocrx_word' id='word_1_42' title='bbox 535 588 640 657; x_wconf 88' lang='lat' dir='ltr'><strong>etiam</strong></span> <span class='ocrx_word' id='word_1_43' title='bbox 657 586 842 680; x_wconf 78' lang='lat' dir='ltr'><strong>epistolas,</strong></span> <span class='ocrx_word' id='word_1_44' title='bbox 868 611 956 682; x_wconf 90' lang='lat' dir='ltr'><strong>quae</strong></span> <span class='ocrx_word' id='word_1_45' title='bbox 974 611 1050 656; x_wconf 89' lang='lat' dir='ltr'><strong>ma·</strong></span> <span class='ocrx_word' id='word_1_46' title='bbox 1096 600 1131 659; x_wconf 91' lang='lat' dir='ltr'><strong>et</strong></span> <span class='ocrx_word' id='word_1_47' title='bbox 1159 587 1213 657; x_wconf 91' lang='lat' dir='ltr'><strong>ibi</strong></span> <span class='ocrx_word' id='word_1_48' title='bbox 1244 586 1373 657; x_wconf 90' lang='lat' dir='ltr'><strong>multas</strong></span> <span class='ocrx_word' id='word_1_49' title='bbox 1407 585 1585 678; x_wconf 80' lang='lat' dir='ltr'><strong>scripsisse</strong></span> <span class='ocrx_word' id='word_1_50' title='bbox 1622 586 1804 677; x_wconf 81' lang='lat' dir='ltr'><strong>epistolas,</strong></span> <span class='ocrx_word' id='word_1_51' title='bbox 1847 582 1943 657; x_wconf 91' lang='lat' dir='ltr'><strong>haud</strong></span> <span class='ocrx_word' id='word_1_52' title='bbox 1973 614 2086 682; x_wconf 87' lang='lat' dir='ltr'><strong>pauca</strong></span> 
     </span>
     <span class='ocr_line' id='line_1_5' title="bbox 52 687 2086 783; baseline -0 -20"><span class='ocrx_word' id='word_1_53' title='bbox 52 693 136 765; x_wconf 90' lang='lat' dir='ltr'><strong>ioris</strong></span> <span class='ocrx_word' id='word_1_54' title='bbox 152 706 275 764; x_wconf 71' lang='lat' dir='ltr'><strong>essent</strong></span> <span class='ocrx_word' id='word_1_55' title='bbox 290 691 480 777; x_wconf 88' lang='lat' dir='ltr'><strong>momenti,</strong></span> <span class='ocrx_word' id='word_1_56' title='bbox 504 689 661 783; x_wconf 89' lang='lat' dir='ltr'><strong>primum</strong></span> <span class='ocrx_word' id='word_1_57' title='bbox 678 688 855 780; x_wconf 83' lang='lat' dir='ltr'><strong>concepit,</strong></span> <span class='ocrx_word' id='word_1_58' title='bbox 882 703 915 761; x_wconf 93' lang='lat' dir='ltr'><strong>et</strong></span> <span class='ocrx_word' id='word_1_59' title='bbox 931 702 1050 782; x_wconf 90' lang='lat' dir='ltr'><strong>postea</strong></span> <span class='ocrx_word' id='word_1_60' title='bbox 1097 689 1202 759; x_wconf 91' lang='lat' dir='ltr'><strong>etiam</strong></span> <span class='ocrx_word' id='word_1_61' title='bbox 1218 687 1382 773; x_wconf 84' lang='lat' dir='ltr'><strong>consilia3</strong></span> <span class='ocrx_word' id='word_1_62' title='bbox 1405 688 1553 757; x_wconf 89' lang='lat' dir='ltr'><strong>omnino</strong></span> <span class='ocrx_word' id='word_1_63' title='bbox 1570 701 1685 758; x_wconf 89' lang='lat' dir='ltr'><strong>autem</strong></span> <span class='ocrx_word' id='word_1_64' title='bbox 1701 689 1804 757; x_wconf 90' lang='lat' dir='ltr'><strong>illum</strong></span> <span class='ocrx_word' id='word_1_65' title='bbox 1818 689 1961 759; x_wconf 87' lang='lat' dir='ltr'><strong>solitum</strong></span> <span class='ocrx_word' id='word_1_66' title='bbox 1978 691 2086 762; x_wconf 83' lang='lat' dir='ltr'><strong>fuisse</strong></span> 
     </span>
     <span class='ocr_line' id='line_1_6' title="bbox 51 788 2087 887; baseline -0.001 -20"><span class='ocrx_word' id='word_1_67' title='bbox 51 797 183 867; x_wconf 87' lang='lat' dir='ltr'><strong>iterum</strong></span> <span class='ocrx_word' id='word_1_68' title='bbox 197 796 282 865; x_wconf 83' lang='lat' dir='ltr'><strong>vel</strong></span> <span class='ocrx_word' id='word_1_69' title='bbox 271 818 346 887; x_wconf 87' lang='lat' dir='ltr'><strong>rpse</strong></span> <span class='ocrx_word' id='word_1_70' title='bbox 362 793 548 886; x_wconf 82' lang='lat' dir='ltr'><strong>descripsit</strong></span> <span class='ocrx_word' id='word_1_71' title='bbox 559 790 651 861; x_wconf 89' lang='lat' dir='ltr'><strong>vela</strong></span> <span class='ocrx_word' id='word_1_72' title='bbox 667 791 782 862; x_wconf 87' lang='lat' dir='ltr'><strong>scriba</strong></span> <span class='ocrx_word' id='word_1_73' title='bbox 800 790 1048 862; x_wconf 84' lang='lat' dir='ltr'><strong>describendas</strong></span> <span class='ocrx_word' id='word_1_74' title='bbox 1096 791 1135 860; x_wconf 92' lang='lat' dir='ltr'><strong>in</strong></span> <span class='ocrx_word' id='word_1_75' title='bbox 1152 790 1340 860; x_wconf 85' lang='lat' dir='ltr'><strong>itineribus</strong></span> <span class='ocrx_word' id='word_1_76' title='bbox 1354 789 1466 859; x_wconf 89' lang='lat' dir='ltr'><strong>otium</strong></span> <span class='ocrx_word' id='word_1_77' title='bbox 1482 788 1633 860; x_wconf 85' lang='lat' dir='ltr'><strong>libenter</strong></span> <span class='ocrx_word' id='word_1_78' title='bbox 1653 813 1860 861; x_wconf 83' lang='lat' dir='ltr'><strong>consumere</strong></span> <span class='ocrx_word' id='word_1_79' title='bbox 1874 791 1911 860; x_wconf 91' lang='lat' dir='ltr'><strong>in</strong></span> <span class='ocrx_word' id='word_1_80' title='bbox 1930 792 2087 865; x_wconf 89' lang='lat' dir='ltr'><strong>scriben-</strong></span> 
     </span>
     <span class='ocr_line' id='line_1_7' title="bbox 51 888 2085 990; baseline -0.002 -21"><span class='ocrx_word' id='word_1_81' title='bbox 51 897 211 981; x_wconf 81' lang='lat' dir='ltr'><strong>euravit,</strong></span> <span class='ocrx_word' id='word_1_82' title='bbox 236 911 272 968; x_wconf 93' lang='lat' dir='ltr'><strong>et</strong></span> <span class='ocrx_word' id='word_1_83' title='bbox 285 896 440 966; x_wconf 79' lang='lat' dir='ltr'><strong>sic&#39;bene</strong></span> <span class='ocrx_word' id='word_1_84' title='bbox 454 892 646 985; x_wconf 85' lang='lat' dir='ltr'><strong>descriptas</strong></span> <span class='ocrx_word' id='word_1_85' title='bbox 661 892 769 967; x_wconf 73' lang='lat' dir='ltr'><strong>misit.</strong></span> <span class='ocrx_word' id='word_1_86' title='bbox 821 890 917 963; x_wconf 86' lang='lat' dir='ltr'><strong>Fieri</strong></span> <span class='ocrx_word' id='word_1_87' title='bbox 941 893 1049 984; x_wconf 88' lang='lat' dir='ltr'><strong>igitur</strong></span> <span class='ocrx_word' id='word_1_88' title='bbox 1098 894 1152 961; x_wconf 90' lang='lat' dir='ltr'><strong>dis</strong></span> <span class='ocrx_word' id='word_1_89' title='bbox 1166 892 1333 985; x_wconf 87' lang='lat' dir='ltr'><strong>epistolis,</strong></span> <span class='ocrx_word' id='word_1_90' title='bbox 1355 890 1587 976; x_wconf 84' lang='lat' dir='ltr'><strong>orationibus,</strong></span> <span class='ocrx_word' id='word_1_91' title='bbox 1607 893 1774 979; x_wconf 89' lang='lat' dir='ltr'><strong>consiliis,</strong></span> <span class='ocrx_word' id='word_1_92' title='bbox 1796 893 2019 985; x_wconf 62' lang='lat' dir='ltr'><strong>poematibus</strong></span> <span class='ocrx_word' id='word_1_93' title='bbox 2036 888 2085 990; x_wconf 76' lang='lat'><strong>&#39;).</strong></span> 
     </span>
     <span class='ocr_line' id='line_1_8' title="bbox 51 990 2087 1093; baseline -0.002 -22"><span class='ocrx_word' id='word_1_94' title='bbox 51 999 191 1093; x_wconf 89' lang='lat' dir='ltr'><strong>potuit,</strong></span> <span class='ocrx_word' id='word_1_95' title='bbox 216 1014 253 1070; x_wconf 91' lang='lat' dir='ltr'><strong>et</strong></span> <span class='ocrx_word' id='word_1_96' title='bbox 269 1022 351 1068; x_wconf 89' lang='lat' dir='ltr'><strong>vere</strong></span> <span class='ocrx_word' id='word_1_97' title='bbox 368 998 499 1067; x_wconf 82' lang='lat' dir='ltr'><strong>sactum</strong></span> <span class='ocrx_word' id='word_1_98' title='bbox 517 1008 588 1081; x_wconf 88' lang='lat' dir='ltr'><strong>est,</strong></span> <span class='ocrx_word' id='word_1_99' title='bbox 612 1007 653 1065; x_wconf 91' lang='lat' dir='ltr'><strong>ut</strong></span> <span class='ocrx_word' id='word_1_100' title='bbox 674 1008 708 1065; x_wconf 88' lang='lat' dir='ltr'><strong>et</strong></span> <span class='ocrx_word' id='word_1_101' title='bbox 729 994 844 1086; x_wconf 87' lang='lat' dir='ltr'><strong>prima</strong></span> <span class='ocrx_word' id='word_1_102' title='bbox 866 996 1049 1087; x_wconf 88' lang='lat' dir='ltr'><strong>scriptura,</strong></span> <span class='ocrx_word' id='word_1_103' title='bbox 1096 990 1209 1065; x_wconf 86' lang='lat' dir='ltr'><strong>Neruo</strong></span> <span class='ocrx_word' id='word_1_104' title='bbox 1233 994 1341 1083; x_wconf 86' lang='lat' dir='ltr'><strong>igitur</strong></span> <span class='ocrx_word' id='word_1_105' title='bbox 1368 993 1584 1080; x_wconf 84' lang='lat' dir='ltr'><strong>offendatur,</strong></span> <span class='ocrx_word' id='word_1_106' title='bbox 1606 994 1645 1063; x_wconf 80' lang='lat' dir='ltr'><strong>si</strong></span> <span class='ocrx_word' id='word_1_107' title='bbox 1669 995 1851 1085; x_wconf 89' lang='lat' dir='ltr'><strong>iutelligit,</strong></span> <span class='ocrx_word' id='word_1_108' title='bbox 1881 991 2087 1067; x_wconf 86' lang='lat' dir='ltr'><strong>Melantho-</strong></span> 
     </span>
     <span class='ocr_line' id='line_1_9' title="bbox 51 1093 2085 1194; baseline -0.001 -24"><span class='ocrx_word' id='word_1_109' title='bbox 51 1100 176 1194; x_wconf 89' lang='lat' dir='ltr'><strong>qnales</strong></span> <span class='ocrx_word' id='word_1_110' title='bbox 202 1101 325 1193; x_wconf 88' lang='lat' dir='ltr'><strong>plures</strong></span> <span class='ocrx_word' id='word_1_111' title='bbox 346 1095 463 1168; x_wconf 90' lang='lat' dir='ltr'><strong>adhuc</strong></span> <span class='ocrx_word' id='word_1_112' title='bbox 485 1096 609 1169; x_wconf 90' lang='lat' dir='ltr'><strong>inveni</strong></span> <span class='ocrx_word' id='word_1_113' title='bbox 632 1096 672 1164; x_wconf 91' lang='lat' dir='ltr'><strong>in</strong></span> <span class='ocrx_word' id='word_1_114' title='bbox 696 1093 949 1167; x_wconf 88' lang='lat' dir='ltr'><strong>Voluminibus</strong></span> <span class='ocrx_word' id='word_1_115' title='bbox 970 1094 1047 1167; x_wconf 89' lang='lat' dir='ltr'><strong>Go-</strong></span> <span class='ocrx_word' id='word_1_116' title='bbox 1097 1120 1179 1166; x_wconf 92' lang='lat' dir='ltr'><strong>nem</strong></span> <span class='ocrx_word' id='word_1_117' title='bbox 1199 1120 1239 1165; x_wconf 91' lang='lat' dir='ltr'><strong>eo</strong></span> <span class='ocrx_word' id='word_1_118' title='bbox 1255 1096 1330 1180; x_wconf 90' lang='lat' dir='ltr'><strong>die,</strong></span> <span class='ocrx_word' id='word_1_119' title='bbox 1354 1119 1424 1188; x_wconf 89' lang='lat' dir='ltr'><strong>quo</strong></span> <span class='ocrx_word' id='word_1_120' title='bbox 1438 1093 1681 1187; x_wconf 86' lang='lat' dir='ltr'><strong>Principibus,</strong></span> <span class='ocrx_word' id='word_1_121' title='bbox 1703 1097 1824 1166; x_wconf 89' lang='lat' dir='ltr'><strong>amicis</strong></span> <span class='ocrx_word' id='word_1_122' title='bbox 1839 1096 1894 1164; x_wconf 90' lang='lat' dir='ltr'><strong>vel</strong></span> <span class='ocrx_word' id='word_1_123' title='bbox 1912 1098 2085 1189; x_wconf 83' lang='lat' dir='ltr'><strong>epistolas,</strong></span> 
     </span>
     <span class='ocr_line' id='line_1_10' title="bbox 51 1197 2087 1287; baseline -0.002 -13"><span class='ocrx_word' id='word_1_124' title='bbox 51 1198 173 1274; x_wconf 86' lang='lat' dir='ltr'><strong>thanis</strong></span> <span class='ocrx_word' id='word_1_125' title='bbox 197 1215 234 1272; x_wconf 90' lang='lat' dir='ltr'><strong>et</strong></span> <span class='ocrx_word' id='word_1_126' title='bbox 260 1200 548 1285; x_wconf 83' lang='lat' dir='ltr'><strong>Vinariensibus,</strong></span> <span class='ocrx_word' id='word_1_127' title='bbox 581 1211 616 1267; x_wconf 90' lang='lat' dir='ltr'><strong>et</strong></span> <span class='ocrx_word' id='word_1_128' title='bbox 638 1220 722 1267; x_wconf 88' lang='lat' dir='ltr'><strong>vero</strong></span> <span class='ocrx_word' id='word_1_129' title='bbox 745 1198 850 1267; x_wconf 89' lang='lat' dir='ltr'><strong>etiam</strong></span> <span class='ocrx_word' id='word_1_130' title='bbox 874 1198 943 1267; x_wconf 90' lang='lat' dir='ltr'><strong>alio</strong></span> <span class='ocrx_word' id='word_1_131' title='bbox 968 1199 1047 1267; x_wconf 91' lang='lat' dir='ltr'><strong>loco</strong></span> <span class='ocrx_word' id='word_1_132' title='bbox 1096 1199 1154 1268; x_wconf 85' lang='lat' dir='ltr'><strong>vel</strong></span> <span class='ocrx_word' id='word_1_133' title='bbox 1165 1198 1268 1268; x_wconf 89' lang='lat' dir='ltr'><strong>etiam</strong></span> <span class='ocrx_word' id='word_1_134' title='bbox 1280 1210 1378 1267; x_wconf 83' lang='lat' dir='ltr'><strong>suam</strong></span> <span class='ocrx_word' id='word_1_135' title='bbox 1389 1198 1432 1265; x_wconf 90' lang='lat' dir='ltr'><strong>de</strong></span> <span class='ocrx_word' id='word_1_136' title='bbox 1444 1197 1549 1266; x_wconf 88' lang='lat' dir='ltr'><strong>rebus</strong></span> <span class='ocrx_word' id='word_1_137' title='bbox 1558 1198 1770 1287; x_wconf 86' lang='lat' dir='ltr'><strong>gravissimis</strong></span> <span class='ocrx_word' id='word_1_138' title='bbox 1783 1198 1990 1268; x_wconf 87' lang='lat' dir='ltr'><strong>sententiam</strong></span> <span class='ocrx_word' id='word_1_139' title='bbox 2000 1200 2087 1271; x_wconf 86' lang='lat' dir='ltr'><strong>scri-</strong></span> 
     </span>
     <span class='ocr_line' id='line_1_11' title="bbox 53 1290 2189 1396; baseline 0 -23"><span class='ocrx_word' id='word_1_140' title='bbox 53 1303 201 1395; x_wconf 85' lang='lat' dir='ltr'><strong>epistola</strong></span> <span class='ocrx_word' id='word_1_141' title='bbox 218 1304 295 1396; x_wconf 87' lang='lat' dir='ltr'><strong>ipsa</strong></span> <span class='ocrx_word' id='word_1_142' title='bbox 312 1324 376 1394; x_wconf 89' lang='lat' dir='ltr'><strong>per</strong></span> <span class='ocrx_word' id='word_1_143' title='bbox 389 1301 561 1372; x_wconf 89' lang='lat' dir='ltr'><strong>nuncium</strong></span> <span class='ocrx_word' id='word_1_144' title='bbox 575 1299 680 1369; x_wconf 88' lang='lat' dir='ltr'><strong>missa</strong></span> <span class='ocrx_word' id='word_1_145' title='bbox 697 1313 931 1370; x_wconf 76' lang='lat' dir='ltr'><strong>servarentur.</strong></span> <span class='ocrx_word' id='word_1_146' title='bbox 979 1296 1050 1369; x_wconf 83' lang='lat' dir='ltr'><strong>Fa·</strong></span> <span class='ocrx_word' id='word_1_147' title='bbox 1097 1301 1183 1392; x_wconf 87' lang='lat' dir='ltr'><strong>psit,</strong></span> <span class='ocrx_word' id='word_1_148' title='bbox 1209 1323 1283 1368; x_wconf 91' lang='lat' dir='ltr'><strong>non</strong></span> <span class='ocrx_word' id='word_1_149' title='bbox 1300 1290 1418 1383; x_wconf 88' lang='lat' dir='ltr'><strong>dorni,</strong></span> <span class='ocrx_word' id='word_1_150' title='bbox 1441 1300 1499 1367; x_wconf 91' lang='lat' dir='ltr'><strong>sed</strong></span> <span class='ocrx_word' id='word_1_151' title='bbox 1509 1298 1648 1390; x_wconf 90' lang='lat' dir='ltr'><strong>Lipsiae</strong></span> <span class='ocrx_word' id='word_1_152' title='bbox 1673 1313 1733 1369; x_wconf 89' lang='lat' dir='ltr'><strong>aut</strong></span> <span class='ocrx_word' id='word_1_153' title='bbox 1755 1302 1795 1370; x_wconf 88' lang='lat' dir='ltr'><strong>in</strong></span> <span class='ocrx_word' id='word_1_154' title='bbox 1815 1292 1945 1372; x_wconf 75' lang='lat' dir='ltr'><strong>itinere</strong></span> <span class='ocrx_word' id='word_1_155' title='bbox 1966 1301 2086 1379; x_wconf 84' lang='lat' dir='ltr'><strong>fuisse.</strong></span> <span class='ocrx_word' id='word_1_156' title='bbox 2179 1370 2189 1383; x_wconf 78' lang='lat'><strong>,</strong></span> 
     </span>
     <span class='ocr_line' id='line_1_12' title="bbox 55 1397 2091 1496; baseline -0.001 -20"><span class='ocrx_word' id='word_1_157' title='bbox 55 1406 204 1476; x_wconf 81' lang='lat' dir='ltr'><strong>tendum</strong></span> <span class='ocrx_word' id='word_1_158' title='bbox 224 1430 311 1474; x_wconf 83' lang='lat' dir='ltr'><strong>vero</strong></span> <span class='ocrx_word' id='word_1_159' title='bbox 335 1403 442 1474; x_wconf 86' lang='lat' dir='ltr'><strong>etiam</strong></span> <span class='ocrx_word' id='word_1_160' title='bbox 467 1414 536 1488; x_wconf 87' lang='lat' dir='ltr'><strong>est,</strong></span> <span class='ocrx_word' id='word_1_161' title='bbox 568 1397 730 1471; x_wconf 89' lang='lat' dir='ltr'><strong>homines</strong></span> <span class='ocrx_word' id='word_1_162' title='bbox 752 1402 890 1486; x_wconf 88' lang='lat' dir='ltr'><strong>doctos,</strong></span> <span class='ocrx_word' id='word_1_163' title='bbox 922 1401 982 1496; x_wconf 84' lang='lat' dir='ltr'><strong>qui</strong></span> <span class='ocrx_word' id='word_1_164' title='bbox 1008 1425 1049 1470; x_wconf 82' lang='lat' dir='ltr'><strong>er</strong></span> <span class='ocrx_word' id='word_1_165' title='bbox 1098 1399 1284 1471; x_wconf 83' lang='lat' dir='ltr'><strong>Eiusmodi</strong></span> <span class='ocrx_word' id='word_1_166' title='bbox 1304 1399 1479 1491; x_wconf 86' lang='lat' dir='ltr'><strong>epistolis,</strong></span> <span class='ocrx_word' id='word_1_167' title='bbox 1505 1402 1707 1493; x_wconf 80' lang='lat' dir='ltr'><strong>praesertim</strong></span> <span class='ocrx_word' id='word_1_168' title='bbox 1732 1403 1794 1487; x_wconf 88' lang='lat' dir='ltr'><strong>iis,</strong></span> <span class='ocrx_word' id='word_1_169' title='bbox 1820 1402 1963 1496; x_wconf 85' lang='lat' dir='ltr'><strong>quasin</strong></span> <span class='ocrx_word' id='word_1_170' title='bbox 1989 1420 2091 1474; x_wconf 84' lang='lat' dir='ltr'><strong>nuu-</strong></span> 
     </span>
     <span class='ocr_line' id='line_1_13' title="bbox 54 1498 2087 1600; baseline -0.001 -22"><span class='ocrx_word' id='word_1_171' title='bbox 54 1498 296 1600; x_wconf 85' lang='lat' dir='ltr'><strong>antographo,</strong></span> <span class='ocrx_word' id='word_1_172' title='bbox 334 1519 375 1575; x_wconf 90' lang='lat' dir='ltr'><strong>ut</strong></span> <span class='ocrx_word' id='word_1_173' title='bbox 411 1504 498 1597; x_wconf 86' lang='lat' dir='ltr'><strong>ipsis</strong></span> <span class='ocrx_word' id='word_1_174' title='bbox 534 1503 739 1587; x_wconf 86' lang='lat' dir='ltr'><strong>videbatur,</strong></span> <span class='ocrx_word' id='word_1_175' title='bbox 779 1504 932 1596; x_wconf 87' lang='lat' dir='ltr'><strong>aliquam</strong></span> <span class='ocrx_word' id='word_1_176' title='bbox 962 1498 1050 1572; x_wconf 88' lang='lat' dir='ltr'><strong>Mel.</strong></span> <span class='ocrx_word' id='word_1_177' title='bbox 1099 1502 1193 1572; x_wconf 89' lang='lat' dir='ltr'><strong>dinis</strong></span> <span class='ocrx_word' id='word_1_178' title='bbox 1215 1503 1370 1594; x_wconf 89' lang='lat' dir='ltr'><strong>scripsit,</strong></span> <span class='ocrx_word' id='word_1_179' title='bbox 1398 1502 1541 1586; x_wconf 88' lang='lat' dir='ltr'><strong>urbem,</strong></span> <span class='ocrx_word' id='word_1_180' title='bbox 1566 1505 1630 1573; x_wconf 87' lang='lat' dir='ltr'><strong>ubi</strong></span> <span class='ocrx_word' id='word_1_181' title='bbox 1650 1505 1750 1574; x_wconf 89' lang='lat' dir='ltr'><strong>datae</strong></span> <span class='ocrx_word' id='word_1_182' title='bbox 1769 1519 1870 1588; x_wconf 92' lang='lat' dir='ltr'><strong>sunt,</strong></span> <span class='ocrx_word' id='word_1_183' title='bbox 1896 1529 1971 1573; x_wconf 85' lang='lat' dir='ltr'><strong>non</strong></span> <span class='ocrx_word' id='word_1_184' title='bbox 1993 1529 2087 1575; x_wconf 88' lang='lat' dir='ltr'><strong>sem-</strong></span> 
     </span>
     <span class='ocr_line' id='line_1_14' title="bbox 55 1604 2087 1701; baseline -0.001 -22"><span class='ocrx_word' id='word_1_185' title='bbox 55 1610 241 1701; x_wconf 84' lang='lat' dir='ltr'><strong>epistolam</strong></span> <span class='ocrx_word' id='word_1_186' title='bbox 287 1608 484 1690; x_wconf 91' lang='lat' dir='ltr'><strong>dederunt,</strong></span> <span class='ocrx_word' id='word_1_187' title='bbox 536 1627 795 1697; x_wconf 88' lang='lat' dir='ltr'><strong>nonnunquam</strong></span> <span class='ocrx_word' id='word_1_188' title='bbox 846 1628 886 1673; x_wconf 85' lang='lat' dir='ltr'><strong>er</strong></span> <span class='ocrx_word' id='word_1_189' title='bbox 931 1628 1049 1675; x_wconf 87' lang='lat' dir='ltr'><strong>errore</strong></span> <span class='ocrx_word' id='word_1_190' title='bbox 1098 1629 1161 1697; x_wconf 89' lang='lat' dir='ltr'><strong>per</strong></span> <span class='ocrx_word' id='word_1_191' title='bbox 1177 1605 1333 1686; x_wconf 83' lang='lat' dir='ltr'><strong>addidit,</strong></span> <span class='ocrx_word' id='word_1_192' title='bbox 1358 1627 1467 1696; x_wconf 89' lang='lat' dir='ltr'><strong>quare</strong></span> <span class='ocrx_word' id='word_1_193' title='bbox 1483 1604 1613 1674; x_wconf 84' lang='lat' dir='ltr'><strong>factum</strong></span> <span class='ocrx_word' id='word_1_194' title='bbox 1633 1620 1701 1691; x_wconf 91' lang='lat' dir='ltr'><strong>cst,</strong></span> <span class='ocrx_word' id='word_1_195' title='bbox 1724 1621 1769 1681; x_wconf 88' lang='lat' dir='ltr'><strong>ut</strong></span> <span class='ocrx_word' id='word_1_196' title='bbox 1783 1606 1954 1700; x_wconf 74' lang='lat' dir='ltr'><strong>aliqui&#39;iu</strong></span> <span class='ocrx_word' id='word_1_197' title='bbox 1977 1610 2087 1677; x_wconf 88' lang='lat' dir='ltr'><strong>eden-</strong></span> 
     </span>
     <span class='ocr_line' id='line_1_15' title="bbox 56 1701 2088 1802; baseline -0.001 -21"><span class='ocrx_word' id='word_1_198' title='bbox 56 1705 286 1802; x_wconf 84' lang='lat' dir='ltr'><strong>apograpbon</strong></span> <span class='ocrx_word' id='word_1_199' title='bbox 311 1733 377 1800; x_wconf 91' lang='lat' dir='ltr'><strong>pro</strong></span> <span class='ocrx_word' id='word_1_200' title='bbox 400 1701 616 1798; x_wconf 84' lang='lat' dir='ltr'><strong>autographo</strong></span> <span class='ocrx_word' id='word_1_201' title='bbox 636 1701 812 1776; x_wconf 87' lang='lat' dir='ltr'><strong>habuisse.</strong></span> <span class='ocrx_word' id='word_1_202' title='bbox 864 1704 969 1795; x_wconf 83' lang='lat' dir='ltr'><strong>Quod</strong></span> <span class='ocrx_word' id='word_1_203' title='bbox 996 1709 1050 1776; x_wconf 83' lang='lat' dir='ltr'><strong>fa-</strong></span> <span class='ocrx_word' id='word_1_204' title='bbox 1099 1707 1154 1775; x_wconf 84' lang='lat' dir='ltr'><strong>dis</strong></span> <span class='ocrx_word' id='word_1_205' title='bbox 1170 1706 1341 1775; x_wconf 90' lang='lat' dir='ltr'><strong>eiusmodi</strong></span> <span class='ocrx_word' id='word_1_206' title='bbox 1358 1706 1514 1797; x_wconf 87' lang='lat' dir='ltr'><strong>epistolis</strong></span> <span class='ocrx_word' id='word_1_207' title='bbox 1529 1719 1563 1776; x_wconf 92' lang='lat' dir='ltr'><strong>et</strong></span> <span class='ocrx_word' id='word_1_208' title='bbox 1577 1708 1750 1793; x_wconf 90' lang='lat' dir='ltr'><strong>consiliis,</strong></span> <span class='ocrx_word' id='word_1_209' title='bbox 1775 1708 1900 1777; x_wconf 85' lang='lat' dir='ltr'><strong>offensi</strong></span> <span class='ocrx_word' id='word_1_210' title='bbox 1918 1711 2014 1802; x_wconf 92' lang='lat' dir='ltr'><strong>quod</strong></span> <span class='ocrx_word' id='word_1_211' title='bbox 2031 1710 2088 1780; x_wconf 90' lang='lat' dir='ltr'><strong>lo-</strong></span> 
     </span>
     <span class='ocr_line' id='line_1_16' title="bbox 56 1800 2127 1904; baseline -0.002 -21"><span class='ocrx_word' id='word_1_212' title='bbox 56 1812 155 1883; x_wconf 86' lang='lat' dir='ltr'><strong>cilius</strong></span> <span class='ocrx_word' id='word_1_213' title='bbox 176 1811 257 1880; x_wconf 86' lang='lat' dir='ltr'><strong>lieri</strong></span> <span class='ocrx_word' id='word_1_214' title='bbox 274 1810 407 1902; x_wconf 89' lang='lat' dir='ltr'><strong>potuit,</strong></span> <span class='ocrx_word' id='word_1_215' title='bbox 433 1834 503 1904; x_wconf 94' lang='lat' dir='ltr'><strong>quo</strong></span> <span class='ocrx_word' id='word_1_216' title='bbox 525 1807 673 1901; x_wconf 88' lang='lat' dir='ltr'><strong>propius</strong></span> <span class='ocrx_word' id='word_1_217' title='bbox 695 1809 919 1900; x_wconf 88' lang='lat' dir='ltr'><strong>quorundam</strong></span> <span class='ocrx_word' id='word_1_218' title='bbox 949 1809 1050 1878; x_wconf 88' lang='lat' dir='ltr'><strong>istius</strong></span> <span class='ocrx_word' id='word_1_219' title='bbox 1100 1831 1176 1893; x_wconf 89' lang='lat' dir='ltr'><strong>cus,</strong></span> <span class='ocrx_word' id='word_1_220' title='bbox 1200 1831 1272 1901; x_wconf 90' lang='lat' dir='ltr'><strong>quo</strong></span> <span class='ocrx_word' id='word_1_221' title='bbox 1287 1809 1388 1877; x_wconf 90' lang='lat' dir='ltr'><strong>datae</strong></span> <span class='ocrx_word' id='word_1_222' title='bbox 1404 1806 1493 1891; x_wconf 90' lang='lat' dir='ltr'><strong>sint,</strong></span> <span class='ocrx_word' id='word_1_223' title='bbox 1518 1830 1592 1877; x_wconf 90' lang='lat' dir='ltr'><strong>non</strong></span> <span class='ocrx_word' id='word_1_224' title='bbox 1609 1810 1805 1901; x_wconf 85' lang='lat' dir='ltr'><strong>adscriptus</strong></span> <span class='ocrx_word' id='word_1_225' title='bbox 1828 1809 1891 1893; x_wconf 90' lang='lat' dir='ltr'><strong>sit,</strong></span> <span class='ocrx_word' id='word_1_226' title='bbox 1915 1810 2088 1901; x_wconf 84' lang='lat' dir='ltr'><strong>expleturi</strong></span> <span class='ocrx_word' id='word_1_227' title='bbox 2120 1800 2127 1807; x_wconf 65' lang='grc'><strong>’</strong></span> 
     </span>
     <span class='ocr_line' id='line_1_17' title="bbox 57 1903 2089 2004; baseline 0 -22"><span class='ocrx_word' id='word_1_228' title='bbox 57 1913 131 1983; x_wconf 81' lang='lat' dir='ltr'><strong>aeri</strong></span> <span class='ocrx_word' id='word_1_229' title='bbox 155 1913 323 1982; x_wconf 87' lang='lat' dir='ltr'><strong>virorum</strong></span> <span class='ocrx_word' id='word_1_230' title='bbox 351 1910 524 2003; x_wconf 89' lang='lat' dir='ltr'><strong>scriptura</strong></span> <span class='ocrx_word' id='word_1_231' title='bbox 557 1912 602 1978; x_wconf 92' lang='lat' dir='ltr'><strong>ad</strong></span> <span class='ocrx_word' id='word_1_232' title='bbox 630 1904 873 1979; x_wconf 89' lang='lat' dir='ltr'><strong>Melanthonis</strong></span> <span class='ocrx_word' id='word_1_233' title='bbox 904 1932 1050 1980; x_wconf 89' lang='lat' dir='ltr'><strong>manum</strong></span> <span class='ocrx_word' id='word_1_234' title='bbox 1099 1903 1157 2004; x_wconf 88' lang='lat' dir='ltr'><strong>(ut</strong></span> <span class='ocrx_word' id='word_1_235' title='bbox 1172 1905 1427 2001; x_wconf 86' lang='lat' dir='ltr'><strong>opinabantur)</strong></span> <span class='ocrx_word' id='word_1_236' title='bbox 1444 1908 1480 1977; x_wconf 95' lang='lat' dir='ltr'><strong>id</strong></span> <span class='ocrx_word' id='word_1_237' title='bbox 1497 1911 1593 2002; x_wconf 90' lang='lat' dir='ltr'><strong>quod</strong></span> <span class='ocrx_word' id='word_1_238' title='bbox 1612 1912 1821 2001; x_wconf 80' lang='lat' dir='ltr'><strong>negligentia</strong></span> <span class='ocrx_word' id='word_1_239' title='bbox 1841 1912 1959 2004; x_wconf 88' lang='lat' dir='ltr'><strong>aliqua</strong></span> <span class='ocrx_word' id='word_1_240' title='bbox 1976 1910 2089 1982; x_wconf 90' lang='lat' dir='ltr'><strong>aMe-</strong></span> 
     </span>
     <span class='ocr_line' id='line_1_18' title="bbox 58 2005 2089 2103; baseline -0 -19"><span class='ocrx_word' id='word_1_241' title='bbox 58 2014 201 2085; x_wconf 87' lang='lat' dir='ltr'><strong>accedit.</strong></span> <span class='ocrx_word' id='word_1_242' title='bbox 253 2013 445 2084; x_wconf 82' lang='lat' dir='ltr'><strong>simillima</strong></span> <span class='ocrx_word' id='word_1_243' title='bbox 464 2024 516 2081; x_wconf 90' lang='lat' dir='ltr'><strong>est</strong></span> <span class='ocrx_word' id='word_1_244' title='bbox 532 2005 869 2100; x_wconf 87' lang='lat' dir='ltr'><strong>mannsCrucigeri,</strong></span> <span class='ocrx_word' id='word_1_245' title='bbox 893 2030 1052 2103; x_wconf 79' lang='lat' dir='ltr'><strong>praeser—</strong></span> <span class='ocrx_word' id='word_1_246' title='bbox 1099 2006 1270 2080; x_wconf 90' lang='lat' dir='ltr'><strong>lanthone</strong></span> <span class='ocrx_word' id='word_1_247' title='bbox 1292 2010 1463 2080; x_wconf 88' lang='lat' dir='ltr'><strong>omissum</strong></span> <span class='ocrx_word' id='word_1_248' title='bbox 1485 2010 1690 2093; x_wconf 86' lang='lat' dir='ltr'><strong>videbatur,</strong></span> <span class='ocrx_word' id='word_1_249' title='bbox 1720 2026 1850 2083; x_wconf 81' lang='lat' dir='ltr'><strong>temere</strong></span> <span class='ocrx_word' id='word_1_250' title='bbox 1873 2013 2089 2084; x_wconf 88' lang='lat' dir='ltr'><strong>addiderunt</strong></span> 
     </span>
     <span class='ocr_line' id='line_1_19' title="bbox 59 2107 1557 2207; baseline -0.005 -21"><span class='ocrx_word' id='word_1_251' title='bbox 59 2117 117 2186; x_wconf 90' lang='lat' dir='ltr'><strong>tim</strong></span> <span class='ocrx_word' id='word_1_252' title='bbox 141 2115 276 2200; x_wconf 85' lang='lat' dir='ltr'><strong>latina,</strong></span> <span class='ocrx_word' id='word_1_253' title='bbox 302 2138 408 2207; x_wconf 89' lang='lat' dir='ltr'><strong>quam</strong></span> <span class='ocrx_word' id='word_1_254' title='bbox 431 2114 540 2184; x_wconf 86' lang='lat' dir='ltr'><strong>etiam·</strong></span> <span class='ocrx_word' id='word_1_255' title='bbox 561 2112 747 2205; x_wconf 87' lang='lat' dir='ltr'><strong>aliquoties</strong></span> <span class='ocrx_word' id='word_1_256' title='bbox 771 2112 1051 2199; x_wconf 85' lang='lat' dir='ltr'><strong>Seckendorfius‚</strong></span> <span class='ocrx_word' id='word_1_257' title='bbox 1100 2112 1140 2182; x_wconf 90' lang='lat' dir='ltr'><strong>in</strong></span> <span class='ocrx_word' id='word_1_258' title='bbox 1156 2113 1242 2182; x_wconf 85' lang='lat' dir='ltr'><strong>fine:</strong></span> <span class='ocrx_word' id='word_1_259' title='bbox 1268 2107 1557 2204; x_wconf 76' lang='lat' dir='ltr'><strong>„Viltebergoa”</strong></span> 
     </span>
     <span class='ocr_line' id='line_1_20' title="bbox 60 2210 2089 2312; baseline 0 -26"><span class='ocrx_word' id='word_1_260' title='bbox 60 2214 281 2312; x_wconf 73' lang='lat' dir='ltr'><strong>Cyprianus,</strong></span> <span class='ocrx_word' id='word_1_261' title='bbox 302 2238 410 2309; x_wconf 86' lang='lat' dir='ltr'><strong>quam</strong></span> <span class='ocrx_word' id='word_1_262' title='bbox 427 2215 531 2285; x_wconf 87' lang='lat' dir='ltr'><strong>initio</strong></span> <span class='ocrx_word' id='word_1_263' title='bbox 546 2227 581 2284; x_wconf 85' lang='lat' dir='ltr'><strong>et</strong></span> <span class='ocrx_word' id='word_1_264' title='bbox 593 2236 656 2302; x_wconf 87' lang='lat' dir='ltr'><strong>ego</strong></span> <span class='ocrx_word' id='word_1_265' title='bbox 669 2213 854 2308; x_wconf 88' lang='lat' dir='ltr'><strong>aliquoties</strong></span> <span class='ocrx_word' id='word_1_266' title='bbox 874 2238 913 2283; x_wconf 86' lang='lat' dir='ltr'><strong>ex</strong></span> <span class='ocrx_word' id='word_1_267' title='bbox 932 2230 1051 2285; x_wconf 83' lang='lat' dir='ltr'><strong>errore</strong></span> <span class='ocrx_word' id='word_1_268' title='bbox 1201 2211 1365 2307; x_wconf 88' lang='lat' dir='ltr'><strong>Denique</strong></span> <span class='ocrx_word' id='word_1_269' title='bbox 1391 2214 1481 2284; x_wconf 90' lang='lat' dir='ltr'><strong>ratio</strong></span> <span class='ocrx_word' id='word_1_270' title='bbox 1513 2210 1617 2285; x_wconf 88' lang='lat' dir='ltr'><strong>etiam</strong></span> <span class='ocrx_word' id='word_1_271' title='bbox 1645 2216 1822 2285; x_wconf 86' lang='lat' dir='ltr'><strong>reddenda</strong></span> <span class='ocrx_word' id='word_1_272' title='bbox 1846 2227 1916 2299; x_wconf 89' lang='lat' dir='ltr'><strong>est,</strong></span> <span class='ocrx_word' id='word_1_273' title='bbox 1956 2240 2019 2285; x_wconf 90' lang='lat' dir='ltr'><strong>cur</strong></span> <span class='ocrx_word' id='word_1_274' title='bbox 2048 2240 2089 2286; x_wconf 90' lang='lat' dir='ltr'><strong>ea</strong></span> 
     </span>
     <span class='ocr_line' id='line_1_21' title="bbox 62 2310 2091 2410; baseline 0 -22"><span class='ocrx_word' id='word_1_275' title='bbox 62 2314 388 2410; x_wconf 85' lang='lat' dir='ltr'><strong>proMelanthonis</strong></span> <span class='ocrx_word' id='word_1_276' title='bbox 410 2311 532 2387; x_wconf 88' lang='lat' dir='ltr'><strong>habui.</strong></span> <span class='ocrx_word' id='word_1_277' title='bbox 581 2314 717 2386; x_wconf 89' lang='lat' dir='ltr'><strong>Similis</strong></span> <span class='ocrx_word' id='word_1_278' title='bbox 738 2338 879 2408; x_wconf 91' lang='lat' dir='ltr'><strong>quoque</strong></span> <span class='ocrx_word' id='word_1_279' title='bbox 903 2330 954 2388; x_wconf 93' lang='lat' dir='ltr'><strong>est</strong></span> <span class='ocrx_word' id='word_1_280' title='bbox 975 2340 1052 2386; x_wconf 88' lang='lat' dir='ltr'><strong>ma·</strong></span> <span class='ocrx_word' id='word_1_281' title='bbox 1101 2315 1367 2400; x_wconf 84' lang='lat' dir='ltr'><strong>coniunxerim,</strong></span> <span class='ocrx_word' id='word_1_282' title='bbox 1406 2340 1495 2408; x_wconf 89' lang='lat' dir='ltr'><strong>quae</strong></span> <span class='ocrx_word' id='word_1_283' title='bbox 1528 2310 1586 2385; x_wconf 89' lang='lat' dir='ltr'><strong>hic</strong></span> <span class='ocrx_word' id='word_1_284' title='bbox 1614 2316 1831 2386; x_wconf 87' lang='lat' dir='ltr'><strong>coniunctim</strong></span> <span class='ocrx_word' id='word_1_285' title='bbox 1870 2317 1964 2386; x_wconf 87' lang='lat' dir='ltr'><strong>edita</strong></span> <span class='ocrx_word' id='word_1_286' title='bbox 1994 2316 2091 2407; x_wconf 88' lang='lat' dir='ltr'><strong>legis.</strong></span> 
     </span>
     <span class='ocr_line' id='line_1_22' title="bbox 63 2412 2092 2510; baseline -0.001 -19"><span class='ocrx_word' id='word_1_287' title='bbox 63 2444 125 2491; x_wconf 87' lang='lat' dir='ltr'><strong>nus</strong></span> <span class='ocrx_word' id='word_1_288' title='bbox 137 2413 386 2499; x_wconf 75' lang='lat' dir='ltr'><strong>Schoerlcelii,</strong></span> <span class='ocrx_word' id='word_1_289' title='bbox 411 2415 576 2510; x_wconf 90' lang='lat' dir='ltr'><strong>discipuli</strong></span> <span class='ocrx_word' id='word_1_290' title='bbox 588 2412 832 2486; x_wconf 88' lang='lat' dir='ltr'><strong>Melanthonis</strong></span> <span class='ocrx_word' id='word_1_291' title='bbox 848 2431 883 2487; x_wconf 90' lang='lat' dir='ltr'><strong>et</strong></span> <span class='ocrx_word' id='word_1_292' title='bbox 898 2419 1052 2489; x_wconf 89' lang='lat' dir='ltr'><strong>doctoris</strong></span> <span class='ocrx_word' id='word_1_293' title='bbox 1100 2416 1220 2487; x_wconf 86' lang='lat' dir='ltr'><strong>Habes</strong></span> <span class='ocrx_word' id='word_1_294' title='bbox 1238 2417 1332 2487; x_wconf 88' lang='lat' dir='ltr'><strong>enim</strong></span> <span class='ocrx_word' id='word_1_295' title='bbox 1349 2440 1424 2486; x_wconf 92' lang='lat' dir='ltr'><strong>non</strong></span> <span class='ocrx_word' id='word_1_296' title='bbox 1439 2416 1554 2487; x_wconf 90' lang='lat' dir='ltr'><strong>solum</strong></span> <span class='ocrx_word' id='word_1_297' title='bbox 1571 2417 1734 2509; x_wconf 88' lang='lat' dir='ltr'><strong>epistolas</strong></span> <span class='ocrx_word' id='word_1_298' title='bbox 1751 2412 2007 2500; x_wconf 86' lang='lat' dir='ltr'><strong>Melanthonis,</strong></span> <span class='ocrx_word' id='word_1_299' title='bbox 2029 2420 2092 2489; x_wconf 88' lang='lat' dir='ltr'><strong>sed</strong></span> 
     </span>
     <span class='ocr_line' id='line_1_23' title="bbox 65 2512 2093 2612; baseline -0.001 -19"><span class='ocrx_word' id='word_1_300' title='bbox 65 2518 317 2593; x_wconf 75' lang='lat' dir='ltr'><strong>inhcadernia</strong></span> <span class='ocrx_word' id='word_1_301' title='bbox 340 2515 600 2593; x_wconf 86' lang='lat' dir='ltr'><strong>Rostocbiensi.</strong></span> <span class='ocrx_word' id='word_1_302' title='bbox 656 2512 712 2588; x_wconf 87' lang='lat' dir='ltr'><strong>Eo</strong></span> <span class='ocrx_word' id='word_1_303' title='bbox 733 2519 872 2587; x_wconf 85' lang='lat' dir='ltr'><strong>facilior</strong></span> <span class='ocrx_word' id='word_1_304' title='bbox 896 2542 979 2590; x_wconf 88' lang='lat' dir='ltr'><strong>vero</strong></span> <span class='ocrx_word' id='word_1_305' title='bbox 1001 2532 1053 2589; x_wconf 88' lang='lat' dir='ltr'><strong>est</strong></span> <span class='ocrx_word' id='word_1_306' title='bbox 1102 2520 1206 2589; x_wconf 90' lang='lat' dir='ltr'><strong>etiam</strong></span> <span class='ocrx_word' id='word_1_307' title='bbox 1225 2516 1371 2588; x_wconf 89' lang='lat' dir='ltr'><strong>consilia</strong></span> <span class='ocrx_word' id='word_1_308' title='bbox 1391 2519 1483 2602; x_wconf 88' lang='lat' dir='ltr'><strong>eius,</strong></span> <span class='ocrx_word' id='word_1_309' title='bbox 1508 2518 1614 2587; x_wconf 88' lang='lat' dir='ltr'><strong>simul</strong></span> <span class='ocrx_word' id='word_1_310' title='bbox 1635 2513 1780 2589; x_wconf 87' lang='lat' dir='ltr'><strong>schedas</strong></span> <span class='ocrx_word' id='word_1_311' title='bbox 1802 2521 1943 2612; x_wconf 88' lang='lat' dir='ltr'><strong>publice</strong></span> <span class='ocrx_word' id='word_1_312' title='bbox 1962 2521 2093 2605; x_wconf 85' lang='lat' dir='ltr'><strong>affixas,</strong></span> 
     </span>
     <span class='ocr_line' id='line_1_24' title="bbox 65 2617 2095 2717; baseline -0.002 -22"><span class='ocrx_word' id='word_1_313' title='bbox 65 2617 161 2695; x_wconf 75' lang='lat' dir='ltr'><strong>inc</strong></span> <span class='ocrx_word' id='word_1_314' title='bbox 149 2646 254 2694; x_wconf 88' lang='lat' dir='ltr'><strong>mre</strong></span> <span class='ocrx_word' id='word_1_315' title='bbox 280 2645 399 2708; x_wconf 86' lang='lat' dir='ltr'><strong>error,</strong></span> <span class='ocrx_word' id='word_1_316' title='bbox 424 2646 496 2716; x_wconf 85' lang='lat' dir='ltr'><strong>quo</strong></span> <span class='ocrx_word' id='word_1_317' title='bbox 521 2619 730 2689; x_wconf 86' lang='lat' dir='ltr'><strong>dissimilior</strong></span> <span class='ocrx_word' id='word_1_318' title='bbox 751 2634 803 2690; x_wconf 92' lang='lat' dir='ltr'><strong>est</strong></span> <span class='ocrx_word' id='word_1_319' title='bbox 823 2636 950 2690; x_wconf 86' lang='lat' dir='ltr'><strong>manus</strong></span> <span class='ocrx_word' id='word_1_320' title='bbox 972 2621 1053 2690; x_wconf 89' lang='lat' dir='ltr'><strong>Me·</strong></span> <span class='ocrx_word' id='word_1_321' title='bbox 1102 2621 1266 2713; x_wconf 91' lang='lat' dir='ltr'><strong>epistolas</strong></span> <span class='ocrx_word' id='word_1_322' title='bbox 1282 2621 1387 2691; x_wconf 89' lang='lat' dir='ltr'><strong>etiam</strong></span> <span class='ocrx_word' id='word_1_323' title='bbox 1403 2620 1555 2691; x_wconf 90' lang='lat' dir='ltr'><strong>aliorum</strong></span> <span class='ocrx_word' id='word_1_324' title='bbox 1571 2621 1748 2706; x_wconf 90' lang='lat' dir='ltr'><strong>virorum,</strong></span> <span class='ocrx_word' id='word_1_325' title='bbox 1773 2645 1966 2717; x_wconf 89' lang='lat' dir='ltr'><strong>eorumque</strong></span> <span class='ocrx_word' id='word_1_326' title='bbox 1987 2646 2095 2715; x_wconf 87' lang='lat' dir='ltr'><strong>quae-</strong></span> 
     </span>
     <span class='ocr_line' id='line_1_25' title="bbox 66 2721 1360 2816; baseline -0.002 -22"><span class='ocrx_word' id='word_1_327' title='bbox 66 2721 285 2797; x_wconf 91' lang='lat' dir='ltr'><strong>lanthonis</strong></span> <span class='ocrx_word' id='word_1_328' title='bbox 274 2724 396 2816; x_wconf 83' lang='lat' dir='ltr'><strong>rpsius.</strong></span> <span class='ocrx_word' id='word_1_329' title='bbox 460 2721 600 2793; x_wconf 87' lang='lat' dir='ltr'><strong>Nam</strong></span> <span class='ocrx_word' id='word_1_330' title='bbox 572 2744 603 2789; x_wconf 77' lang='grc' dir='ltr'><strong>ει</strong></span> <span class='ocrx_word' id='word_1_331' title='bbox 629 2721 767 2790; x_wconf 79' lang='lat' dir='ltr'><strong>confers</strong></span> <span class='ocrx_word' id='word_1_332' title='bbox 793 2744 882 2815; x_wconf 90' lang='lat' dir='ltr'><strong>quae</strong></span> <span class='ocrx_word' id='word_1_333' title='bbox 917 2723 1055 2813; x_wconf 82' lang='lat' dir='ltr'><strong>scripsit</strong></span> <span class='ocrx_word' id='word_1_334' title='bbox 1103 2726 1184 2793; x_wconf 90' lang='lat' dir='ltr'><strong>darn</strong></span> <span class='ocrx_word' id='word_1_335' title='bbox 1202 2722 1360 2792; x_wconf 87' lang='lat' dir='ltr'><strong>consilia.</strong></span> 
     </span>
     <span class='ocr_line' id='line_1_26' title="bbox 66 2812 2095 2943; baseline -0.002 -45"><span class='ocrx_word' id='word_1_336' title='bbox 66 2819 522 2899; x_wconf 73' lang='lat' dir='ltr'><strong>ann151ststocum</strong></span> <span class='ocrx_word' id='word_1_337' title='bbox 539 2819 1055 2915; x_wconf 82' lang='lat' dir='ltr'><strong>usquaeann1550-1560</strong></span> <span class='ocrx_word' id='word_1_338' title='bbox 1206 2822 1402 2916; x_wconf 89' lang='lat' dir='ltr'><strong>Separatim</strong></span> <span class='ocrx_word' id='word_1_339' title='bbox 1431 2823 1554 2943; x_wconf 86' lang='lat' dir='ltr'><strong>utique</strong></span> <span class='ocrx_word' id='word_1_340' title='bbox 1583 2825 1667 2893; x_wconf 90' lang='lat' dir='ltr'><strong>dare</strong></span> <span class='ocrx_word' id='word_1_341' title='bbox 1700 2820 1891 2915; x_wconf 89' lang='lat' dir='ltr'><strong>potuissem</strong></span> <span class='ocrx_word' id='word_1_342' title='bbox 1930 2812 2095 2916; x_wconf 87' lang='lat' dir='ltr'><strong>epistolas</strong></span> 
     </span>
     <span class='ocr_line' id='line_1_27' title="bbox 67 2924 2095 3017; baseline -0.003 -17"><span class='ocrx_word' id='word_1_343' title='bbox 67 2929 226 3011; x_wconf 69' lang='lat' dir='ltr'><strong>assavit,</strong></span> <span class='ocrx_word' id='word_1_344' title='bbox 241 2926 345 2997; x_wconf 89' lang='lat' dir='ltr'><strong>nullo</strong></span> <span class='ocrx_word' id='word_1_345' title='bbox 360 2927 469 2997; x_wconf 87' lang='lat' dir='ltr'><strong>ruodo</strong></span> <span class='ocrx_word' id='word_1_346' title='bbox 484 2937 585 3017; x_wconf 88' lang='lat' dir='ltr'><strong>putes</strong></span> <span class='ocrx_word' id='word_1_347' title='bbox 599 2924 744 2993; x_wconf 89' lang='lat' dir='ltr'><strong>eandem</strong></span> <span class='ocrx_word' id='word_1_348' title='bbox 755 2946 900 2993; x_wconf 89' lang='lat' dir='ltr'><strong>manum</strong></span> <span class='ocrx_word' id='word_1_349' title='bbox 916 2937 1057 2997; x_wconf 85' lang='lat' dir='ltr'><strong>utrum·</strong></span> <span class='ocrx_word' id='word_1_350' title='bbox 1104 2926 1214 3010; x_wconf 84' lang='lat' dir='ltr'><strong>solas;</strong></span> <span class='ocrx_word' id='word_1_351' title='bbox 1240 2926 1309 2996; x_wconf 91' lang='lat' dir='ltr'><strong>alio</strong></span> <span class='ocrx_word' id='word_1_352' title='bbox 1325 2927 1402 2996; x_wconf 91' lang='lat' dir='ltr'><strong>loco</strong></span> <span class='ocrx_word' id='word_1_353' title='bbox 1419 2924 1634 3009; x_wconf 89' lang='lat' dir='ltr'><strong>testimonia,</strong></span> <span class='ocrx_word' id='word_1_354' title='bbox 1659 2924 1746 2994; x_wconf 89' lang='lat' dir='ltr'><strong>viris</strong></span> <span class='ocrx_word' id='word_1_355' title='bbox 1766 2924 1878 2995; x_wconf 87' lang='lat' dir='ltr'><strong>doctis</strong></span> <span class='ocrx_word' id='word_1_356' title='bbox 1899 2927 1999 3010; x_wconf 90' lang='lat' dir='ltr'><strong>data;</strong></span> <span class='ocrx_word' id='word_1_357' title='bbox 2025 2927 2095 2995; x_wconf 90' lang='lat' dir='ltr'><strong>alio</strong></span> 
     </span>
     <span class='ocr_line' id='line_1_28' title="bbox 68 3023 2097 3122; baseline -0.001 -23"><span class='ocrx_word' id='word_1_358' title='bbox 68 3030 334 3122; x_wconf 79' lang='lat' dir='ltr'><strong>qoescripsisse.</strong></span> <span class='ocrx_word' id='word_1_359' title='bbox 746 3052 752 3063; x_wconf 87' lang='lat'><strong>·</strong></span> <span class='ocrx_word' id='word_1_360' title='bbox 1105 3027 1370 3120; x_wconf 83' lang='lat' dir='ltr'><strong>praefationes</strong></span> <span class='ocrx_word' id='word_1_361' title='bbox 1359 3050 1398 3097; x_wconf 87' lang='grc' dir='ltr'><strong>ιιι</strong></span> <span class='ocrx_word' id='word_1_362' title='bbox 1421 3028 1533 3098; x_wconf 90' lang='lat' dir='ltr'><strong>libros</strong></span> <span class='ocrx_word' id='word_1_363' title='bbox 1556 3048 1637 3096; x_wconf 93' lang='lat' dir='ltr'><strong>suos</strong></span> <span class='ocrx_word' id='word_1_364' title='bbox 1660 3040 1694 3097; x_wconf 89' lang='lat' dir='ltr'><strong>et</strong></span> <span class='ocrx_word' id='word_1_365' title='bbox 1715 3027 1882 3112; x_wconf 88' lang='lat' dir='ltr'><strong>aliorum;</strong></span> <span class='ocrx_word' id='word_1_366' title='bbox 1902 3028 1972 3096; x_wconf 88' lang='lat' dir='ltr'><strong>alio</strong></span> <span class='ocrx_word' id='word_1_367' title='bbox 1996 3023 2097 3096; x_wconf 87' lang='lat' dir='ltr'><strong>sche-</strong></span> 
     </span>
     <span class='ocr_line' id='line_1_29' title="bbox 159 3122 2097 3223; baseline -0.001 -22"><span class='ocrx_word' id='word_1_368' title='bbox 159 3130 278 3201; x_wconf 89' lang='lat' dir='ltr'><strong>Porro</strong></span> <span class='ocrx_word' id='word_1_369' title='bbox 299 3128 472 3223; x_wconf 82' lang='lat' dir='ltr'><strong>quaedam</strong></span> <span class='ocrx_word' id='word_1_370' title='bbox 488 3127 737 3196; x_wconf 87' lang='lat' dir='ltr'><strong>dicendasunt</strong></span> <span class='ocrx_word' id='word_1_371' title='bbox 759 3127 803 3194; x_wconf 89' lang='lat' dir='ltr'><strong>de</strong></span> <span class='ocrx_word' id='word_1_372' title='bbox 820 3122 907 3201; x_wconf 87' lang='lat' dir='ltr'><strong>Mel.</strong></span> <span class='ocrx_word' id='word_1_373' title='bbox 926 3128 1057 3219; x_wconf 84' lang='lat' dir='ltr'><strong>episto-</strong></span> <span class='ocrx_word' id='word_1_374' title='bbox 1106 3134 1168 3199; x_wconf 86' lang='lat' dir='ltr'><strong>das</strong></span> <span class='ocrx_word' id='word_1_375' title='bbox 1190 3131 1330 3221; x_wconf 87' lang='lat' dir='ltr'><strong>publice</strong></span> <span class='ocrx_word' id='word_1_376' title='bbox 1352 3130 1486 3214; x_wconf 78' lang='lat' dir='ltr'><strong>affixas3</strong></span> <span class='ocrx_word' id='word_1_377' title='bbox 1514 3129 1584 3199; x_wconf 91' lang='lat' dir='ltr'><strong>alio</strong></span> <span class='ocrx_word' id='word_1_378' title='bbox 1603 3128 1767 3213; x_wconf 82' lang='lat' dir='ltr'><strong>consilia3</strong></span> <span class='ocrx_word' id='word_1_379' title='bbox 1790 3129 1861 3198; x_wconf 91' lang='lat' dir='ltr'><strong>alio</strong></span> <span class='ocrx_word' id='word_1_380' title='bbox 1878 3128 2007 3220; x_wconf 87' lang='lat' dir='ltr'><strong>scripta</strong></span> <span class='ocrx_word' id='word_1_381' title='bbox 2028 3152 2097 3220; x_wconf 91' lang='lat' dir='ltr'><strong>pu·</strong></span> 
     </span>
     <span class='ocr_line' id='line_1_30' title="bbox 68 3224 2096 3326; baseline -0.002 -23"><span class='ocrx_word' id='word_1_382' title='bbox 68 3233 124 3318; x_wconf 86' lang='lat' dir='ltr'><strong>lis,</strong></span> <span class='ocrx_word' id='word_1_383' title='bbox 141 3256 237 3326; x_wconf 86' lang='lat' dir='ltr'><strong>qnae</strong></span> <span class='ocrx_word' id='word_1_384' title='bbox 254 3230 388 3301; x_wconf 86' lang='lat' dir='ltr'><strong>iniuria</strong></span> <span class='ocrx_word' id='word_1_385' title='bbox 405 3229 575 3322; x_wconf 88' lang='lat' dir='ltr'><strong>temporis</strong></span> <span class='ocrx_word' id='word_1_386' title='bbox 591 3242 627 3298; x_wconf 86' lang='lat' dir='ltr'><strong>et</strong></span> <span class='ocrx_word' id='word_1_387' title='bbox 640 3226 851 3318; x_wconf 80' lang='lat' dir='ltr'><strong>negligentia</strong></span> <span class='ocrx_word' id='word_1_388' title='bbox 869 3224 1088 3299; x_wconf 88' lang='lat' dir='ltr'><strong>hominnm</strong></span> <span class='ocrx_word' id='word_1_389' title='bbox 1106 3231 1234 3300; x_wconf 92' lang='lat' dir='ltr'><strong>blica</strong></span> <span class='ocrx_word' id='word_1_390' title='bbox 1222 3255 1262 3299; x_wconf 89' lang='lat' dir='ltr'><strong>m</strong></span> <span class='ocrx_word' id='word_1_391' title='bbox 1289 3231 1521 3300; x_wconf 86' lang='lat' dir='ltr'><strong>conventibus</strong></span> <span class='ocrx_word' id='word_1_392' title='bbox 1543 3229 1710 3322; x_wconf 86' lang='lat' dir='ltr'><strong>publicis3</strong></span> <span class='ocrx_word' id='word_1_393' title='bbox 1740 3229 1811 3302; x_wconf 91' lang='lat' dir='ltr'><strong>alio</strong></span> <span class='ocrx_word' id='word_1_394' title='bbox 1840 3231 1918 3301; x_wconf 89' lang='lat' dir='ltr'><strong>loco</strong></span> <span class='ocrx_word' id='word_1_395' title='bbox 1942 3229 2096 3324; x_wconf 89' lang='lat' dir='ltr'><strong>denique</strong></span> 
     </span>
     <span class='ocr_line' id='line_1_31' title="bbox 67 3329 2099 3453; baseline -0.001 -49"><span class='ocrx_word' id='word_1_396' title='bbox 67 3335 256 3453; x_wconf 84' lang='lat' dir='ltr'><strong>perierunt.</strong></span> <span class='ocrx_word' id='word_1_397' title='bbox 305 3330 441 3401; x_wconf 87' lang='lat' dir='ltr'><strong>Multas</strong></span> <span class='ocrx_word' id='word_1_398' title='bbox 456 3331 602 3424; x_wconf 83' lang='lat' dir='ltr'><strong>periisse</strong></span> <span class='ocrx_word' id='word_1_399' title='bbox 615 3329 727 3400; x_wconf 91' lang='lat' dir='ltr'><strong>dubio</strong></span> <span class='ocrx_word' id='word_1_400' title='bbox 744 3340 856 3414; x_wconf 88' lang='lat' dir='ltr'><strong>caret,</strong></span> <span class='ocrx_word' id='word_1_401' title='bbox 880 3342 917 3400; x_wconf 87' lang='lat' dir='ltr'><strong>et-</strong></span> <span class='ocrx_word' id='word_1_402' title='bbox 936 3330 993 3399; x_wconf 73' lang='lat' dir='ltr'><strong>vel</strong></span> <span class='ocrx_word' id='word_1_403' title='bbox 1015 3356 1056 3401; x_wconf 85' lang='lat' dir='ltr'><strong>ex</strong></span> <span class='ocrx_word' id='word_1_404' title='bbox 1086 3332 1234 3450; x_wconf 54' lang='lat' dir='ltr'><strong>scripta</strong></span> <span class='ocrx_word' id='word_1_405' title='bbox 1250 3331 1420 3418; x_wconf 88' lang='lat' dir='ltr'><strong>aliorum,</strong></span> <span class='ocrx_word' id='word_1_406' title='bbox 1444 3356 1534 3425; x_wconf 89' lang='lat' dir='ltr'><strong>quae</strong></span> <span class='ocrx_word' id='word_1_407' title='bbox 1548 3333 1593 3401; x_wconf 91' lang='lat' dir='ltr'><strong>ad</strong></span> <span class='ocrx_word' id='word_1_408' title='bbox 1611 3331 1784 3401; x_wconf 90' lang='lat' dir='ltr'><strong>eiusmodi</strong></span> <span class='ocrx_word' id='word_1_409' title='bbox 1803 3346 1997 3402; x_wconf 87' lang='lat' dir='ltr'><strong>conventus</strong></span> <span class='ocrx_word' id='word_1_410' title='bbox 2016 3354 2099 3424; x_wconf 89' lang='lat' dir='ltr'><strong>per-</strong></span> 
     </span>
     <span class='ocr_line' id='line_1_32' title="bbox 69 3430 2099 3565; baseline 0 -61"><span class='ocrx_word' id='word_1_411' title='bbox 69 3436 148 3527; x_wconf 78' lang='lat' dir='ltr'><strong>ipsis</strong></span> <span class='ocrx_word' id='word_1_412' title='bbox 168 3433 331 3527; x_wconf 87' lang='lat' dir='ltr'><strong>epistolis</strong></span> <span class='ocrx_word' id='word_1_413' title='bbox 345 3432 468 3503; x_wconf 89' lang='lat' dir='ltr'><strong>Nostri</strong></span> <span class='ocrx_word' id='word_1_414' title='bbox 486 3431 572 3503; x_wconf 78' lang='lat' dir='ltr'><strong>tatis</strong></span> <span class='ocrx_word' id='word_1_415' title='bbox 585 3432 812 3501; x_wconf 77' lang='lat' dir='ltr'><strong>manifestum</strong></span> <span class='ocrx_word' id='word_1_416' title='bbox 831 3446 893 3503; x_wconf 88' lang='lat' dir='ltr'><strong>est.</strong></span> <span class='ocrx_word' id='word_1_417' title='bbox 945 3430 1057 3525; x_wconf 85' lang='lat' dir='ltr'><strong>Saepe</strong></span> <span class='ocrx_word' id='word_1_418' title='bbox 1087 3434 1270 3565; x_wconf 69' lang='lat' dir='ltr'><strong>itinerent.</strong></span> <span class='ocrx_word' id='word_1_419' title='bbox 1334 3430 1452 3522; x_wconf 86' lang='lat' dir='ltr'><strong>Quam</strong></span> <span class='ocrx_word' id='word_1_420' title='bbox 1473 3435 1655 3503; x_wconf 87' lang='lat' dir='ltr'><strong>commoda</strong></span> <span class='ocrx_word' id='word_1_421' title='bbox 1677 3446 1792 3503; x_wconf 89' lang='lat' dir='ltr'><strong>autem</strong></span> <span class='ocrx_word' id='word_1_422' title='bbox 1815 3433 1956 3503; x_wconf 88' lang='lat' dir='ltr'><strong>cuidam</strong></span> <span class='ocrx_word' id='word_1_423' title='bbox 1978 3433 2099 3505; x_wconf 87' lang='lat' dir='ltr'><strong>videa-</strong></span> 
     </span>
     <span class='ocr_line' id='line_1_33' title="bbox 68 3532 2099 3631; baseline -0 -24"><span class='ocrx_word' id='word_1_424' title='bbox 68 3539 159 3607; x_wconf 85' lang='lat' dir='ltr'><strong>euim</strong></span> <span class='ocrx_word' id='word_1_425' title='bbox 181 3536 346 3630; x_wconf 90' lang='lat' dir='ltr'><strong>loquitur</strong></span> <span class='ocrx_word' id='word_1_426' title='bbox 367 3536 412 3605; x_wconf 89' lang='lat' dir='ltr'><strong>de</strong></span> <span class='ocrx_word' id='word_1_427' title='bbox 435 3534 509 3604; x_wconf 87' lang='lat' dir='ltr'><strong>suis</strong></span> <span class='ocrx_word' id='word_1_428' title='bbox 530 3533 677 3618; x_wconf 88' lang='lat' dir='ltr'><strong>litteris,</strong></span> <span class='ocrx_word' id='word_1_429' title='bbox 706 3554 796 3626; x_wconf 88' lang='lat' dir='ltr'><strong>quae</strong></span> <span class='ocrx_word' id='word_1_430' title='bbox 816 3545 934 3602; x_wconf 88' lang='lat' dir='ltr'><strong>tamen</strong></span> <span class='ocrx_word' id='word_1_431' title='bbox 960 3557 1091 3603; x_wconf 86' lang='lat' dir='ltr'><strong>nune·</strong></span> <span class='ocrx_word' id='word_1_432' title='bbox 1087 3536 1165 3606; x_wconf 91' lang='lat' dir='ltr'><strong>&#39;tur</strong></span> <span class='ocrx_word' id='word_1_433' title='bbox 1179 3532 1265 3606; x_wconf 90' lang='lat' dir='ltr'><strong>haec</strong></span> <span class='ocrx_word' id='word_1_434' title='bbox 1280 3536 1474 3631; x_wconf 74' lang='lat' dir='ltr'><strong>separatio,</strong></span> <span class='ocrx_word' id='word_1_435' title='bbox 1499 3548 1686 3629; x_wconf 85' lang='lat' dir='ltr'><strong>antequam</strong></span> <span class='ocrx_word' id='word_1_436' title='bbox 1706 3535 1903 3626; x_wconf 86' lang='lat' dir='ltr'><strong>pericnlum</strong></span> <span class='ocrx_word' id='word_1_437' title='bbox 1920 3557 1996 3605; x_wconf 92' lang='lat' dir='ltr'><strong>eam</strong></span> <span class='ocrx_word' id='word_1_438' title='bbox 2012 3559 2099 3628; x_wconf 88' lang='lat' dir='ltr'><strong>per·</strong></span> 
     </span>
     <span class='ocr_line' id='line_1_34' title="bbox 67 3626 2099 3753; baseline 0 -44"><span class='ocrx_word' id='word_1_439' title='bbox 67 3663 136 3709; x_wconf 87' lang='lat' dir='ltr'><strong>uon</strong></span> <span class='ocrx_word' id='word_1_440' title='bbox 168 3634 360 3711; x_wconf 76' lang='lat' dir='ltr'><strong>habentur</strong></span> <span class='ocrx_word' id='word_1_441' title='bbox 416 3633 584 3753; x_wconf 82' lang='lat' dir='ltr'><strong>Legimus</strong></span> <span class='ocrx_word' id='word_1_442' title='bbox 616 3633 820 3728; x_wconf 86' lang='lat' dir='ltr'><strong>aliquoties,</strong></span> <span class='ocrx_word' id='word_1_443' title='bbox 851 3658 887 3703; x_wconf 85' lang='lat' dir='ltr'><strong>se</strong></span> <span class='ocrx_word' id='word_1_444' title='bbox 915 3636 1058 3706; x_wconf 73' lang='lat' dir='ltr'><strong>brevius</strong></span> <span class='ocrx_word' id='word_1_445' title='bbox 1087 3626 1247 3711; x_wconf 87' lang='lat' dir='ltr'><strong>iliciendi</strong></span> <span class='ocrx_word' id='word_1_446' title='bbox 1261 3638 1399 3723; x_wconf 86' lang='lat' dir='ltr'><strong>fecerit,</strong></span> <span class='ocrx_word' id='word_1_447' title='bbox 1424 3651 1495 3708; x_wconf 86' lang='lat' dir='ltr'><strong>tarn</strong></span> <span class='ocrx_word' id='word_1_448' title='bbox 1513 3638 1773 3708; x_wconf 84' lang='lat' dir='ltr'><strong>incommodam</strong></span> <span class='ocrx_word' id='word_1_449' title='bbox 1791 3651 1909 3706; x_wconf 88' lang='lat' dir='ltr'><strong>tamen</strong></span> <span class='ocrx_word' id='word_1_450' title='bbox 1926 3659 2000 3707; x_wconf 89' lang='lat' dir='ltr'><strong>eam</strong></span> <span class='ocrx_word' id='word_1_451' title='bbox 2015 3661 2099 3709; x_wconf 89' lang='lat' dir='ltr'><strong>mox</strong></span> 
     </span>
     <span class='ocr_line' id='line_1_35' title="bbox 68 3734 2097 3859; baseline -0.001 -48"><span class='ocrx_word' id='word_1_452' title='bbox 68 3742 238 3824; x_wconf 85' lang='lat' dir='ltr'><strong>scribere,</strong></span> <span class='ocrx_word' id='word_1_453' title='bbox 263 3738 348 3833; x_wconf 85' lang='lat' dir='ltr'><strong>quia</strong></span> <span class='ocrx_word' id='word_1_454' title='bbox 369 3737 441 3807; x_wconf 90' lang='lat' dir='ltr'><strong>iam</strong></span> <span class='ocrx_word' id='word_1_455' title='bbox 464 3737 644 3830; x_wconf 89' lang='lat' dir='ltr'><strong>quinque,</strong></span> <span class='ocrx_word' id='word_1_456' title='bbox 669 3759 746 3819; x_wconf 80' lang='lat' dir='ltr'><strong>sex,</strong></span> <span class='ocrx_word' id='word_1_457' title='bbox 768 3749 899 3826; x_wconf 88' lang='lat' dir='ltr'><strong>septem</strong></span> <span class='ocrx_word' id='word_1_458' title='bbox 926 3738 1057 3830; x_wconf 87' lang='lat' dir='ltr'><strong>episto-</strong></span> <span class='ocrx_word' id='word_1_459' title='bbox 1087 3734 1365 3859; x_wconf 77' lang='lat' dir='ltr'><strong>¹deprehendet,</strong></span> <span class='ocrx_word' id='word_1_460' title='bbox 1397 3740 1462 3810; x_wconf 92' lang='lat' dir='ltr'><strong>ubi</strong></span> <span class='ocrx_word' id='word_1_461' title='bbox 1488 3763 1562 3809; x_wconf 87' lang='lat' dir='ltr'><strong>rem</strong></span> <span class='ocrx_word' id='word_1_462' title='bbox 1587 3740 1785 3809; x_wconf 73' lang='lat' dir='ltr'><strong>tentaterit.</strong></span> <span class='ocrx_word' id='word_1_463' title='bbox 1849 3736 1946 3808; x_wconf 89' lang='lat' dir='ltr'><strong>Haec</strong></span> <span class='ocrx_word' id='word_1_464' title='bbox 1976 3739 2097 3809; x_wconf 91' lang='lat' dir='ltr'><strong>omnia</strong></span> 
     </span>
     <span class='ocr_line' id='line_1_36' title="bbox 68 3835 2098 3935; baseline -0.001 -22"><span class='ocrx_word' id='word_1_465' title='bbox 68 3842 116 3912; x_wconf 82' lang='lat' dir='ltr'><strong>las</strong></span> <span class='ocrx_word' id='word_1_466' title='bbox 143 3841 341 3935; x_wconf 83' lang='lat' dir='ltr'><strong>scripsisset</strong></span> <span class='ocrx_word' id='word_1_467' title='bbox 366 3860 409 3908; x_wconf 82' lang='lat' dir='ltr'><strong>eo</strong></span> <span class='ocrx_word' id='word_1_468' title='bbox 432 3838 509 3923; x_wconf 90' lang='lat' dir='ltr'><strong>die,</strong></span> <span class='ocrx_word' id='word_1_469' title='bbox 539 3862 689 3931; x_wconf 71' lang='lat' dir='ltr'><strong>quartem</strong></span> <span class='ocrx_word' id='word_1_470' title='bbox 719 3837 823 3906; x_wconf 89' lang='lat' dir='ltr'><strong>nobis</strong></span> <span class='ocrx_word' id='word_1_471' title='bbox 843 3851 963 3908; x_wconf 86' lang='lat' dir='ltr'><strong>tamen</strong></span> <span class='ocrx_word' id='word_1_472' title='bbox 984 3862 1056 3910; x_wconf 87' lang='lat' dir='ltr'><strong>una</strong></span> <span class='ocrx_word' id='word_1_473' title='bbox 1089 3843 1201 3933; x_wconf 77' lang='lat' dir='ltr'><strong>3enim</strong></span> <span class='ocrx_word' id='word_1_474' title='bbox 1218 3854 1291 3911; x_wconf 90' lang='lat' dir='ltr'><strong>tam</strong></span> <span class='ocrx_word' id='word_1_475' title='bbox 1307 3850 1401 3911; x_wconf 87' lang='lat' dir='ltr'><strong>arcte</strong></span> <span class='ocrx_word' id='word_1_476' title='bbox 1419 3841 1511 3909; x_wconf 87' lang='lat' dir='ltr'><strong>inter</strong></span> <span class='ocrx_word' id='word_1_477' title='bbox 1529 3863 1566 3909; x_wconf 92' lang='lat' dir='ltr'><strong>se</strong></span> <span class='ocrx_word' id='word_1_478' title='bbox 1585 3835 1790 3924; x_wconf 84' lang='lat' dir='ltr'><strong>cohaerent,</strong></span> <span class='ocrx_word' id='word_1_479' title='bbox 1815 3863 1851 3908; x_wconf 91' lang='lat' dir='ltr'><strong>se</strong></span> <span class='ocrx_word' id='word_1_480' title='bbox 1875 3841 2028 3909; x_wconf 88' lang='lat' dir='ltr'><strong>invicem</strong></span> <span class='ocrx_word' id='word_1_481' title='bbox 2049 3841 2098 3910; x_wconf 84' lang='lat' dir='ltr'><strong>ita</strong></span> 
     </span>
     <span class='ocr_line' id='line_1_37' title="bbox 66 3937 2124 4034; baseline -0.001 -21"><span class='ocrx_word' id='word_1_482' title='bbox 66 3957 204 4015; x_wconf 87' lang='lat' dir='ltr'><strong>tantum</strong></span> <span class='ocrx_word' id='word_1_483' title='bbox 232 3954 372 4012; x_wconf 86' lang='lat' dir='ltr'><strong>servata</strong></span> <span class='ocrx_word' id='word_1_484' title='bbox 403 3952 464 4009; x_wconf 85' lang='lat' dir='ltr'><strong>est.</strong></span> <span class='ocrx_word' id='word_1_485' title='bbox 531 3937 590 4009; x_wconf 88' lang='lat' dir='ltr'><strong>Sic</strong></span> <span class='ocrx_word' id='word_1_486' title='bbox 617 3939 740 4009; x_wconf 85' lang='lat' dir='ltr'><strong>scribit</strong></span> <span class='ocrx_word' id='word_1_487' title='bbox 762 3939 796 4006; x_wconf 85' lang='lat' dir='ltr'><strong>d.</strong></span> <span class='ocrx_word' id='word_1_488' title='bbox 820 3938 856 4010; x_wconf 87' lang='grc'><strong>8.</strong></span> <span class='ocrx_word' id='word_1_489' title='bbox 877 3938 986 4014; x_wconf 73' lang='lat' dir='ltr'><strong>Mart.</strong></span> <span class='ocrx_word' id='word_1_490' title='bbox 1006 3937 1058 4010; x_wconf 85' lang='grc'><strong>48</strong></span> <span class='ocrx_word' id='word_1_491' title='bbox 1089 3938 1303 4027; x_wconf 70' lang='lat' dir='ltr'><strong>³illustrant,</strong></span> <span class='ocrx_word' id='word_1_492' title='bbox 1326 3955 1366 4011; x_wconf 91' lang='lat' dir='ltr'><strong>ut</strong></span> <span class='ocrx_word' id='word_1_493' title='bbox 1389 3942 1560 4034; x_wconf 84' lang='lat' dir='ltr'><strong>separatio</strong></span> <span class='ocrx_word' id='word_1_494' title='bbox 1585 3964 1707 4012; x_wconf 89' lang='lat' dir='ltr'><strong>eorum</strong></span> <span class='ocrx_word' id='word_1_495' title='bbox 1730 3964 1803 4012; x_wconf 91' lang='lat' dir='ltr'><strong>nou</strong></span> <span class='ocrx_word' id='word_1_496' title='bbox 1825 3941 1945 4011; x_wconf 88' lang='lat' dir='ltr'><strong>minus</strong></span> <span class='ocrx_word' id='word_1_497' title='bbox 1961 3942 2124 4012; x_wconf 61' lang='lat' dir='ltr'><strong>inutilis*</strong></span> 
     </span>
     <span class='ocr_line' id='line_1_38' title="bbox 66 4034 2100 4138; baseline -0.001 -22"><span class='ocrx_word' id='word_1_498' title='bbox 66 4038 195 4124; x_wconf 77' lang='lat' dir='ltr'><strong>„hane</strong></span> <span class='ocrx_word' id='word_1_499' title='bbox 218 4036 330 4114; x_wconf 76' lang='lat' dir='ltr'><strong>hodie</strong></span> <span class='ocrx_word' id='word_1_500' title='bbox 352 4038 474 4111; x_wconf 81' lang='lat' dir='ltr'><strong>soribo</strong></span> <span class='ocrx_word' id='word_1_501' title='bbox 497 4034 672 4109; x_wconf 80' lang='lat' dir='ltr'><strong>decimam</strong></span> <span class='ocrx_word' id='word_1_502' title='bbox 697 4035 924 4136; x_wconf 80' lang='lat' dir='ltr'><strong>epistolam.&#39;&#39;</strong></span> <span class='ocrx_word' id='word_1_503' title='bbox 975 4041 1057 4114; x_wconf 84' lang='lat' dir='ltr'><strong>Vid.</strong></span> <span class='ocrx_word' id='word_1_504' title='bbox 1108 4069 1213 4138; x_wconf 89' lang='lat' dir='ltr'><strong>quam</strong></span> <span class='ocrx_word' id='word_1_505' title='bbox 1243 4045 1465 4115; x_wconf 88' lang='lat' dir='ltr'><strong>incommoda</strong></span> <span class='ocrx_word' id='word_1_506' title='bbox 1495 4044 1667 4117; x_wconf 89' lang='lat' dir='ltr'><strong>videatur.</strong></span> <span class='ocrx_word' id='word_1_507' title='bbox 1727 4040 1866 4113; x_wconf 89' lang='lat' dir='ltr'><strong>Deinde</strong></span> <span class='ocrx_word' id='word_1_508' title='bbox 1896 4044 2100 4113; x_wconf 87' lang='lat' dir='ltr'><strong>testimonia</strong></span> 
     </span>
     <span class='ocr_line' id='line_1_39' title="bbox 68 4138 2099 4237; baseline -0.002 -18"><span class='ocrx_word' id='word_1_509' title='bbox 68 4148 250 4237; x_wconf 75' lang='lat' dir='ltr'><strong>etiarnep.</strong></span> <span class='ocrx_word' id='word_1_510' title='bbox 273 4147 307 4214; x_wconf 87' lang='lat' dir='ltr'><strong>d.</strong></span> <span class='ocrx_word' id='word_1_511' title='bbox 326 4143 387 4214; x_wconf 83' lang='grc'><strong>80.</strong></span> <span class='ocrx_word' id='word_1_512' title='bbox 406 4140 514 4212; x_wconf 89' lang='lat' dir='ltr'><strong>Mart.</strong></span> <span class='ocrx_word' id='word_1_513' title='bbox 536 4138 651 4226; x_wconf 78' lang='lat'><strong>1521,</strong></span> <span class='ocrx_word' id='word_1_514' title='bbox 683 4144 718 4210; x_wconf 89' lang='lat' dir='ltr'><strong>d.</strong></span> <span class='ocrx_word' id='word_1_515' title='bbox 738 4143 798 4212; x_wconf 82' lang='lat'><strong>23.</strong></span> <span class='ocrx_word' id='word_1_516' title='bbox 820 4141 925 4212; x_wconf 84' lang='lat' dir='ltr'><strong>Febr.</strong></span> <span class='ocrx_word' id='word_1_517' title='bbox 950 4140 1058 4214; x_wconf 80' lang='lat'><strong>1644.</strong></span> <span class='ocrx_word' id='word_1_518' title='bbox 1108 4171 1182 4216; x_wconf 89' lang='lat' dir='ltr'><strong>non</strong></span> <span class='ocrx_word' id='word_1_519' title='bbox 1204 4146 1320 4215; x_wconf 89' lang='lat' dir='ltr'><strong>solum</strong></span> <span class='ocrx_word' id='word_1_520' title='bbox 1336 4160 1419 4216; x_wconf 91' lang='lat' dir='ltr'><strong>sunt</strong></span> <span class='ocrx_word' id='word_1_521' title='bbox 1435 4147 1571 4215; x_wconf 88' lang='lat' dir='ltr'><strong>litterae</strong></span> <span class='ocrx_word' id='word_1_522' title='bbox 1587 4144 1747 4235; x_wconf 90' lang='lat' dir='ltr'><strong>publicae</strong></span> <span class='ocrx_word' id='word_1_523' title='bbox 1763 4146 1807 4214; x_wconf 91' lang='lat' dir='ltr'><strong>ad</strong></span> <span class='ocrx_word' id='word_1_524' title='bbox 1829 4145 2014 4225; x_wconf 84' lang='lat' dir='ltr'><strong>lectorem,</strong></span> <span class='ocrx_word' id='word_1_525' title='bbox 2037 4147 2099 4214; x_wconf 85' lang='lat' dir='ltr'><strong>scd</strong></span> 
     </span>
     <span class='ocr_line' id='line_1_40' title="bbox 68 4239 2100 4339; baseline -0.002 -20"><span class='ocrx_word' id='word_1_526' title='bbox 68 4241 259 4319; x_wconf 58' lang='lat' dir='ltr'><strong>analdus</strong></span> <span class='ocrx_word' id='word_1_527' title='bbox 282 4240 472 4315; x_wconf 80' lang='lat' dir='ltr'><strong>Bursnius</strong></span> <span class='ocrx_word' id='word_1_528' title='bbox 503 4239 627 4313; x_wconf 87' lang='lat' dir='ltr'><strong>babuit</strong></span> <span class='ocrx_word' id='word_1_529' title='bbox 654 4244 737 4313; x_wconf 84' lang='lat' dir='ltr'><strong>satis</strong></span> <span class='ocrx_word' id='word_1_530' title='bbox 763 4246 931 4334; x_wconf 88' lang='lat' dir='ltr'><strong>grandem</strong></span> <span class='ocrx_word' id='word_1_531' title='bbox 954 4245 1059 4314; x_wconf 85' lang='lat' dir='ltr'><strong>iasci-</strong></span> <span class='ocrx_word' id='word_1_532' title='bbox 1109 4246 1246 4338; x_wconf 90' lang='lat' dir='ltr'><strong>saepius</strong></span> <span class='ocrx_word' id='word_1_533' title='bbox 1266 4248 1370 4317; x_wconf 86' lang='lat' dir='ltr'><strong>etiam</strong></span> <span class='ocrx_word' id='word_1_534' title='bbox 1386 4247 1535 4316; x_wconf 83' lang='lat' dir='ltr'><strong>formam</strong></span> <span class='ocrx_word' id='word_1_535' title='bbox 1552 4247 1814 4339; x_wconf 90' lang='lat' dir='ltr'><strong>epistolarum</strong></span> <span class='ocrx_word' id='word_1_536' title='bbox 1796 4242 1939 4317; x_wconf 83' lang='lat' dir='ltr'><strong>habent.</strong></span> <span class='ocrx_word' id='word_1_537' title='bbox 1991 4244 2100 4315; x_wconf 86' lang='lat' dir='ltr'><strong>Prac-</strong></span> 
     </span>
     <span class='ocr_line' id='line_1_41' title="bbox 67 4341 2123 4466; baseline -0.003 -43"><span class='ocrx_word' id='word_1_538' title='bbox 67 4352 185 4423; x_wconf 86' lang='lat' dir='ltr'><strong>culnm</strong></span> <span class='ocrx_word' id='word_1_539' title='bbox 206 4348 434 4466; x_wconf 80' lang='lat' dir='ltr'><strong>epistolarum</strong></span> <span class='ocrx_word' id='word_1_540' title='bbox 457 4345 526 4414; x_wconf 88' lang='lat' dir='ltr'><strong>sibi</strong></span> <span class='ocrx_word' id='word_1_541' title='bbox 548 4341 819 4415; x_wconf 88' lang='lat' dir='ltr'><strong>aMelanthone</strong></span> <span class='ocrx_word' id='word_1_542' title='bbox 840 4346 1059 4437; x_wconf 88' lang='lat' dir='ltr'><strong>scriptarum,</strong></span> <span class='ocrx_word' id='word_1_543' title='bbox 1107 4350 1280 4421; x_wconf 88' lang='lat' dir='ltr'><strong>sationum</strong></span> <span class='ocrx_word' id='word_1_544' title='bbox 1308 4349 1482 4439; x_wconf 89' lang='lat' dir='ltr'><strong>plurimae</strong></span> <span class='ocrx_word' id='word_1_545' title='bbox 1511 4372 1592 4418; x_wconf 88' lang='lat' dir='ltr'><strong>vere</strong></span> <span class='ocrx_word' id='word_1_546' title='bbox 1619 4361 1701 4417; x_wconf 91' lang='lat' dir='ltr'><strong>sunt</strong></span> <span class='ocrx_word' id='word_1_547' title='bbox 1724 4348 1908 4440; x_wconf 86' lang='lat' dir='ltr'><strong>epistolae;</strong></span> <span class='ocrx_word' id='word_1_548' title='bbox 1951 4342 2123 4417; x_wconf 84' lang='lat' dir='ltr'><strong>schedae·</strong></span> 
     </span>
     <span class='ocr_line' id='line_1_42' title="bbox 68 4445 2099 4570; baseline -0.003 -46"><span class='ocrx_word' id='word_1_549' title='bbox 68 4454 128 4547; x_wconf 88' lang='lat' dir='ltr'><strong>qni</strong></span> <span class='ocrx_word' id='word_1_550' title='bbox 151 4466 273 4523; x_wconf 86' lang='lat' dir='ltr'><strong>autem</strong></span> <span class='ocrx_word' id='word_1_551' title='bbox 297 4449 391 4519; x_wconf 83' lang='lat' dir='ltr'><strong>tristi</strong></span> <span class='ocrx_word' id='word_1_552' title='bbox 411 4470 494 4517; x_wconf 89' lang='lat' dir='ltr'><strong>casu</strong></span> <span class='ocrx_word' id='word_1_553' title='bbox 514 4447 631 4538; x_wconf 83' lang='lat' dir='ltr'><strong>periit.</strong></span> <span class='ocrx_word' id='word_1_554' title='bbox 690 4445 791 4540; x_wconf 89' lang='lat' dir='ltr'><strong>(Vid.</strong></span> <span class='ocrx_word' id='word_1_555' title='bbox 816 4445 861 4519; x_wconf 80' lang='lat' dir='ltr'>R</span> <span class='ocrx_word' id='word_1_556' title='bbox 880 4445 927 4520; x_wconf 91' lang='grc' dir='ltr'>Η</span> <span class='ocrx_word' id='word_1_557' title='bbox 944 4446 1059 4518; x_wconf 87' lang='lat' dir='ltr'><strong>Rollii</strong></span> <span class='ocrx_word' id='word_1_558' title='bbox 1091 4451 1249 4570; x_wconf 88' lang='lat' dir='ltr'><strong>publice</strong></span> <span class='ocrx_word' id='word_1_559' title='bbox 1272 4448 1392 4519; x_wconf 82' lang='lat' dir='ltr'><strong>affixae</strong></span> <span class='ocrx_word' id='word_1_560' title='bbox 1415 4450 1572 4523; x_wconf 84' lang='lat' dir='ltr'><strong>eodem</strong></span> <span class='ocrx_word' id='word_1_561' title='bbox 1561 4473 1637 4518; x_wconf 89' lang='lat' dir='ltr'><strong>mre</strong></span> <span class='ocrx_word' id='word_1_562' title='bbox 1663 4450 1829 4542; x_wconf 86' lang='lat' dir='ltr'><strong>epistolae</strong></span> <span class='ocrx_word' id='word_1_563' title='bbox 1845 4445 2025 4519; x_wconf 86' lang='lat' dir='ltr'><strong>habentur</strong></span> <span class='ocrx_word' id='word_1_564' title='bbox 2053 4450 2099 4518; x_wconf 90' lang='lat' dir='ltr'><strong>ad</strong></span> 
     </span>
     <span class='ocr_line' id='line_1_43' title="bbox 67 4544 2099 4645; baseline -0.003 -20"><span class='ocrx_word' id='word_1_565' title='bbox 67 4553 260 4625; x_wconf 85' lang='lat' dir='ltr'><strong>memoriae</strong></span> <span class='ocrx_word' id='word_1_566' title='bbox 281 4544 533 4640; x_wconf 90' lang='lat' dir='ltr'><strong>Philosophor.</strong></span> <span class='ocrx_word' id='word_1_567' title='bbox 555 4547 737 4641; x_wconf 77' lang='lat' dir='ltr'><strong>pag.147</strong></span> <span class='ocrx_word' id='word_1_568' title='bbox 794 4547 962 4619; x_wconf 90' lang='lat' dir='ltr'><strong>Strobelii</strong></span> <span class='ocrx_word' id='word_1_569' title='bbox 978 4548 1061 4619; x_wconf 91' lang='lat' dir='ltr'><strong>Me-</strong></span> <span class='ocrx_word' id='word_1_570' title='bbox 1108 4554 1252 4622; x_wconf 89' lang='lat' dir='ltr'><strong>iuvenes</strong></span> <span class='ocrx_word' id='word_1_571' title='bbox 1274 4550 1506 4636; x_wconf 86' lang='lat' dir='ltr'><strong>academicos,</strong></span> <span class='ocrx_word' id='word_1_572' title='bbox 1529 4575 1600 4645; x_wconf 91' lang='lat' dir='ltr'><strong>quo</strong></span> <span class='ocrx_word' id='word_1_573' title='bbox 1623 4545 1806 4620; x_wconf 89' lang='lat' dir='ltr'><strong>schedulas</strong></span> <span class='ocrx_word' id='word_1_574' title='bbox 1831 4551 1970 4636; x_wconf 88' lang='lat' dir='ltr'><strong>amicis,</strong></span> <span class='ocrx_word' id='word_1_575' title='bbox 1998 4572 2099 4641; x_wconf 75' lang='lat' dir='ltr'><strong>saepe</strong></span> 
     </span>
     <span class='ocr_line' id='line_1_44' title="bbox 69 4648 2097 4743; baseline -0.003 -17"><span class='ocrx_word' id='word_1_576' title='bbox 69 4650 404 4743; x_wconf 80' lang='lat' dir='ltr'><strong>lauchthouianap.</strong></span> <span class='ocrx_word' id='word_1_577' title='bbox 426 4648 528 4742; x_wconf 87' lang='grc'><strong>188.)</strong></span> <span class='ocrx_word' id='word_1_578' title='bbox 579 4648 653 4718; x_wconf 90' lang='lat' dir='ltr'><strong>Has</strong></span> <span class='ocrx_word' id='word_1_579' title='bbox 674 4651 873 4740; x_wconf 87' lang='lat' dir='ltr'><strong>deperditas</strong></span> <span class='ocrx_word' id='word_1_580' title='bbox 897 4651 1061 4743; x_wconf 88' lang='lat' dir='ltr'><strong>epistolas</strong></span> <span class='ocrx_word' id='word_1_581' title='bbox 1109 4655 1184 4724; x_wconf 89' lang='lat' dir='ltr'><strong>sine</strong></span> <span class='ocrx_word' id='word_1_582' title='bbox 1200 4654 1256 4723; x_wconf 89' lang='lat' dir='ltr'><strong>die</strong></span> <span class='ocrx_word' id='word_1_583' title='bbox 1275 4665 1309 4722; x_wconf 93' lang='lat' dir='ltr'><strong>et</strong></span> <span class='ocrx_word' id='word_1_584' title='bbox 1329 4653 1489 4739; x_wconf 90' lang='lat' dir='ltr'><strong>consule,</strong></span> <span class='ocrx_word' id='word_1_585' title='bbox 1517 4653 1640 4722; x_wconf 86' lang='lat' dir='ltr'><strong>missas</strong></span> <span class='ocrx_word' id='word_1_586' title='bbox 1664 4652 1790 4723; x_wconf 88' lang='lat' dir='ltr'><strong>litteris</strong></span> <span class='ocrx_word' id='word_1_587' title='bbox 1812 4654 2097 4723; x_wconf 89' lang='lat' dir='ltr'><strong>adnumeramus.</strong></span> 
     </span>
     <span class='ocr_line' id='line_1_45' title="bbox 71 4708 2100 4845; baseline -0.001 -20"><span class='ocrx_word' id='word_1_588' title='bbox 71 4772 190 4829; x_wconf 82' lang='lat' dir='ltr'><strong>notare</strong></span> <span class='ocrx_word' id='word_1_589' title='bbox 214 4755 254 4824; x_wconf 91' lang='lat' dir='ltr'><strong>in</strong></span> <span class='ocrx_word' id='word_1_590' title='bbox 279 4754 368 4823; x_wconf 88' lang='lat' dir='ltr'><strong>serie</strong></span> <span class='ocrx_word' id='word_1_591' title='bbox 395 4751 623 4843; x_wconf 88' lang='lat' dir='ltr'><strong>epistolarum</strong></span> <span class='ocrx_word' id='word_1_592' title='bbox 657 4751 783 4820; x_wconf 89' lang='lat' dir='ltr'><strong>inutile</strong></span> <span class='ocrx_word' id='word_1_593' title='bbox 812 4752 918 4821; x_wconf 91' lang='lat' dir='ltr'><strong>uobis</strong></span> <span class='ocrx_word' id='word_1_594' title='bbox 943 4753 1059 4822; x_wconf 81' lang='lat' dir='ltr'><strong>visum</strong></span> <span class='ocrx_word' id='word_1_595' title='bbox 1109 4755 1216 4845; x_wconf 85' lang='lat' dir='ltr'><strong>Quod</strong></span> <span class='ocrx_word' id='word_1_596' title='bbox 1232 4767 1347 4825; x_wconf 88' lang='lat' dir='ltr'><strong>autem</strong></span> <span class='ocrx_word' id='word_1_597' title='bbox 1363 4757 1406 4823; x_wconf 92' lang='lat' dir='ltr'><strong>ad</strong></span> <span class='ocrx_word' id='word_1_598' title='bbox 1425 4708 1570 4828; x_wconf 82' lang='lat' dir='ltr'><strong>corisilia</strong></span> <span class='ocrx_word' id='word_1_599' title='bbox 1587 4755 1729 4839; x_wconf 90' lang='lat' dir='ltr'><strong>attinet,</strong></span> <span class='ocrx_word' id='word_1_600' title='bbox 1746 4754 1876 4839; x_wconf 86' lang='lat' dir='ltr'><strong>multa,</strong></span> <span class='ocrx_word' id='word_1_601' title='bbox 1900 4754 2100 4825; x_wconf 89' lang='lat' dir='ltr'><strong>etiamlon-</strong></span> 
     </span>
     <span class='ocr_line' id='line_1_46' title="bbox 71 4850 2099 4951; baseline -0.002 -23"><span class='ocrx_word' id='word_1_602' title='bbox 71 4874 137 4944; x_wconf 70' lang='grc' dir='ltr'>ιιι,</span> <span class='ocrx_word' id='word_1_603' title='bbox 174 4880 289 4951; x_wconf 88' lang='lat' dir='ltr'><strong>quum</strong></span> <span class='ocrx_word' id='word_1_604' title='bbox 317 4855 419 4924; x_wconf 87' lang='lat' dir='ltr'><strong>nulla</strong></span> <span class='ocrx_word' id='word_1_605' title='bbox 448 4853 492 4921; x_wconf 89' lang='lat' dir='ltr'><strong>sit</strong></span> <span class='ocrx_word' id='word_1_606' title='bbox 518 4876 597 4944; x_wconf 85' lang='lat' dir='ltr'><strong>spes</strong></span> <span class='ocrx_word' id='word_1_607' title='bbox 626 4876 684 4922; x_wconf 90' lang='lat' dir='ltr'><strong>eas</strong></span> <span class='ocrx_word' id='word_1_608' title='bbox 709 4876 867 4946; x_wconf 87' lang='lat' dir='ltr'><strong>unquam</strong></span> <span class='ocrx_word' id='word_1_609' title='bbox 892 4850 1060 4925; x_wconf 87' lang='lat' dir='ltr'><strong>habendi.</strong></span> <span class='ocrx_word' id='word_1_610' title='bbox 1108 4859 1226 4949; x_wconf 85' lang='lat' dir='ltr'><strong>giora,</strong></span> <span class='ocrx_word' id='word_1_611' title='bbox 1252 4857 1479 4946; x_wconf 88' lang='lat' dir='ltr'><strong>epistolarum</strong></span> <span class='ocrx_word' id='word_1_612' title='bbox 1501 4871 1662 4947; x_wconf 87' lang='lat' dir='ltr'><strong>naturam</strong></span> <span class='ocrx_word' id='word_1_613' title='bbox 1677 4857 1723 4925; x_wconf 88' lang='lat' dir='ltr'><strong>ita</strong></span> <span class='ocrx_word' id='word_1_614' title='bbox 1743 4869 1901 4937; x_wconf 86' lang='lat' dir='ltr'><strong>servant,</strong></span> <span class='ocrx_word' id='word_1_615' title='bbox 1926 4868 1966 4925; x_wconf 89' lang='lat' dir='ltr'><strong>ut</strong></span> <span class='ocrx_word' id='word_1_616' title='bbox 1988 4854 2099 4939; x_wconf 87' lang='lat' dir='ltr'><strong>nulla,</strong></span> 
     </span>
     <span class='ocr_line' id='line_1_47' title="bbox 72 4955 2096 5049; baseline -0.002 -18"><span class='ocrx_word' id='word_1_617' title='bbox 72 4957 139 5031; x_wconf 77' lang='lat' dir='ltr'><strong>Eas</strong></span> <span class='ocrx_word' id='word_1_618' title='bbox 151 4974 270 5031; x_wconf 82' lang='lat' dir='ltr'><strong>autem</strong></span> <span class='ocrx_word' id='word_1_619' title='bbox 285 4981 351 5026; x_wconf 87' lang='lat' dir='ltr'><strong>suo</strong></span> <span class='ocrx_word' id='word_1_620' title='bbox 367 4956 445 5025; x_wconf 89' lang='lat' dir='ltr'><strong>loeo</strong></span> <span class='ocrx_word' id='word_1_621' title='bbox 463 4955 673 5038; x_wconf 87' lang='lat' dir='ltr'><strong>notavimus,</strong></span> <span class='ocrx_word' id='word_1_622' title='bbox 698 4970 757 5025; x_wconf 85' lang='lat' dir='ltr'><strong>aut</strong></span> <span class='ocrx_word' id='word_1_623' title='bbox 775 4958 819 5024; x_wconf 94' lang='lat' dir='ltr'><strong>de</strong></span> <span class='ocrx_word' id='word_1_624' title='bbox 837 4978 987 5048; x_wconf 87' lang='lat' dir='ltr'><strong>quarum</strong></span> <span class='ocrx_word' id='word_1_625' title='bbox 1002 4981 1059 5026; x_wconf 88' lang='lat' dir='ltr'><strong>ar·</strong></span> <span class='ocrx_word' id='word_1_626' title='bbox 1109 4982 1172 5030; x_wconf 86' lang='lat' dir='ltr'><strong>cur</strong></span> <span class='ocrx_word' id='word_1_627' title='bbox 1186 4959 1337 5030; x_wconf 81' lang='lat' dir='ltr'><strong>velimus</strong></span> <span class='ocrx_word' id='word_1_628' title='bbox 1355 4983 1392 5027; x_wconf 86' lang='lat' dir='ltr'><strong>ea</strong></span> <span class='ocrx_word' id='word_1_629' title='bbox 1408 4960 1458 5028; x_wconf 87' lang='lat' dir='ltr'><strong>ab</strong></span> <span class='ocrx_word' id='word_1_630' title='bbox 1467 4958 1623 5049; x_wconf 89' lang='lat' dir='ltr'><strong>epistolis</strong></span> <span class='ocrx_word' id='word_1_631' title='bbox 1640 4980 1808 5048; x_wconf 85' lang='lat' dir='ltr'><strong>separare,</strong></span> <span class='ocrx_word' id='word_1_632' title='bbox 1822 4959 1979 5048; x_wconf 86' lang='lat' dir='ltr'><strong>profecto</strong></span> <span class='ocrx_word' id='word_1_633' title='bbox 1995 4978 2096 5026; x_wconf 89' lang='lat' dir='ltr'><strong>eausa</strong></span> 
     </span>
     <span class='ocr_line' id='line_1_48' title="bbox 73 5051 1059 5152; baseline -0.001 -23"><span class='ocrx_word' id='word_1_634' title='bbox 73 5075 233 5147; x_wconf 77' lang='lat' dir='ltr'><strong>gnmeuto</strong></span> <span class='ocrx_word' id='word_1_635' title='bbox 249 5058 389 5152; x_wconf 87' lang='lat' dir='ltr'><strong>aliquid</strong></span> <span class='ocrx_word' id='word_1_636' title='bbox 406 5051 523 5127; x_wconf 87' lang='lat' dir='ltr'><strong>adhuc</strong></span> <span class='ocrx_word' id='word_1_637' title='bbox 539 5069 695 5140; x_wconf 87' lang='lat' dir='ltr'><strong>constat,</strong></span> <span class='ocrx_word' id='word_1_638' title='bbox 719 5071 779 5127; x_wconf 93' lang='lat' dir='ltr'><strong>aut</strong></span> <span class='ocrx_word' id='word_1_639' title='bbox 798 5080 884 5149; x_wconf 89' lang='lat' dir='ltr'><strong>quas</strong></span> <span class='ocrx_word' id='word_1_640' title='bbox 897 5058 935 5125; x_wconf 90' lang='lat' dir='ltr'><strong>in</strong></span> <span class='ocrx_word' id='word_1_641' title='bbox 957 5059 1059 5129; x_wconf 87' lang='lat' dir='ltr'><strong>libris</strong></span> 
     </span>
     <span class='ocr_line' id='line_1_49' title="bbox 74 5152 1059 5249; baseline 0.002 -22"><span class='ocrx_word' id='word_1_642' title='bbox 74 5164 125 5233; x_wconf 71' lang='lat' dir='ltr'><strong>rel</strong></span> <span class='ocrx_word' id='word_1_643' title='bbox 153 5163 257 5233; x_wconf 89' lang='lat' dir='ltr'><strong>editis</strong></span> <span class='ocrx_word' id='word_1_644' title='bbox 282 5160 341 5229; x_wconf 81' lang='lat' dir='ltr'><strong>vel</strong></span> <span class='ocrx_word' id='word_1_645' title='bbox 368 5158 616 5249; x_wconf 72' lang='lat' dir='ltr'><strong>menineriptis</strong></span> <span class='ocrx_word' id='word_1_646' title='bbox 646 5152 762 5228; x_wconf 85' lang='lat' dir='ltr'><strong>adhuc</strong></span> <span class='ocrx_word' id='word_1_647' title='bbox 800 5173 952 5228; x_wconf 86' lang='lat' dir='ltr'><strong>servatas</strong></span> <span class='ocrx_word' id='word_1_648' title='bbox 987 5182 1059 5229; x_wconf 90' lang='lat' dir='ltr'><strong>esse</strong></span> 
     </span>
    </p>
   </div>
   <div class='ocr_carea' id='block_1_3' title="bbox 75 5251 2095 5407">
    <p class='ocr_par' dir='ltr' id='par_1_3' title="bbox 75 5251 2095 5397">
     <span class='ocr_line' id='line_1_50' title="bbox 75 5251 2095 5336; baseline 0.005 -39"><span class='ocrx_word' id='word_1_649' title='bbox 75 5290 90 5333; x_wconf 60' lang='lat' dir='ltr'>t</span> <span class='ocrx_word' id='word_1_650' title='bbox 178 5265 214 5334; x_wconf 58' lang='lat' dir='ltr'><strong>vi</strong></span> <span class='ocrx_word' id='word_1_651' title='bbox 384 5284 465 5331; x_wconf 62' lang='lat' dir='ltr'><strong>uam</strong></span> <span class='ocrx_word' id='word_1_652' title='bbox 487 5284 546 5330; x_wconf 63' lang='lat' dir='ltr'><strong>eae</strong></span> <span class='ocrx_word' id='word_1_653' title='bbox 561 5283 656 5330; x_wconf 67' lang='lat' dir='ltr'>nunc</span> <span class='ocrx_word' id='word_1_654' title='bbox 673 5261 729 5328; x_wconf 67' lang='lat' dir='ltr'><strong>vel</strong></span> <span class='ocrx_word' id='word_1_655' title='bbox 744 5256 868 5336; x_wconf 67' lang='lat' dir='ltr'>haberi</span> <span class='ocrx_word' id='word_1_656' title='bbox 885 5263 941 5333; x_wconf 63' lang='lat' dir='ltr'><strong>vel</strong></span> <span class='ocrx_word' id='word_1_657' title='bbox 959 5263 1058 5332; x_wconf 69' lang='lat' dir='ltr'>inve</span> <span class='ocrx_word' id='word_1_658' title='bbox 1141 5255 1248 5327; x_wconf 66' lang='lat' dir='ltr'><strong>*)lpse</strong></span> <span class='ocrx_word' id='word_1_659' title='bbox 1265 5274 1372 5311; x_wconf 68' lang='lat' dir='ltr'><strong>crurum</strong></span> <span class='ocrx_word' id='word_1_660' title='bbox 1386 5254 1496 5311; x_wconf 78' lang='lat' dir='ltr'><strong>adfert</strong></span> <span class='ocrx_word' id='word_1_661' title='bbox 1489 5273 1517 5309; x_wconf 91' lang='lat' dir='ltr'><strong>m</strong></span> <span class='ocrx_word' id='word_1_662' title='bbox 1533 5272 1575 5326; x_wconf 85' lang='lat' dir='ltr'><strong>ep</strong></span> <span class='ocrx_word' id='word_1_663' title='bbox 1568 5257 1610 5310; x_wconf 83' lang='lat' dir='ltr'><strong>at</strong></span> <span class='ocrx_word' id='word_1_664' title='bbox 1626 5254 1658 5307; x_wconf 79' lang='lat' dir='ltr'><strong>ad</strong></span> <span class='ocrx_word' id='word_1_665' title='bbox 1674 5252 1764 5307; x_wconf 87' lang='lat' dir='ltr'><strong>Vituur</strong></span> <span class='ocrx_word' id='word_1_666' title='bbox 1780 5251 1997 5307; x_wconf 82' lang='lat' dir='ltr'><strong>Theodorumd.</strong></span> <span class='ocrx_word' id='word_1_667' title='bbox 2010 5252 2037 5309; x_wconf 88' lang='lat' dir='ltr'><strong>d.</strong></span> <span class='ocrx_word' id='word_1_668' title='bbox 2050 5252 2095 5307; x_wconf 74' lang='grc'><strong>80.</strong></span> 
     </span>
     <span class='ocr_line' id='line_1_51' title="bbox 91 5286 2095 5407; baseline 0.005 -41"><span class='ocrx_word' id='word_1_669' title='bbox 91 5288 179 5355; x_wconf 63' lang='lat'><strong>⁰⁸⁰⁰</strong></span> <span class='ocrx_word' id='word_1_670' title='bbox 222 5286 381 5357; x_wconf 77' lang='lat' dir='ltr'><strong>,anth</strong></span> <span class='ocrx_word' id='word_1_671' title='bbox 467 5336 470 5342; x_wconf 92' lang='lat'>·</span> <span class='ocrx_word' id='word_1_672' title='bbox 1176 5323 1430 5407; x_wconf 32' lang='lat' dir='ltr'><strong>Ape-1545nbancr</strong></span> <span class='ocrx_word' id='word_1_673' title='bbox 1455 5325 1570 5390; x_wconf 77' lang='lat' dir='ltr'><strong>„minus</strong></span> <span class='ocrx_word' id='word_1_674' title='bbox 1592 5322 1860 5395; x_wconf 83' lang='lat' dir='ltr'><strong>eninliutcrpellor,</strong></span> <span class='ocrx_word' id='word_1_675' title='bbox 1878 5321 2095 5377; x_wconf 80' lang='lat' dir='ltr'><strong>cumdomoab</strong></span> 
     </span>
    </p>
   </div>
   <div class='ocr_carea' id='block_1_4' title="bbox 76 5364 1684 5465">
    <p class='ocr_par' dir='ltr' id='par_1_4' title="bbox 76 5364 1684 5465">
     <span class='ocr_line' id='line_1_52' title="bbox 76 5364 1684 5465; baseline 0.008 -28"><span class='ocrx_word' id='word_1_676' title='bbox 76 5368 140 5439; x_wconf 74' lang='lat' dir='ltr'><strong>niti</strong></span> <span class='ocrx_word' id='word_1_677' title='bbox 156 5392 231 5440; x_wconf 78' lang='lat' dir='ltr'><strong>nott</strong></span> <span class='ocrx_word' id='word_1_678' title='bbox 248 5376 457 5459; x_wconf 58' lang='lat' dir='ltr'><strong>potuerunt.</strong></span> <span class='ocrx_word' id='word_1_679' title='bbox 1176 5414 1236 5450; x_wconf 86' lang='lat' dir='ltr'><strong>sum</strong></span> <span class='ocrx_word' id='word_1_680' title='bbox 1253 5405 1279 5448; x_wconf 89' lang='lat' dir='ltr'><strong>et</strong></span> <span class='ocrx_word' id='word_1_681' title='bbox 1293 5394 1336 5449; x_wconf 86' lang='lat' dir='ltr'><strong>ani</strong></span> <span class='ocrx_word' id='word_1_682' title='bbox 1340 5413 1386 5448; x_wconf 88' lang='lat' dir='ltr'><strong>ruo</strong></span> <span class='ocrx_word' id='word_1_683' title='bbox 1399 5364 1463 5448; x_wconf 79' lang='lat' dir='ltr'><strong>suni</strong></span> <span class='ocrx_word' id='word_1_684' title='bbox 1474 5392 1560 5465; x_wconf 84' lang='lat' dir='ltr'><strong>magis</strong></span> <span class='ocrx_word' id='word_1_685' title='bbox 1571 5399 1684 5451; x_wconf 72' lang='grc' dir='ltr'><strong>ιιιιιο.υ</strong></span> 
     </span>
    </p>
   </div>
   <div class='ocr_carea' id='block_1_5' title="bbox 1259 5463 1350 5556">
    <p class='ocr_par' dir='ltr' id='par_1_5' title="bbox 1259 5463 1350 5556">
     <span class='ocr_line' id='line_1_53' title="bbox 1259 5463 1350 5556; baseline -0.011 0"><span class='ocrx_word' id='word_1_686' title='bbox 1259 5465 1305 5556; x_wconf 78' lang='grc' dir='ltr'><strong>(ἰ)</strong></span> <span class='ocrx_word' id='word_1_687' title='bbox 1330 5463 1350 5503; x_wconf 73' lang='lat'><strong>¹*</strong></span> 
     </span>
    </p>
   </div>
   <div class='ocr_carea' id='block_1_6' title="bbox 0 0 2275 5780">
    <p class='ocr_par' dir='ltr' id='par_1_6' title="bbox 0 0 2275 5780">
     <span class='ocr_line' id='line_1_54' title="bbox 0 0 2275 5780; baseline 0 0"><span class='ocrx_word' id='word_1_688' title='bbox 0 0 2275 5780; x_wconf 95' lang='lat' dir='ltr'><strong> </strong></span> 
     </span>
    </p>
   </div>
  </div>
 </body>
</html>
