4500 5782
40 246 115 327 sac
591 206 596 211 ’
638 237 1076 315 urtsroeanuu
1118 240 1224 318 me.
1253 239 1300 319 ιι.
1363 239 1490 318 1521.
2007 248 2081 319 see

42 410 213 508 losophos
243 415 318 497 isto,
337 413 518 484 doctrinae
545 433 672 502 genere
697 413 838 483 fecistis.
903 411 974 484 Sed
997 425 1037 482 ut
1089 413 1128 481 in
1150 408 1279 482 scholis
1301 415 1440 484 decreto
1463 414 1611 506 professi
1626 414 1725 500 estis,
1752 415 1823 485 nisi
1838 410 1997 487 haereses
2011 442 2078 489 vo-

43 540 185 614 caussae
201 540 287 586 suae
306 516 410 584 frdem
426 515 548 598 faciat,
575 529 780 607 personatos
801 511 1036 585 scholicorum
1088 539 1167 585 care
1190 539 1265 584 non
1287 515 1384 602 licet,
1425 539 1514 609 quae
1541 530 1662 585 contra
1681 512 1915 607 Evangelium
1936 521 2087 611 prodite

45 644 193 691 suorum
222 640 347 687 manes
373 618 412 685 in
441 617 559 684 forum
583 617 767 706 producit,
810 618 872 709 qui
903 641 939 683 se
971 616 1038 706 ipsi
1090 630 1191 701 sunt,
1216 631 1249 686 et
1272 642 1352 687 cum
1372 642 1437 708 pro
1462 613 1656 705 Evangelio
1678 619 1844 688 reluctari
1862 617 2076 692 Pontificum

44 734 224 795 tueantur.
286 718 478 798 Ancillari,
505 719 692 810 inquiunt,
718 718 894 806 coegimus
917 712 1039 785 Theo·
1090 731 1124 786 ct
1136 716 1344 809 Principum
1369 719 1550 812 tyrannidi
1572 718 1796 803 debuissetis,
1821 717 2077 792 contraEvan-

44 823 160 913 fogiae
195 816 471 912 philosophiam.
531 816 644 887 Immo
675 843 759 888 vero
792 814 1038 910 philosophiae
1090 821 1221 908 gelium
1243 846 1262 887 a
1286 820 1474 914 tyrannide
1498 819 1649 892 stetistis.
1702 817 1759 890 lbi
1780 845 1860 890 cum
1879 823 1990 892 libere
2013 826 2078 895 de-

47 921 304 1012 Theologiam,
340 946 421 991 curu
450 915 737 1012 philosophando
767 920 1039 991 obliteraveritis
1090 921 1240 1010 grassari
1261 920 1299 988 in
1320 923 1484 1012 pietatem
1512 922 1671 1014 tyrannis
1690 922 1849 1007 licuerit,
1875 924 2078 1018 quicunque

47 1022 297 1115 Evangelium.
359 1021 585 1106 Humanum,
613 1022 798 1115 inquiunt,
822 1022 1039 1091 intellectum
1090 1024 1233 1091 tandem
1248 1023 1356 1106 fuere,
1373 1044 1524 1115 quorum
1544 1024 1672 1091 scelere
1686 1025 1817 1093 factum
1832 1037 1892 1109 est,
1908 1039 1948 1095 ut
1964 1027 2079 1115 prisca

49 1129 230 1221 captivum
249 1127 363 1195 facere
380 1125 495 1195 conati
512 1146 632 1192 sumus
651 1125 689 1191 in
711 1125 919 1217 obsequium
933 1119 1040 1192 Chri-
1090 1121 1267 1192 Ecclesiae
1287 1137 1414 1193 statuta
1432 1126 1592 1216 legesque
1610 1125 1780 1214 paulatim
1796 1125 1966 1213 extinctae
1983 1128 2080 1199 sint?

50 1231 104 1304 sti.
171 1226 273 1316 Quid
306 1226 436 1296 audio?
475 1241 630 1295 mentem
655 1220 819 1295 Christus
847 1218 1041 1315 occupavit,
1091 1222 1165 1294 Vos
1193 1227 1390 1295 socordiam
1411 1238 1565 1293 vestram
1597 1225 1692 1317 pacis
1720 1227 1876 1295 studium
1906 1229 2078 1321 interpre-

50 1355 140 1427 qnae
162 1354 240 1398 non
262 1330 408 1419 probat,
447 1327 517 1395 nisi
537 1329 633 1419 quod
656 1327 861 1419 adsequitur
885 1320 1040 1395 humana
1091 1327 1229 1400 tamini.
1288 1322 1348 1395 Αιι
1371 1326 1527 1408 nescitis,
1559 1351 1633 1403 non
1653 1350 1772 1417 pacem
1795 1328 1833 1395 in
1854 1342 1983 1410 terras,
2016 1334 2077 1401 sed

50 1432 166 1505 ratio?
218 1428 295 1499 lam
316 1431 365 1498 ita
389 1429 572 1521 quaesistis
596 1428 633 1497 in
658 1429 834 1520 plerisque
857 1429 1041 1511 rationem,
1093 1428 1249 1516 gladium
1269 1430 1415 1497 missum
1436 1427 1534 1496 esse?
1590 1426 1661 1497 Sed
1684 1429 1728 1497 de
1750 1424 1816 1497 hoc
1838 1431 1933 1521 pacis
1953 1455 2081 1521 genere

52 1550 90 1609 ut
111 1533 241 1604 cedere
271 1536 467 1622 oportuerit
497 1525 741 1620 philosophiae
764 1524 965 1613 Christum,
1004 1527 1042 1595 id
1093 1531 1198 1620 paulo
1214 1543 1294 1621 post
1310 1531 1410 1621 plura
1427 1529 1600 1612 dicemus,
1623 1531 1910 1622 quandoquidem
1928 1546 1962 1600 et
1978 1535 2079 1604 nullo

54 1636 149 1733 quod
171 1657 279 1725 supra
300 1632 566 1702 declaravimus.
617 1629 759 1700 Scilicet
781 1631 971 1699 obnoxiam
991 1629 1043 1696 fe-
1094 1631 1296 1699 discrimine
1317 1654 1436 1720 pacem
1460 1644 1589 1698 temere
1611 1630 1732 1701 iactari
1753 1656 1772 1699 a
1795 1633 1896 1701 vobis
1919 1634 2079 1725 intelligo

54 1738 147 1815 cistis
175 1735 353 1805 rationem
382 1730 596 1820 Evangelio,
631 1733 741 1800 delire
765 1726 904 1801 Thoma
940 1744 974 1800 et
1004 1742 1043 1798 tu
1095 1737 1128 1801 et
1148 1733 1240 1801 male
1261 1732 1384 1801 audire
1405 1722 1567 1798 Lufheri
1590 1732 1806 1817 doctrinam,
1832 1736 1928 1826 quod
1949 1739 2082 1807 mutari

55 1838 251 1913 somnmtor
269 1835 390 1920 Scote,
414 1858 495 1903 cum
515 1834 701 1919 docuistis,
727 1833 813 1902 citra
832 1833 946 1902 divini
971 1830 1044 1923 spi·
1094 1834 1197 1918 velit,
1229 1857 1318 1926 quae
1342 1833 1428 1901 citra
1455 1832 1648 1900 tumultum
1667 1834 1814 1903 fortasse
1838 1837 1991 1905 convelli
2016 1861 2080 1907 ne-

53 1942 142 2013 ritus
168 1938 345 2008 auxilium
383 1959 484 2026 posse
515 1936 651 2024 singula
678 1935 795 2003 letalia
826 1949 964 2026 peccata
989 1931 1044 2000 ri·
1096 1949 1236 2028 queant.
1301 1931 1460 2003 Rursum
1483 1933 1667 2025 inquiunt,
1700 1936 1795 2004 testis
1817 1936 1997 2007 doctrinae
2015 1963 2081 2009 uo-

56 2042 132 2117 tari.
171 2032 358 2129 Agnoscis,
373 2033 525 2121 Thoma,
540 2037 709 2128 placitum
723 2036 848 2105 tuum?
879 2034 939 2105 Sic
950 2034 1044 2103 enim
1096 2052 1187 2107 strae
1201 2035 1391 2104 multitudo
1408 2049 1468 2106 est.
1519 2031 1637 2103 Huius
1652 2035 1681 2101 si
1701 2049 1739 2104 ιιι
1761 2036 1966 2126 suffragium
1982 2063 2082 2110 caus-

56 2146 119 2217 sis:
155 2135 366 2237 Antequam
386 2136 499 2223 ratio,
525 2136 564 2206 in
580 2160 654 2233 qua
676 2145 727 2206 esf
747 2145 930 2232 peccalum
948 2157 1045 2204 mor·-
1096 2137 1238 2220 sarcris,
1263 2132 1379 2220 hirec,
1406 2136 1485 2228 quis
1502 2144 1576 2203 bon
1593 2136 1747 2206 rideret?
1778 2160 1875 2206 nunc
1895 2164 1975 2208 cum
1996 2137 2082 2212 haec

58 2242 147 2331 fale,
175 2250 365 2338 reparetur
374 2238 614 2336 pergratiam
632 2233 905 2329 iustc'stcantcm,
929 2244 1045 2334 potest
1097 2242 1141 2308 ab
1160 2239 1245 2329 ipsis
1270 2237 1473 2306 auctoribus
1493 2237 1678 2321 dicuntur,
1703 2238 1866 2326 cogitate,
1894 2241 2083 2334 principes,

58 2341 211 2443 singula
228 2351 376 2440 peccatu
396 2338 571 2410 mortalia
593 2336 717 2413 vitaris.
769 2338 926 2410 Hoccine
942 2353 992 2409 est
1008 2337 1046 2405 in
1098 2354 1269 2434 quantum
1293 2339 1426 2421 cordis,
1458 2352 1631 2430 quantum
1652 2339 1777 2408 iudicii
1799 2340 1845 2410 sit
1870 2340 1929 2426 iis,
1962 2343 2085 2435 quiin

60 2445 192 2521 Christi
205 2446 417 2539 obsequium
431 2443 565 2511 vincire
585 2443 802 2511 intellectum
826 2437 1047 2510 humanum?
1097 2467 1136 2512 re
1159 2465 1254 2510 sacra
1276 2440 1517 2510 multitudinis
1539 2440 1781 2509 testimonium
1807 2442 1925 2512 valere
1947 2445 2085 2520 volunt.

60 2547 206 2623 Diversa
221 2545 451 2617 enimdocuit
467 2545 545 2628 ille,
571 2556 612 2613 ut
632 2545 726 2633 apud
743 2538 940 2630 Iohannem
960 2540 1048 2610 scri·
1098 2543 1153 2612 vel
1193 2555 1327 2612 vetusta
1369 2540 1542 2611 sententia
1575 2538 1703 2610 Graeci
1737 2542 1918 2612 cuiusdam
1953 2546 2086 2633 doceat,

61 2667 154 2747 ptum
176 2662 248 2732 est,
273 2672 355 2735 cum
369 2648 432 2715 ait:
449 2641 547 2739 §ine
563 2668 617 2713 nce
635 2637 737 2713 m'til
748 2642 899 2741 potestis
908 2641 1048 2741 facere.
1099 2669 1205 2739 quam
1233 2644 1277 2712 sit
1308 2643 1406 2711 nulla
1437 2638 1544 2711 huius
1570 2643 1763 2712 testimonii
1792 2645 1898 2730 fides,
1935 2648 1997 2738 qui
2020 2649 2085 2718 ait:

65 2752 160 2843 Quae
181 2764 236 2821 est
256 2748 365 2838 igitur
380 2748 517 2816 insania
532 2750 675 2830 docere,
702 2750 798 2838 quod
813 2747 899 2816 citra
914 2742 1049 2815 Christi
1099 2738 1268 2824 πλειόνας
1289 2737 1427 2823 κακοὺς
1448 2739 1553 2815 εἶναι.
1606 2741 1786 2814 Mentisne
1802 2769 1905 2815 sanae
1922 2762 2087 2838 putemus

53 2854 223 2949 'spiritum
236 2851 342 2919 vitari
360 2863 537 2940 peccatum
552 2847 685 2939 possit?
711 2847 884 2931 Tovem,
908 2842 1050 2916 Occha-
1080 2872 1187 2933 ,esse,
1210 2847 1276 2940 qui
1290 2843 1404 2914 vestro
1423 2845 1580 2936 exemplo
1598 2845 1647 2913 sic
1664 2861 1943 2935 argumentetur,
1968 2850 2087 2941 plures

67 2978 137 3043 me,
172 2952 324 3024 deliciae
355 2951 534 3043 quondam
556 2965 713 3034 nostrae,
751 2949 839 3042 quid
864 2948 1050 3031 sentiebas,
1101 2975 1173 3020 esse
1193 2949 1329 3039 impios¹
1342 2961 1376 3017 et
1397 2947 1598 3035 ignorantes
1619 2942 1769 3033 Christi,
1795 2973 1900 3041 quam
1914 2946 2087 3021 Christia-

68 3080 169 3153 quom
199 3055 414 3146 disputares,
459 3049 583 3121 Gratia
606 3075 695 3142 opus
719 3074 791 3118 esse
815 3051 860 3119 ad
883 3049 1050 3118 iustifica-
1101 3074 1184 3135 nos,
1230 3051 1472 3118 damnandum
1512 3047 1620 3136 igitur
1643 3044 1953 3119 Christianismum
1992 3052 2089 3121 esse?

69 3159 213 3240 tionem,
237 3178 354 3248 neque
375 3153 564 3237 rationem,
596 3177 710 3244 neque
733 3151 961 3241 scripturam,
986 3173 1051 3217 ne-
1103 3152 1265 3234 Utinam,
1293 3149 1486 3240 principes,
1518 3162 1591 3217 tam
1606 3149 1711 3217 stulte
1726 3150 1847 3220 omnia
1862 3152 1906 3219 ab
1930 3152 2006 3222 istis
2022 3155 2089 3223 do-

70 3284 129 3355 que
141 3255 396 3351 experientiam
412 3255 542 3327 testari.
575 3234 758 3342 Agnoscii,
774 3253 912 3342 opinor,
924 3251 1051 3339 dogma
1102 3253 1173 3324 ceri
1189 3250 1355 3335 credatis,
1380 3274 1486 3342 quam
1508 3243 1594 3318 haec
1615 3250 1686 3318 dici
1706 3251 1844 3325 videtis.
1896 3250 1968 3323 Sed
1991 3256 2087 3327 etde

71 3374 172 3434 hrum.
193 3357 302 3441 Num,
318 3355 505 3446 principes,
522 3356 664 3423 difficile
682 3369 733 3424 est
751 3354 916 3437 iudicare,
933 3370 1048 3423 utram
1101 3351 1340 3423 multitudinis
1363 3350 1528 3439 suffragio
1550 3364 1681 3442 postea.
1744 3351 1877 3438 Testis,
1910 3355 2089 3448 inquiunt,

70 3464 132 3533 utri
153 3458 331 3551 captivam
350 3457 512 3541 fecerint,
539 3457 600 3549 qui
620 3457 658 3523 in
674 3452 1051 3545 bislocisvclprima-
1101 3451 1567 3526 RomanornmPontifrcum
1583 3454 1782 3526 auctoritas.
1824 3450 2091 3528 OAtticolide-

70 3553 517 3649 riisEvangeliiaChristo
533 3561 579 3627 ad
601 3552 861 3647 philosophiam
883 3558 1051 3627 defecere.
1102 3559 1226 3627 liorem
1254 3568 1393 3639 testem,
1432 3556 1610 3645 quomodo
1634 3555 1729 3623 enim
1748 3556 1948 3628 dissentiret
1970 3560 2015 3628 ab
2037 3560 2090 3645 iis,

72 3662 254 3755 Quomodo
285 3674 402 3729 autem
434 3673 573 3750 patrum
592 3656 917 3727 Ecclesiasticorum
943 3657 1052 3726 ratio-
1102 3682 1191 3751 quos
1208 3657 1415 3751 tyrannidos
1437 3679 1520 3724 suae
1538 3656 1696 3725 vindices
1712 3671 1784 3726 tam
1802 3672 1964 3729 strenuos
1979 3657 2090 3730 habe-

70 3790 143 3837 nern
163 3761 330 3834 habuisse
351 3761 465 3830 videri
480 3760 643 3849 potestis,
669 3761 730 3854 qui
753 3761 839 3828 adeo
859 3782 995 3828 novum
1018 3769 1053 3825 et
1102 3762 1173 3832 bat.
1224 3758 1293 3829 Sed
1313 3780 1442 3851 quaeso
1458 3771 1508 3841 te,
1531 3751 1727 3842 Occhame,
1748 3756 2095 3833 dePontiticumau·¹

10 3880 13 3957 j
71 3866 234 3939 dissimile
271 3864 416 3931 illorum
449 3857 666 3950 Theologiae
702 3885 812 3951 genus
848 3858 1052 3951 reperistis?
1103 3860 1262 3931 ctoritate
1285 3859 1324 3927 in
1345 3858 1493 3946 dialogis
1516 3858 1586 3926 tuis
1607 3859 1693 3950 quid
1717 3860 1849 3929 sentis?
1904 3857 1980 3932 Aut
2000 3888 2090 3954 quo·

10 3996 13 4007 ·
71 3964 160 4061 Quid
174 3966 275 4037 enim
291 3963 362 4032 illis
383 3986 462 4033 cum
477 3959 666 4032 Aristotele
686 3985 871 4031 commune
893 3983 1052 4053 unquam
1102 3963 1208 4031 modo
1233 3958 1458 4030 scholasticae
1476 3958 1662 4029 doctrinae
1681 3975 1872 4050 patronum
1897 3987 1992 4033 nunc
2013 3958 2129 4036 Ros
2180 3966 2184 3973 ’

70 4069 150 4143 luit?
200 4066 274 4139 Sed
297 4065 377 4158 quis
401 4089 474 4132 non
497 4065 628 4147 rideat,
662 4065 756 4156 quod
785 4064 908 4132 alitam
932 4084 1053 4153 pacem
1103 4087 1250 4131 manum
1264 4061 1470 4131 Pontificem
1487 4060 1672 4151 imploras,
1698 4061 1736 4133 iu
1758 4087 1863 4157 quem
1884 4077 1957 4133 tam
1980 4064 2089 4135 atroci

70 4166 280 4243 scholasticis
296 4166 408 4236 literis
421 4165 569 4253 fingitis,
595 4164 635 4232 in
653 4190 722 4257 qua
738 4179 789 4235 tot
808 4178 938 4248 sectae,
967 4174 1052 4254 quot
1104 4164 1233 4254 scripto
1269 4163 1451 4255 quondam
1487 4157 1625 4230 Bavaro
1671 4176 1731 4232 tuo
1770 4160 1984 4255 Imperatore
2026 4167 2090 4235 de-

70 4272 252 4365 scriptores
274 4281 367 4338 sunt.
418 4266 478 4336 Αιι
498 4290 582 4335 vero
604 4266 700 4357 pacis
722 4267 843 4336 literae
865 4267 958 4335 ullae
980 4286 1053 4332 esse
1104 4260 1293 4335 bacchatus
1315 4287 1361 4336 es.
1413 4260 1489 4331 lam
1511 4264 1607 4354 quod
1620 4258 1754 4332 Christi
1778 4265 2018 4337 testimonium
2037 4268 2091 4337 al·

70 4383 213 4466 possum
242 4381 383 4462 praeter
402 4364 651 4456 Evangelicas,
688 4391 774 4460 quas
800 4368 860 4436 ille
883 4365 1054 4457 prodidit,
1104 4370 1240 4456 legant,
1266 4366 1387 4448 doleo,
1411 4387 1542 4432 nomen
1561 4363 1635 4432 eius
1651 4364 1779 4456 impiae
1794 4366 1974 4437 doctrinae
1989 4393 2093 4461 prae-

10 4466 12 4531 ἶ
70 4476 359 4570 quiunuspacem
376 4469 455 4537 orbi
468 4462 713 4561 μνημόσυνον
726 4470 781 4538 sui
792 4467 949 4540 donavit.
976 4461 1055 4534 An·
1086 4469 1192 4553 texi,
1238 4467 1301 4560 qui
1331 4489 1430 4534 suam
1463 4489 1584 4534 vocem
1612 4490 1633 4534 a
1659 4467 1747 4552 suis,
1789 4490 1863 4543 non
1889 4464 2091 4541 Aristotelis

10 4612 31 4657 ·,
70 4599 136 4647 uon
149 4574 333 4655 videmus,
357 4565 604 4639 indcademiis
618 4570 840 4661 publicorum
855 4569 1052 4641 studiorum
1105 4570 1242 4640 somnia
1267 4566 1409 4657 agnosci
1433 4566 1557 4638 voluit.
1624 4564 1694 4637 Sed
1719 4570 1816 4661 quod
1834 4566 1969 4642 Christi
1994 4572 2091 4643 testi-
2139 4648 2152 4659 ,

10 4720 16 4761 ι,
71 4679 119 4749 rel
146 4676 246 4747 solos
278 4672 441 4741 omnium
469 4671 731 4740 dissensionum
765 4696 805 4740 ac
835 4670 1053 4741 tumultuum
1103 4671 1266 4741 monium
1294 4668 1370 4738 est?
1426 4666 1627 4751 Laborem,
1660 4669 1846 4762 inquiunt,
1872 4674 2027 4763 praemia
2050 4674 2089 4743 ln

10 4762 17 4885 l
72 4790 225 4850 ueteres
250 4797 325 4844 esse
344 4767 642 4861 Theologastros?
696 4771 788 4842 Nam
808 4773 872 4842 ubi
890 4768 1055 4859 Evange-
1105 4772 1224 4856 terris,
1261 4769 1474 4861 multiplices
1498 4763 1676 4838 honorum
1706 4772 1828 4851 titulos
1854 4773 2000 4863 largitus
2027 4788 2090 4857 est,

10 4890 14 4971 t
72 4877 151 4951 ium
168 4888 330 4960 nonest,
357 4896 429 4943 esse
445 4870 608 4945 Christus
623 4897 697 4943 non
712 4886 844 4964 potest,
869 4874 932 4942 ubi
947 4867 1055 4942 Chri·
1105 4873 1172 4942 Vel
1198 4869 1282 4941 hinc
1307 4884 1358 4941 est
1378 4871 1544 4954 olfacere,
1571 4870 1765 4962 principes,
1792 4898 1897 4966 quam
1919 4868 2010 4942 nihil
2033 4898 2089 4944 sa-

74 4994 136 5051 uus
155 4991 323 5056 nonest,
354 4975 406 5044 ibi
428 4975 512 5067 quid
534 4976 605 5044 nisi
627 4999 798 5059 errorem,
823 4974 1054 5044 ambitionem
1104 4975 1204 5067 piant
1227 4968 1436 5057 Christiani,
1481 4972 1544 5065 qui
1574 4971 1614 5040 in
1639 4968 1826 5063 Evangelii
1851 4975 2089 5066 disputatione

75 5078 298 5177 etquidquid
320 5091 370 5148 est
395 5077 563 5145 vitiorum
593 5077 757 5168 reperias.
827 5074 950 5168 Neque
970 5098 1053 5143 vero
1104 5073 1275 5159 honores,
1299 5073 1503 5163 gloriolam,
1528 5096 1612 5164 opes
1630 5089 1851 5159 caussantur,
1876 5099 2090 5170 quaequam

76 5180 325 5272 percensenda
345 5191 412 5263 est,
438 5180 534 5270 quod
552 5202 664 5247 annos
686 5178 756 5247 iam
778 5177 1054 5270 quadringentos
1104 5202 1178 5246 non
1191 5176 1389 5269 pertineant
1404 5176 1448 5243 ad
1469 5170 1779 5245 vereChristinam
1803 5189 1955 5245 mentem
1983 5178 2089 5250 inteb-

76 5285 182 5356 nullae
204 5282 377 5351 videntur
398 5274 558 5348 haereses
578 5281 703 5363 fuisse,
728 5278 828 5348 ncilla
849 5280 1053 5369 dogmatum
1104 5279 1229 5367 ligunt,
1250 5277 1312 5371 qui
1324 5300 1462 5347 crucem
1477 5271 1647 5345 aChristo
1657 5276 1726 5366 piis
1736 5278 1950 5367 propositam
1963 5281 2088 5355 sciunt.

10 5364 20 5447 l
77 5383 157 5457 bella
171 5386 212 5455 in
225 5378 395 5455 Ecclesia.
446 5377 539 5450 Nam
559 5394 594 5451 et
611 5376 771 5451 haereses
786 5380 854 5471 ipsi
872 5380 1053 5451 communi
1103 5376 1213 5464 Heus,
1227 5377 1349 5463 Paule,
1367 5376 1566 5449 doctrinam
1576 5390 1674 5446 tuam
1693 5373 1870 5451 eChristo
1890 5404 1965 5454 uon
1981 5383 2087 5453 fuisse

10 5462 34 5758 ι
105 5486 404 5555 heleemonis.
426 5483 555 5551 Vonl.
1221 5481 1268 5550 21
