4500 5782
52 228 127 334 ssa
644 216 1077 333 aersroaaaun
1127 254 1234 333 me.
1273 252 1320 326 11.
1375 254 1506 331 1521.
1912 262 1916 275 ·
2016 250 2092 324 aaa

53 456 143 529 quae
163 432 242 501 iure
267 453 333 501 sno
351 429 556 503 Romanum
576 425 792 523 Episcopum
815 431 952 522 spoliat.
1002 426 1051 501 Et
1102 429 1226 497 ultima
1249 428 1314 498 ista
1339 452 1466 513 coena,
1489 429 1558 498 sibi
1578 453 1618 498 ex
1631 424 1700 499 hoc
1715 430 1848 499 mundo
1863 427 2091 518 migrandum

53 559 100 603 ne
114 533 202 627 quid
216 534 379 602 cavillari
394 534 519 625 possis,
541 528 647 617 hirec,
669 558 747 603 ecce
767 528 835 616 hic,
856 530 1050 623 Principes,
1103 554 1190 613 esse,
1216 531 1295 622 quis
1316 531 1435 599 ordini
1451 527 1655 622 Apostolico
1679 533 1940 622 praeficeretur,
1965 552 2091 622 quem·
2115 566 2117 570 ·

55 638 167 729 ipsam
188 634 295 703 vobis
314 658 433 725 graece
456 636 623 726 scriptam
645 635 933 706 constitutionem
950 631 1050 703 exhi·
1101 656 1185 700 nam
1220 632 1288 699 sibi
1326 648 1523 722 surrogaret
1563 628 1749 701 hominum
1780 656 1879 701 more
1910 628 2089 713 Ecclesiae

53 738 132 811 beo.
182 724 390 808 RECITA:
417 730 463 808 rol
481 733 619 829 ἀρχαῖα
636 751 698 810 etc.
751 735 893 809 Atnon
913 738 1050 828 spoliat,
1100 733 1296 824 principem
1322 735 1360 801 in
1392 729 1457 803 boc
1488 737 1624 803 mundo
1655 731 1829 807 Christus.
1891 730 2015 825 ltaque
2040 732 2090 800 ait
2183 738 2186 743 ’

55 840 195 935 inquis,
221 841 282 907 sed
306 838 456 908 vicarios
474 853 644 927 surrogat.
704 838 774 907 Sed
795 841 972 932 quomodo
994 839 1050 905 vi-

55 942 168 1035 carios
183 939 223 1008 in
239 964 320 1029 eum
333 941 450 1011 locum
466 954 638 1030 surrogat,
664 941 728 1009 ubi
743 965 926 1033 nunqnam
944 941 1051 1033 quid-

55 1067 162 1137 quam
176 1042 280 1113 licuit
294 1040 469 1115 Rornanis
484 1040 679 1133 Episcopis,
732 1040 872 1110 Deinde
891 1066 965 1111 nen
987 1043 1049 1110 de-

55 1146 187 1215 bebant
213 1144 447 1213 occidentales
470 1145 710 1213 commendari
731 1142 915 1227 Romano,
940 1144 968 1211 si
993 1157 1049 1212 to-

55 1246 122 1333 tius
138 1246 241 1315 orbis
256 1241 424 1315 Ecclesiis
438 1270 458 1314 a
474 1242 616 1315 Christo
634 1246 827 1336 praefectus
846 1258 908 1316 est.
930 1322 934 1329 ,
950 1241 1048 1334 Ergo

56 1338 113 1420 aut
126 1346 287 1418 Nicaena
303 1338 470 1440 Synodus
491 1361 613 1417 contra
625 1344 861 1436 Evangelinm
882 1348 1049 1430 decrevit,

57 1464 113 1521 aut
141 1447 311 1520 Romano
337 1446 514 1541 Episcopo
544 1473 618 1518 non
648 1450 822 1518 debentur
848 1449 982 1540 primae
1010 1450 1047 1516 in

56 1548 210 1645 Republ.
226 1545 448 1621 Christiana.

154 1679 343 1753 Praeterea
366 1683 487 1751 eadem
508 1684 673 1775 synodus
694 1682 860 1751 omnibus
881 1677 1048 1751 Ecclesiis

57 1782 416 1878 Hierusolymitanam
438 1785 624 1874 praetulit,
647 1783 743 1877 quod
766 1784 851 1852 citra
879 1784 1048 1852 iniuriam

58 1884 242 1960 Romanae
270 1897 362 1953 certe
387 1885 463 1953 fieri
485 1909 559 1953 non
580 1898 712 1976 potest,
745 1885 776 1952 si
797 1886 858 1954 illa
884 1887 1048 1978 princeps

58 1989 215 2059 omnium
233 1999 285 2055 est
298 2011 337 2054 ac
358 1985 488 2075 regina.
539 1985 630 2056 Nam
661 1987 723 2079 qui
746 1986 822 2054 fieri
846 2001 977 2078 potest,
1008 2001 1049 2058 ut

58 2104 145 2161 recte
175 2086 501 2182 Hierosolymitana
531 2089 747 2179 praeferatur
775 2083 930 2157 humana
963 2114 1048 2157 con-

61 2192 256 2273 stitutione,
282 2189 312 2256 si
328 2211 434 2279 penes
451 2188 549 2259 Petri
567 2191 665 2257 sedes
677 2186 910 2278 Evangelicae
925 2180 1055 2287 literae)

59 2296 176 2365 volunt
192 2290 326 2385 primas
343 2313 425 2362 csse.
451 2289 543 2359 Ecce
557 2306 674 2359 autem
688 2291 790 2359 robis
804 2293 918 2381 ipsum
930 2289 1047 2385 Syrm-

61 2394 281 2466 diNicaenac
304 2394 494 2465 decretum.
556 2390 758 2462 RECITA:
789 2387 910 2485 ἐπειδὴ
933 2386 1045 2487 συνή-

61 2485 368 2593 θειαικεκρᾶτηκε.
422 2492 520 2581 Quid
539 2495 636 2562 enirn
656 2494 817 2585 acquina,
844 2520 949 2587 qnam
970 2520 1046 2563 eam

63 2596 221 2668 omnibus
240 2596 437 2687 praeferre,
466 2594 566 2664 cuius
592 2597 795 2665 liberalitati
816 2597 912 2665 orbis
935 2611 1047 2667 terra-

64 2724 132 2769 mm
149 2694 391 2786 Evangelinm
417 2698 532 2769 debet.
599 2695 682 2765 Non
711 2698 779 2766 sert
807 2700 1056 2788 arrogantiam,

64 2796 325 2872 Corinthiorum
339 2795 489 2882 Paulus,
516 2799 611 2892 quod
628 2824 701 2867 non
719 2799 764 2869 sit
782 2801 979 2891 profectum
1000 2802 1045 2870 ab

10 2924 13 2981 ι
66 2900 201 2994 ipsisin
224 2900 350 2971 orbem
372 2896 546 2969 terrarum
567 2897 815 2990 Evangelium.
871 2900 945 2971 Nos
966 2900 1045 2973 Ro-

66 3026 193 3073 manam
216 2999 396 3071 feremus?
446 2998 703 3097 Hierosolymis
728 3003 830 3072 istam
850 3004 1044 3092 ignobilem

10 3112 15 3205 l
68 3106 210 3193 gentium
225 3100 422 3173 Ecclesiam
433 3105 692 3193 praeferemus?
730 3102 888 3187 Habetis,
904 3105 1045 3195 sapien-

10 3208 13 3283 l
68 3204 176 3277 tirsimi
191 3204 385 3298 principes,
401 3204 472 3274 duo
491 3205 728 3274 sanctissimae
741 3203 878 3301 Synodi
895 3207 1043 3295 decreta,

68 3330 202 3400 quorum
230 3306 348 3374 visum
370 3317 421 3374 est
441 3330 504 3374 vos
527 3309 735 3390 admonere,
769 3332 843 3376 non
867 3309 964 3400 qnod
988 3302 1043 3376 his

69 3431 209 3480 caussam
232 3420 391 3476 nostram
421 3408 505 3476 satis
526 3409 768 3479 confirmatam
795 3433 868 3477 csse
894 3408 1043 3478 velimus

68 3522 114 3581 m
135 3531 360 3593 censeamus,
394 3510 521 3578 sedne
547 3535 618 3578 non
644 3505 832 3579 hominum
861 3510 1043 3603 opinionr·

68 3609 117 3680 bns
145 3606 515 3702 humana'quaedam
552 3636 831 3703 opponeremus,
880 3636 926 3681 ne
966 3637 1041 3682 non

67 3711 147 3782 thro
183 3710 325 3781 clarum
361 3709 582 3803 pelleremus.
649 3710 836 3782 Caeterum
874 3728 914 3784 ut
948 3710 1041 3783 nihil

67 3810 168 3885 tn‘bno
198 3808 389 3883 bominum
412 3812 579 3883 adversus
601 3838 666 3882 nos
686 3817 887 3899 sententiis,
928 3815 974 3885 ita
995 3812 1052 3884 li-¹

65 3912 172 3986 berum
190 3914 284 3984 facio
301 3911 455 3981 inimicis
472 3915 515 3983 de
531 3909 597 3999 his,
616 3941 705 4009 quae
718 3917 959 4006 produximus,
973 3911 1041 3986 ho-

64 4017 185 4087 ninem
207 4012 358 4085 decretis
378 4014 530 4101 sentire,
561 4017 737 4110 quidquid
758 4018 921 4102 libuerit,
950 4042 1039 4112 quae

63 4110 163 4188 tame'n
184 4132 321 4212 quanto
342 4114 458 4206 aptius
479 4116 634 4209 citarim,
660 4144 766 4213 quam
789 4143 852 4190 sua
872 4120 951 4204 isti,
976 4143 1039 4189 vos

17 4222 20 4227 '
62 4216 263 4292 iudicabitis.
419 4297 423 4305 ,

143 4346 196 4423 Et
208 4344 379 4421 hactenus
394 4351 670 4436 confutavimus,
697 4376 786 4445 qnae
801 4354 822 4421 d
828 4350 947 4422 ePetri
961 4353 1038 4443 pri-

57 4468 142 4525 uatn
155 4477 179 4523 a
192 4464 240 4537 te,
256 4446 365 4535 hirec,
384 4453 554 4541 producta
567 4467 661 4537 sunt,
682 4476 848 4543 germana
864 4455 1036 4524 sententia

55 4556 200 4627 duorum
229 4548 415 4641 Evangelii
456 4554 615 4623 locorum
649 4556 804 4645 exposita
839 4557 1024 4625 docuimus

52 4679 147 4750 quam
164 4648 261 4725 nihil
276 4655 322 4722 ad
337 4676 413 4721 rem
426 4653 569 4740 faciant,
586 4681 674 4748 quae
690 4658 786 4729 citas.
837 4654 1035 4728 Hominum

51 4750 107 4829 hac
128 4756 178 4829 de
206 4779 248 4825 re
272 4755 460 4846 opiniones
488 4757 683 4829 reiecimus.
741 4756 843 4827 Nunc
867 4772 1035 4848 superest,

47 4872 82 4931 nt
103 4870 230 4929 nostra
255 4856 502 4927 confirmemus
526 4882 566 4927 ac
588 4860 790 4929 muniamus
810 4856 1034 4949 Evangelicis

45 4958 274 5043 testimoniis,
297 4957 427 5051 quibus
450 4959 552 5043 solis,
577 4972 616 5030 ut
640 4984 705 5052 par
727 4975 795 5045 est,
818 4956 909 5030 hanc
933 4986 1033 5033 caus-

44 5083 111 5132 eam
126 5059 324 5134 tuebimur.

137 5192 243 5267 ldem
265 5193 433 5284 discipuli
456 5194 612 5280 domini,
651 5198 745 5291 quod
772 5222 867 5267 nunc
891 5223 1032 5292 quoque

42 5293 203 5369 homines
225 5295 359 5379 solent,
390 5295 633 5389 requirebant,
665 5324 738 5368 non
760 5301 868 5368 modo
890 5301 1032 5390 praedi-

43 5414 139 5472 nuce
154 5392 275 5470 adhuc
289 5389 452 5480 Christo,
475 5398 535 5465 sed
552 5422 633 5467 cum
655 5400 724 5468 iam
747 5400 971 5488 significasset
990 5402 1028 5468 in

1026 4610 1035 4640 ’
1085 4595 1181 4664 ferri.

1100 834 1228 904 Lucas:
1268 828 1391 904 Facta
1419 844 1468 904 est
1493 846 1614 905 aretem
1640 845 1670 903 et
1697 833 1882 906 contentio,
1902 833 1996 903 inter
2019 855 2088 913 eus,

1101 934 1185 1033 puis
1208 959 1328 1004 eorum
1354 932 1532 1006 videretur
1548 961 1621 1007 csse
1638 937 1768 1009 uanior.
1821 936 1961 1025 Quaeso
1983 948 2034 1016 te,
2059 932 2090 1002 si

1101 1038 1245 1108 Petrum
1265 1036 1468 1129 Principem
1494 1037 1673 1109 Ecclesiae
1694 1040 1875 1110 constituit
1897 1041 1995 1122 loco,
2027 1030 2089 1104 Tu

1102 1148 1132 1207 et
1155 1133 1306 1225 Petrus,
1344 1142 1431 1233 quid
1461 1137 1519 1211 hie
1541 1142 1839 1212 contendebatur?
1879 1137 2091 1231 ignorabant

1101 1241 1280 1332 Apostoli,
1305 1240 1451 1311 Petrum
1472 1245 1686 1334 praesectum
1708 1268 1780 1312 esse
1808 1257 1903 1327 tum,
1921 1250 1924 1258 '
1940 1264 2022 1310 cum
2044 1240 2089 1309 ab

1101 1344 1267 1412 omnibus
1300 1346 1467 1433 exegisset
1507 1347 1763 1414 consessionem
1799 1344 1882 1413 fidei
1915 1337 2089 1425 Christus,

1101 1470 1182 1514 cum
1201 1443 1327 1514 Petrus
1349 1449 1466 1536 palam
1494 1449 1605 1515 fassus
1631 1462 1735 1532 esset,
1767 1448 1853 1539 quid
1878 1449 1922 1516 de
1943 1442 2090 1512 domine

1100 1548 1254 1617 sentiret.
1307 1545 1366 1614 An
1391 1563 1466 1617 tum
1488 1550 1541 1616 illi
1556 1545 1719 1619 Christus
1740 1550 1939 1619 clanculum
1964 1547 2000 1613 in
2026 1568 2090 1613 au-

1099 1672 1174 1718 rem
1198 1650 1398 1736 ogganniit,
1423 1666 1747 1745 (praesequantur,
1773 1646 1811 1719 Τ
1811 1676 1833 1718 ιι
1856 1671 1891 1718 es
1907 1641 2036 1716 Petrus
2058 1654 2090 1713 et

1098 1772 1207 1845 reaper
1226 1741 1324 1817 herne
1344 1759 1486 1845 petram
1513 1767 1575 1825 etc.
1629 1751 1766 1839 Quodsi
1789 1748 1846 1820 bic
1869 1754 1912 1820 de
1933 1749 2091 1840 primatu

1100 1852 1281 1935 dubitant,
1315 1853 1419 1943 plane
1443 1854 1687 1946 consequitur,
1719 1855 1899 1945 superiore
1921 1852 1988 1922 isto
2010 1851 2089 1918 loco
2158 1897 2170 1911 .

1097 1952 1243 2024 Petrum
1263 1956 1424 2023 nondum
1443 1956 1654 2046 praesectum
1669 1956 1785 2025 fuisse.
1836 1954 1906 2024 Sed
1923 1952 2090 2022 ambitio·
2152 2021 2154 2026 .

1099 2079 1197 2138 sum,
1224 2056 1360 2148 inquis,
1387 2050 1453 2124 hoc
1476 2071 1651 2126 certamen
1672 2058 1763 2126 fnit?
1788 2058 1918 2126 scilicet
1936 2055 1974 2123 in
1988 2067 2111 2123 tanto.

1099 2156 1303 2225 discrimine
1344 2158 1487 2226 solliciti
1524 2160 1567 2226 de
1598 2159 1753 2243 domini,
1796 2161 1839 2226 dc
1873 2182 1935 2226 sua
1976 2157 2087 2227 salute

1099 2259 1341 2349 disceptabant
1369 2261 1413 2326 de
1443 2260 1638 2348 dignitate?
1701 2260 1801 2331 Seria
1825 2284 1881 2328 res
1909 2259 2089 2347 agebatur,

1099 2384 1226 2451 nempe
1253 2384 1358 2452 quem
1382 2362 1527 2429 domino
1547 2362 1712 2449 migranti
1741 2373 1966 2450 surrogarent
1988 2357 2089 2446 ptin-

1098 2463 1222 2553 cipem.
1275 2457 1389 2545 Audi,
1412 2465 1498 2553 quid
1522 2464 1743 2554 responderit
1756 2459 1934 2533 Christus:
1966 2454 2088 2552 Reges

1095 2560 1259 2656 gentium
1280 2556 1531 2643 dominantur,
1559 2563 1681 2662 etqui
1708 2573 1920 2662 potestatem
1950 2554 2088 2631 hubent

1097 2662 1283 2762 ecie‘pyerue
1300 2675 1482 2739 cocuntur.
1522 2666 1679 2738 Docebat
1694 2669 1790 2760 enim
1801 2664 1975 2749 Christus,
1995 2659 2088 2732 nihil

1097 2792 1160 2838 suo
1178 2791 1286 2857 regno
1307 2792 1389 2838 cum
1405 2763 1591 2837 hominnm
1614 2769 1773 2861 imperiis
1795 2790 1981 2838 commune
2004 2790 2087 2848 esse,

1097 2870 1240 2960 spiritns
1253 2893 1402 2958 regnum
1417 2894 1506 2955 esse,
1527 2895 1598 2938 non
1623 2873 1766 2955 mundi,
1793 2873 1889 2964 quod
1910 2871 2087 2939 conderet.

1095 2968 1252 3039 Proinde
1276 2996 1350 3039 non
1373 2973 1592 3064 requirerent
1614 2995 1867 3055 successorem,
1907 2994 1942 3038 se
1968 2971 2084 3060 ipsum

1095 3073 1257 3163 spiritum
1276 3086 1504 3161 regnaturum
1522 3087 1556 3141 et
1571 3074 1608 3139 in
1624 3069 1691 3142 hoc
1710 3099 1728 3143 e
1744 3075 1878 3142 mundo
1890 3073 1932 3141 ad
1950 3086 2085 3163 patrem

1093 3174 1285 3264 proficisci,
1318 3189 1357 3242 nt
1379 3175 1498 3241 omnia
1523 3175 1699 3265 impleret,
1732 3175 1851 3243 omnia
1874 3175 2086 3263 gubernaret

1095 3274 1221 3365 spiritu
1241 3297 1317 3347 suo.
1368 3272 1483 3343 Stulte
1506 3266 1740 3345 successorem
1762 3277 1829 3347 sibi
1850 3276 1990 3369 quaeri,
2021 3273 2086 3367 qni

1094 3401 1191 3444 nunc
1211 3376 1362 3444 maxime
1385 3391 1593 3464 regnaturus
1615 3378 1679 3462 sit,
1711 3380 1774 3448 ubi
1798 3403 1816 3448 e
1842 3379 1977 3447 mundo
1998 3399 2085 3469 pro-

1013 3511 1022 3527 ·
1093 3479 1203 3547 lectus
1220 3478 1338 3546 suerit.
1389 3475 1517 3557 Vides,
1543 3472 1656 3565 hirce,
1683 3505 1788 3574 qnam
1809 3476 1901 3549 nihil
1924 3478 2000 3549 sani
2027 3478 2095 3565 di·¹
2161 3523 2204 3571 ι,

1094 3593 1190 3664 cant,
1217 3579 1278 3671 qui
1299 3579 1397 3647 aliud
1420 3593 1540 3670 caput,
1566 3581 1676 3651 alium
1697 3583 1893 3675 principem
1905 3578 2084 3651 Ecclesiae

1093 3695 1231 3773 praeter
1251 3677 1433 3751 Christum
1453 3682 1651 3774 requirunt.
1702 3683 1770 3757 Sed
1799 3685 1875 3769 ille,
1908 3683 2015 3768 dicis,
2043 3682 2083 3750 in

1093 3785 1189 3852 coelo
1211 3796 1351 3872 regnat,
1377 3783 1471 3850 vices
1491 3778 1548 3850 hic
1571 3787 1645 3852 eins
1664 3785 1702 3853 in
1718 3786 1821 3856 terris
1840 3809 1945 3853 nemo
1961 3782 2085 3875 gerat?

1091 3884 1203 3954 Nemo
1220 3899 1322 3956 certe.
1360 3882 1452 3953 Nam
1467 3909 1546 3953 curn
1562 3885 1718 3976 spiritale
1729 3885 1771 3982 ³⁰)
1783 3881 1916 3956 Christi
1932 3907 2081 3975 regnum

1091 3987 1146 4070 sit,
1176 3987 1249 4075 ipse
1263 4010 1326 4076 per
1339 4010 1375 4052 se
1391 3999 1460 4054 tam
1479 3985 1515 4052 in
1531 4000 1635 4071 terra,
1658 4013 1764 4080 quam
1780 3990 1818 4057 in
1834 3988 1931 4058 coelo
1947 4001 2079 4077 regnat.

1090 4087 1188 4176 Quid
1223 4087 1332 4176 igitur
1357 4080 1538 4178 Apostoli,
1572 4088 1658 4180 quid
1684 4086 1872 4183 Episcopi,
1912 4089 2080 4173 ministri,

1089 4189 1293 4273 oeconomi,
1319 4189 1480 4257 doctores
1500 4185 1695 4275 Ecclesiae,
1720 4206 1818 4262 tanto
1840 4191 1995 4260 minores
2007 4184 2080 4259 Ee-

1089 4290 1209 4374 clesia,
1235 4303 1368 4384 quanto
1389 4290 1504 4357 maior
1524 4290 1637 4376 estis,
1671 4294 1734 4384 qui
1754 4293 1945 4378 accumbit,
1968 4290 2079 4361 mini·

1088 4406 1231 4463 strante.
1296 4389 1484 4460 Neminem
1511 4386 1569 4460 hic
1595 4394 1712 4479 audis,
1746 4391 1860 4478 hirce,
1893 4389 2077 4466 aChriste

1087 4494 1245 4583 praefici,
1269 4506 1302 4560 et
1315 4488 1508 4560 Ecclesiam
1533 4495 1721 4579 ministris,
1746 4492 1947 4591 Episcopis,
1973 4520 2078 4587 prae-
2106 4580 2109 4585 Ι

1231 4590 1334 4663 Certe
1348 4595 1636 4681 fundamentum,
1662 4611 1785 4689 caput,
1810 4600 1941 4690 primas
1952 4594 2078 4668 Eccle-

1086 4697 1157 4765 siae
1178 4720 1253 4764 non
1275 4708 1343 4779 est,
1376 4696 1438 4788 qui
1461 4695 1521 4767 illa
1545 4697 1662 4766 minor
1688 4715 1749 4773 est.
1814 4699 1910 4788 Quid
1935 4701 2076 4784 clarius,
2155 4694 2174 4793 ’ἱ

1086 4798 1171 4891 quid
1200 4797 1328 4866 certius
1350 4797 1420 4866 dici
1448 4821 1513 4889 pro
1538 4800 1642 4869 nobis
1671 4802 1803 4892 potuit,
1844 4827 1948 4896 quam
1977 4800 2075 4895 quod

1086 4895 1144 4968 hic
1171 4899 1235 4968 ista
1259 4894 1446 4967 hominum
1471 4902 1641 4971 vocabula
1676 4905 1808 4988 maior,
1835 4908 1955 4971 minor
1987 4901 2074 4971 reii-

1085 5005 1149 5085 cit,
1181 5003 1311 5069 docens
1333 5024 1481 5090 regnum
1505 5024 1609 5072 sunm
1634 5005 1817 5095 spirituale
1844 5028 1934 5088 esse,
1975 5003 2073 5099 quod

1084 5103 1157 5195 ipse
1181 5116 1340 5192 gesturus
1359 5103 1422 5187 sit,
1454 5096 1643 5198 Apostolos
1669 5130 1742 5175 esse
1764 5103 1941 5176 Ecclesiae
1964 5105 2073 5176 mini-

1132 5427 1177 5495 3⁰)
1194 5426 1329 5498 spiritale]
1355 5427 1424 5482 Met.
1438 5445 1520 5499 oppa
1539 5428 1684 5500 spirituale.
