4500 5782
176 238 272 321 exn
425 188 430 199 ’
741 240 745 250 ·
968 218 1478 331 rnaruouauoa„
2103 253 2216 311 mn

177 394 330 491 Lypsiae
340 389 451 468 1664.
466 393 501 465 4.
513 393 607 466 Non.
622 390 788 482 Augusti,
802 392 847 461 ad
860 381 1171 490 Christophorum
1222 392 1377 486 Collegit
1398 392 1559 466 Manlius
1584 389 1750 490 epistolas
1771 396 1867 486 422,
1898 405 2061 477 sednon
2093 432 2218 480 omnes

176 492 337 581 Ionam,
363 491 401 566 T
400 489 551 565 hamam
567 488 782 564 Matthiam
809 507 844 564 et
860 485 1173 589 Christophorum
1224 492 1470 571 Melanthonis
1484 512 1584 584 sunt,
1609 525 1721 594 quum
1736 502 1776 571 in
1794 503 1886 574 libro
1910 509 2015 578 tertio
2039 509 2219 583 addiderit

177 594 525 692 Meienburgerum‚
551 597 772 669 consiliarios
783 594 1010 689 Principum,
1030 594 1174 669 Electo-
1224 593 1321 669 haud
1344 585 1473 692 paucas
1502 600 1669 692 epistolas
1692 603 1949 697 discipulorum
1971 606 2219 683 Melanthonis

178 704 228 774 ris
243 700 466 784 Brundenb„
479 699 635 770 .·Ducum
652 697 845 786 Borussiae
864 711 899 768 et
917 695 1173 772 Marchionum
1224 701 1466 795 aliorumque,
1494 727 1585 796 quae
1606 704 1640 773 ei
1659 706 1705 775 ad
1721 703 1847 778 manus
1864 726 1985 797 erant,
2011 708 2105 783 nihil
2121 715 2219 805 cugi-

177 802 580 892 Brandcnlmrgensium
597 798 722 871 haecce
735 803 928 892 praefatur:
1223 817 1322 889 tans,
1347 827 1393 872 an
1409 805 1514 874 etiam
1535 829 1655 874 earum
1670 824 1918 897 argumentum
1939 813 1988 883 ita
2008 817 2053 885 sit
2073 841 2216 909 compa-

282 901 414 990 „Sciat
432 903 548 997 igitur
562 899 711 983 Lector,
739 924 806 972 nos
822 896 1002 999 quosdam
1015 899 1173 999 Epislo-
1223 924 1358 990 ratum,
1383 919 1424 976 ut
1443 906 1571 995 dignae
1585 908 1657 978 sint
1673 934 1764 1003 quae
1779 913 2003 1003 colligantur.
2052 912 2217 988 Omnino

229 1005 290 1076 lus
312 1031 337 1075 a
362 1002 515 1076 diuersis
537 1002 728 1089 manibus,
762 998 944 1074 interdum
965 1026 1105 1102 quoquc
1127 1027 1175 1074 esc
1224 1006 1320 1076 enim
1347 1008 1533 1077 latendum
1562 1023 1632 1095 cst,
1681 1009 1861 1083 Manlium
1891 1006 2072 1108 collegisse
2101 1044 2218 1114 neque

97 1196 103 1206 ,
228 1102 476 1204 autographis
499 1105 620 1178 subito
647 1104 805 1200 scriptus
826 1103 996 1175 mutilate
1009 1114 1049 1175 «et
1072 1129 1174 1175 men·
1223 1133 1306 1179 cum
1330 1109 1423 1179 iusto
1447 1110 1602 1196 delectu,
1628 1135 1744 1206 neque
1766 1139 1807 1183 ex
1828 1116 2088 1210 limpidissimis
2108 1122 2218 1191 tonti-

205 1206 314 1280 ¹dose
333 1209 529 1291 inuenisse,
553 1230 647 1308 quae
661 1216 808 1304 propter
824 1203 1047 1278 eruditasac
1066 1205 1174 1277 utiles
1224 1212 1304 1284 bus.
1352 1209 1515 1281 Primum
1532 1213 1629 1281 enim
1651 1216 1834 1306 epistolae,
1857 1245 2063 1314 quanquam
2082 1223 2124 1292 in
2146 1238 2218 1295 tres

188 1332 191 1337 ’
230 1310 441 1383 iunioribus
462 1306 764 1394 adhortationes,
792 1318 857 1378 aut
879 1307 984 1379 alias
1009 1307 1174 1404 insignes
1224 1325 1341 1404 partes
1358 1313 1564 1404 dispositae,
1587 1316 1661 1384 sere
1678 1318 1780 1387 nullo
1798 1320 1964 1407 leguntur
1978 1324 2122 1410 ordine,
2146 1325 2218 1395 nisi

229 1409 418 1485 doctrinas
441 1413 481 1484 in
505 1411 586 1484 illis
609 1403 908 1507 comprehensas,
935 1435 1009 1482 non
1024 1410 1175 1480 omnino
1225 1416 1322 1507 quod
1352 1438 1432 1499 eae,
1465 1439 1555 1509 quae
1582 1419 1626 1486 ad
1657 1416 1772 1509 Reges
1801 1434 1836 1491 et
1857 1421 2040 1517 Principes
2068 1427 2217 1520 scriptae

230 1511 636 1614 uhiicienduesuerunt.
685 1510 785 1582 Huic
803 1511 913 1601 etiam
930 1524 1056 1584 nostro
1073 1510 1175 1582 iudi·
1225 1531 1325 1600 sunt,
1350 1516 1464 1608 prima
1480 1518 1704 1590 loca-teuent,
1752 1518 1919 1595 Caeterac
1940 1528 1989 1596 ita
2009 1544 2219 1623 sequuntur,

231 1618 287 1688 cio
305 1613 587 1716 adstipulantur
606 1613 764 1712 plurimi
776 1609 923 1684 honesti
932 1624 963 1683 et
978 1613 1075 1687 ducti
1092 1613 1174 1695 uiri,
1224 1632 1265 1688 ut
1280 1618 1409 1688 editori
1424 1618 1463 1686 in
1479 1643 1606 1688 manus
1623 1620 1846 1711 inciderunt,
1872 1653 1981 1721 quare
1999 1655 2046 1699 ne
2061 1654 2121 1700 eae
2135 1631 2219 1725 qui-

231 1720 366 1819 quibus
388 1719 483 1789 idem
506 1715 710 1790 consultum
738 1712 896 1797 ridetur,
929 1741 973 1787 ne
995 1714 1173 1786 mutilata
1225 1723 1323 1804 dem,
1351 1744 1440 1812 quae
1457 1721 1572 1789 eidem
1587 1722 1775 1816 inscriptae
1789 1730 1891 1815 sunt,¹
1910 1727 2219 1820 utBuchholzero,

231 1819 288 1893 vel
300 1820 431 1892 uitiosa
447 1820 539 1900 loca,
555 1818 620 1890 uhi
628 1817 858 1912 ambiguitas
872 1818 996 1889 maius
1011 1815 1174 1890 taedium
1225 1821 1379 1890 invicem
1393 1821 1532 1891 iunctae
1547 1837 1642 1913 sunt.

259 1946 345 1993 uam
370 1921 566 1994 utilitatem
589 1920 760 2020 aliquam
779 1918 982 2015 legentibus
999 1918 1174 2020 adferret,
1326 1921 1439 1992 Porro
1477 1948 1523 1992 nc
1560 1926 1709 1994 verbum
1743 1928 1910 2020 cuiquam
1946 1935 2114 2023 epistolae
2153 1939 2219 2008 ad.

230 1950 292 2096 hic
309 2024 555 2097 insereremus.
599 2019 718 2122 quue
737 2022 777 2092 in
799 2021 929 2120 paucis
945 2048 969 2092 a
987 2021 1093 2093 nobis
1109 2021 1174 2093 ob·
1224 2024 1364 2116 scripsit
1394 2025 1440 2093 ad
1466 2026 1695 2095 illustrandas
1726 2052 1782 2097 res
1810 2031 2023 2122 singulares,
2065 2062 2218 2131 quarum

230 2137 414 2199 serratum
429 2153 512 2211 esse,
531 2124 605 2223 ipsi
619 2118 938 2294 aritographorum
950 2148 1175 2223 possessores
1225 2121 1439 2195 Melanthon
1457 2128 1588 2218 passim
1608 2128 1693 2198 lecit
1706 2132 1939 2219 mentionem,
1965 2162 2075 2229 quum
2097 2154 2217 2211 tamen

233 2230 476 2301 testabuntur.
527 2228 573 2300 Si
588 2227 655 2326 qui
675 2251 755 2296 vero
801 2250 844 2295 ac
863 2227 901 2295 in
914 2236 1039 2324 parte,
1065 2224 1176 2295 aliis·
1225 2253 1288 2312 eo,
1313 2252 1385 2321 quo
1409 2229 1520 2298 edidit
1544 2230 1677 2299 librum
1697 2245 1871 2324 ternpore,
1902 2237 2070 2309 facillime
2089 2266 2131 2310 ea
2151 2266 2218 2334 po·

233 2358 301 2431 epac
316 2330 565 2432 sequentibus,
587 2327 701 2424 plura
721 2324 891 2398 ridebunt
914 2338 945 2398 et
969 2326 1175 2422 intelligent
1225 2331 1359 2401 tuerint
1375 2332 1575 2423 quaerendo
1592 2332 1773 2422 cognosci,
1798 2360 1887 2428 quae
1902 2361 1969 2407 nos
1985 2343 2130 2435 quidem
2146 2343 2219 2414 dil-

167 2496 171 2507 ,
233 2459 347 2532 quam
366 2459 448 2505 nos:
472 2428 541 2505 hos
561 2440 730 2501 anianter
753 2441 902 2524 rogatos
920 2427 1107 2518 uolumus,
1131 2452 1175 2499 ne
1198 2470 1202 2519 ᾳ
1224 2432 1381 2500 ficillimc
1407 2434 1675 2521 investigamus,
1702 2437 1885 2506 ueletiam
1907 2463 2052 2530 prorsus
2073 2445 2218 2533 ignora.

235 2537 342 2607 nobis
358 2561 425 2609 suo
427 2529 820 2631 fidelissimoconsilio
832 2530 949 2603 deesse
959 2531 1080 2603 uelint.
1101 2525 1180 2601 Sed
1198 2526 1202 2548 ¹
1224 2557 1316 2607 mus.
1368 2532 1487 2604 Multo
1514 2536 1651 2620 minus,
1676 2539 1773 2629 quod
1799 2562 1910 2632 aeque
1931 2548 2116 2615 commode
2138 2547 2219 2616 fieri

236 2633 304 2710 hoc
318 2648 491 2737 tempore,
519 2631 757 2734 prohdolor,
784 2632 1043 2733 multoplures
1058 2658 1176 2732 reprc—
1224 2648 1364 2728 poterat
1379 2622 1720 2735 adeoque'debebat,
1741 2642 1914 2733 quaesivit
1934 2671 2005 2739 quo
2023 2672 2118 2718 anno
2141 2649 2219 2740 epi·

234 2735 423 2824 hensores,
450 2765 563 2840 quum
567 2734 703 2833 fideles
719 2734 906 2807 adiutores
921 2747 986 2807 aut
1002 2737 1177 2836 fautores
1225 2740 1353 2822 stolae,
1377 2740 1507 2831 quibus
1529 2763 1645 2815 annus
1659 2763 1733 2809 non
1750 2744 1946 2835 adscriptus
1963 2762 2031 2834 est;
2057 2763 2218 2821 exaratae

236 2868 315 2914 cum
328 2841 569 2940 publicorum,
594 2850 669 2910 tum
684 2839 912 2936 priuatorum
929 2836 1099 2911 laborum
1116 2837 1177 2907 in·
1225 2841 1376 2925 fuerint,
1401 2843 1621 2934 usqueadeo
1639 2842 1678 2911 in
1698 2867 1740 2913 eo
1759 2844 1972 2935 elaboravit,
1995 2864 2035 2920 ut
2056 2866 2219 2923 accurate

234 2944 352 3016 ueniri
364 2955 395 3016 et
412 2947 563 3016 existere
577 2940 793 3041 experimur,
808 2941 876 3041 qui
888 2939 1071 3011 meliorem
1081 2965 1175 3038 par·
1227 2956 1470 3033 cognosceret,
1510 2945 1556 3012 ad
1585 2967 1759 3036 quosnam
1783 2945 1998 3020 Melanthon
2028 2953 2220 3044 scripserit,

234 3057 305 3118 tem
333 3044 471 3146 semper
499 3046 633 3116 vincere
662 3039 825 3126 student,
861 3042 1005 3143 sibique
1029 3053 1173 3113 tantum
1225 3045 1298 3113 imo
1314 3045 1452 3135 saepius
1467 3069 1601 3115 nomen
1614 3070 1755 3131 eorum,
1779 3049 1909 3140 quibus
1928 3055 2117 3145 inscriptae
2139 3056 2220 3125 suc·

234 3145 404 3247 prodesse
422 3147 557 3219 colunt.
613 3142 761 3216 Deinde
777 3141 862 3216 huic
888 3144 1016 3216 libello
1037 3141 1174 3215 adieci·
1223 3161 1310 3217 runt
1334 3147 1488 3231 litterae,
1520 3147 1591 3215 dici
1614 3147 1672 3216 vix
1693 3163 1807 3240 potest
1827 3175 1897 3244 qua
1914 3155 1959 3223 de
1975 3179 2100 3240 causa,
2130 3180 2219 3228 con·

234 3276 316 3322 mus
331 3248 471 3321 multas
485 3246 660 3348 epistolas
672 3246 856 3318 clarorum
871 3258 902 3318 el
918 3243 1103 3318 doctorum
1122 3246 1176 3315 vi·
1226 3249 1306 3317 silio
1330 3249 1458 3333 tacuit,
1497 3249 1644 3321 nomina
1669 3252 1812 3344 propria
1840 3256 1970 3343 passim
2000 3258 2108 3327 etiam
2137 3282 2218 3328 cor-

239 3377 375 3437 rorum,
396 3350 462 3422 ubi
476 3360 570 3421 certa
585 3346 776 3422 eorundem
794 3349 946 3420 nomina
964 3349 1101 3420 curiose
1116 3348 1176 3417 in-
1225 3351 1334 3444 rupit.

239 3455 380 3555 quirere
402 3479 476 3524 aon
494 3451 608 3527 licuit.
648 3451 698 3522 Ar
719 3453 757 3522 si
773 3449 927 3553 puidam
943 3475 980 3521 se
996 3445 1178 3554 offerrent,
1329 3454 1437 3542 Quod
1451 3476 1538 3522 vero
1554 3452 1715 3524 omnium
1732 3456 2011 3544 maximumest,
2032 3456 2219 3529 neclidem

191 3630 197 3638 ‚
236 3556 303 3656 qui
316 3551 720 3653 haecaliapuesimilia
735 3580 760 3622 a
775 3553 880 3623 nobis
895 3553 989 3624 dono
1004 3552 1177 3622 animoel
1227 3568 1262 3624 et
1286 3556 1494 3645 religionem
1521 3555 1695 3648 praestitit
1717 3556 1757 3625 in
1780 3558 2021 3631 describendis
2048 3558 2220 3652 epistolis.

236 3656 362 3730 studio
377 3657 544 3741 collecta,
569 3665 601 3726 et
618 3655 667 3726 ab
682 3650 952 3726 honestissimis
967 3677 1012 3724 ac
1028 3653 1176 3752 optimis
1226 3655 1310 3727 Non
1333 3658 1449 3727 solum
1473 3657 1569 3727 enim
1591 3658 1703 3727 multa
1727 3673 1811 3729 sunt
1841 3660 2106 3753 praetermissa,
2145 3662 2219 3741 elia

120 3756 128 3769 '
239 3760 328 3831 viris
343 3770 480 3858 recepta
495 3757 753 3856 improbarent,
768 3782 811 3827 ac
825 3757 941 3828 uariis
953 3755 1098 3826 artibus
1108 3781 1176 3826 nos
1226 3760 1353 3828 misere
1370 3760 1576 3851 depravata,
1602 3760 1783 3829 sedetiam
1795 3763 1941 3832 nomina
1955 3762 2099 3855 propria
2113 3785 2219 3856 saepe

237 3870 639 3962 oppugnarepcrgerenl
651 3858 758 3959 (quia
768 3858 897 3931 nullus
906 3868 956 3930 est
967 3856 1177 3929 cauillatio-
1227 3886 1301 3931 non
1324 3862 1534 3953 perscripta,
1554 3864 1614 3931 sed
1630 3885 1754 3931 eorum
1769 3861 1847 3933 loco
1863 3878 1947 3934 nota
1960 3862 2005 3938 N.
2022 3861 2158 3957 posita,
2184 3880 2220 3936 et

237 3961 448 4059 numfinis)
460 3958 591 4033 horum
609 3960 775 4035 consiliis
789 3960 844 4057 (si
852 3987 918 4032 nos
927 3960 1034 4059 prius
1046 3956 1175 4031 docue-
1226 3964 1338 4034 multa
1360 3964 1465 4059 etiam
1487 3963 1563 4034 loca
1578 3963 1716 4032 mendis
1727 3960 1993 4058 typographicis
2009 3965 2219 4040 deformata

237 4069 331 4146 rint,
354 4063 450 4165 quid
460 4063 671 4135 correctione
686 4063 725 4135 in
739 4059 800 4134 his
815 4062 981 4134 materiis
999 4060 1176 4157 indigeat,
1225 4064 1334 4136 lllum
1370 4060 1587 4157 autographa
1624 4060 1869 4136 Melanthouis
1905 4091 2030 4158 parum
2067 4091 2219 4149 curasse,

236 4167 345 4268 idque
359 4192 434 4267 qiua
455 4168 598 4237 ratione
619 4162 906 4237 commodissime
921 4160 1175 4258 corrigendum
1226 4190 1460 4260 magnamque
1474 4181 1609 4258 partem
1625 4168 1856 4251 mendorum,
1881 4171 2012 4261 quihus
2026 4168 2121 4238 liber
2141 4169 2219 4240 eius

234 4271 304 4355 sit,
331 4295 374 4340 ne
396 4270 557 4365 ipsoram
579 4267 772 4339 consilium
788 4293 813 4337 a
830 4292 1015 4367 quoquam
1038 4277 1175 4337 euerta·
1225 4284 1342 4354 scatet,
1368 4293 1408 4338 ex
1424 4269 1573 4359 impuris
1587 4269 1757 4353 fontibus,
1779 4293 1820 4338 ex
1834 4271 1965 4362 quihus
1979 4265 2110 4354 hausit,
2133 4294 2215 4362 pro-

236 4386 297 4444 tur
311 4384 341 4443 et
358 4370 563 4461 reiiciatur)
584 4369 826 4469 obtemperare
843 4367 1078 4443 decrevimus:
1099 4393 1174 4437 non
1225 4372 1382 4454 fluxisse,
1406 4371 1516 4462 ipsius
1530 4371 1636 4439 verba
1652 4371 1691 4439 in
1705 4371 1940 4460 praefatione,
1965 4394 2028 4456 „se
2050 4372 2218 4463 epistolas

236 4475 347 4547 aliter
360 4499 472 4573 quma
483 4470 802 4543 utmilitestuham
813 4481 845 4542 et
860 4468 1016 4542 consilia
1032 4465 1175 4552 ducum,
1225 4473 1416 4545 adivcrsis
1441 4472 1625 4555 manibus,
1659 4465 1842 4540 interdum
1872 4496 2015 4568 quoque
2045 4498 2086 4543 ex
2115 4487 2216 4544 auto

237 4580 346 4649 iuxta
357 4600 451 4674 perae
464 4575 560 4646 acies
576 4577 933 4673 oppugnationesque
944 4573 1178 4645 instruuntur
1224 4572 1368 4667 graphis
1390 4571 1511 4644 subito
1537 4573 1683 4665 scriptas
1707 4569 1877 4644 mutilate
1906 4585 1938 4645 et
1964 4568 2136 4645 mendose
2161 4573 2218 4645 in·

234 4692 344 4778 utque
363 4674 593 4771 diriguntur,
617 4675 723 4775 sequi
740 4675 1023 4747 consueverunt.”
1225 4675 1397 4763 venisse,”
1421 4678 1506 4748 satis
1521 4679 1689 4769 produnt.

286 4779 377 4861 „De
405 4779 494 4849 meis
523 4788 644 4848 autem
673 4775 809 4848 stadiis
835 4777 873 4846 in
898 4772 966 4847 hoc
986 4770 1176 4874 Opusculu
1326 4776 1571 4851 Nihilominus
1587 4792 1706 4848 tamen
1721 4774 1863 4848 Manlio
1886 4778 2015 4868 gratias
2035 4780 2217 4853 debemus.

231 4879 425 4982 susceptis,
454 4876 556 4950 nihil
569 4875 683 4950 aliud
694 4877 807 4950 dicere
824 4878 923 4961 uolo,
947 4903 1060 4978 quum
1077 4875 1180 4978 quod
1225 4880 1309 4954 Non
1323 4882 1419 4955 enim
1433 4883 1547 4951 solum
1564 4880 1692 4952 multas
1707 4881 1871 4971 epistolas
1888 4882 1977 4975 (fere
1994 4878 2088 4973 200)
2113 4881 2218 4951 nohis

233 4981 331 5056 mihi
351 5012 375 5055 a
399 4981 527 5052 multis
547 4979 754 5079 praeclaris
777 4980 865 5051 ciris
883 4981 1175 5079 persuasumsit,
1225 4986 1396 5070 servavit,
1431 5008 1518 5079 quas
1543 4977 1721 5051 Peucerus
1747 4983 1787 5052 in
1814 5007 1876 5051 sua
1905 4982 2114 5052 collectione
2143 5007 2218 5053 non

234 5088 301 5186 uui
319 5082 662 5177 hactenusgustum
679 5077 814 5153 harum
833 5082 1073 5153 materiarum
1090 5108 1174 5180 per·
1226 5086 1380 5170 curavit,
1422 5110 1578 5178 quasque
1607 5109 1648 5153 ex
1677 5085 1753 5153 solo
1784 5078 1945 5151 dlanlio
1976 5085 2218 5172 cognovimus,

232 5198 411 5287 ceperunt,
431 5196 463 5257 et
473 5210 569 5256 nunc
581 5195 728 5284 propter
743 5184 939 5255 iuuentutis
950 5182 1175 5263 commodum
1226 5189 1288 5257 sed
1304 5190 1409 5257 etiam
1424 5181 1619 5257 Peucerum
1634 5185 1828 5277 permovit,
1851 5200 1891 5256 ut
1905 5185 2095 5255 consilium
2109 5187 2219 5255 eden-

216 5303 264 5360 .ct
282 5290 479 5363 utilitatem
498 5285 668 5381 eculgari
686 5296 927 5385 exoptarunt,
954 5311 1072 5359 meam
1093 5313 1176 5385 ope·
1210 5292 1354 5361 ¹(larum
1374 5289 1572 5361 litterarum
1587 5283 1832 5358 Melanthonis
1847 5310 1922 5356 non
1938 5288 2074 5358 diutius
2096 5288 2219 5358 differ-

229 5419 314 5468 ram
331 5419 404 5463 non
421 5389 602 5475 inutiliter
619 5386 838 5460 collocatum
855 5387 932 5463 irt'·
1198 5472 1204 5489 ,
1227 5404 1292 5465 ret.
1342 5390 1558 5489 Prodieruirt
1572 5392 1668 5462 enim
1686 5391 1811 5460 eodem
1828 5413 1939 5460 anno:
