4500 5782
46 223 258 321 ‘Md‘-
693 204 1570 312 EPlSTOLARUMlchlV..‚1-527·
1721 180 1724 195 Ι
1896 152 1900 169 Ι
2073 158 2159 303 ιΜ

133 399 274 481 rabam,
312 420 392 469 cum
414 398 459 465 ad
479 408 514 464 te
539 396 698 486 proxime
721 397 909 475 scriberem
933 421 996 487 per
1017 410 1118 467 tuum
1170 395 1263 471 beat.
1310 389 1739 487 EtapudIouamesse:
1765 371 2065 469 crediderumt
2084 416 2161 485 ece·

133 498 357 587 ministrum,
396 521 485 591 quos
509 499 552 565 de
572 522 628 567 me
652 494 850 590 triumphos
871 511 1015 588 agerent
1037 497 1119 591 qui·
1170 509 1256 569 runt
1282 496 1549 585 poenitentiam.
1596 493 1646 569 Et
1667 497 1707 567 in
1729 492 1944 588 Evangelio:
1970 496 2162 571 Paeniten-

29 674 32 679 .
85 667 88 671 .
133 603 235 685 dam,
264 605 444 693 <promocio
469 598 752 675 circumferretur
772 602 812 669 in
834 599 1001 673 omnibus
1024 622 1119 693 sym·
1170 598 1257 667 tiam
1278 596 1485 671 innomine
1507 621 1606 679 meo,
1632 623 1709 673 non
1737 599 1775 667 in
1803 600 1949 693 nomine
1963 597 2079 673 Moisi
2103 612 2162 675 ant

62 776 70 787 ,
132 702 251 796 posiis.
271 697 407 771 Islebii
438 699 596 793 libellus,
636 724 726 792 qrrae
760 696 997 794 ἐπισημασίαι
1003 753 1015 785 ,
1056 699 1119 793 qui
1171 699 1256 775 irati
1281 697 1420 771 iudicis.
1484 696 1580 773 Haec
1606 715 1681 771 erat
1703 725 1840 775 summu
1869 684 2046 777 orationis
2065 695 2162 775 Isie-

132 802 277 897 plausus
291 816 404 872 essent
420 803 553 893 populi.
603 802 673 875 Sed
696 827 758 892 ego
783 799 876 872 nibil
896 803 997 877 volui
1019 803 1064 871 ad
1085 816 1118 873 te
1170 797 1317 873 hienae.
1367 798 1444 890 Ego
1469 801 1640 893 respondi
1663 801 1800 892 paucis,
1826 818 1992 896 oportere
2012 817 2163 879 terrum

127 900 192 995 his
210 910 263 982 ‚de
294 906 399 974 rebus
422 905 592 985 scribere,
627 928 671 972 ne
703 930 782 975 meo
813 906 937 975 dolore
966 903 1118 973 nimium
1171 903 1209 975 in
1234 902 1363 977 animis
1387 901 1535 977 existere
1557 918 1641 992 ante
1663 904 1966 989 iustificationern,
1992 916 2028 979 et
2048 909 2087 975 in
2105 901 2162 977 bis

115 1012 404 1097 ‘commoverere
443 1004 546 1075 Nunc
561 1021 788 1099 posteaquam
801 1007 876 1098 ipse
890 1006 1002 1077 fecisti
1017 1028 1118 1073 men-
1169 1005 1390 1073 moeroribus
1411 997 1441 1097 θ)
1471 1027 1546 1072 non
1573 1005 1729 1079 discerni
1750 1007 1854 1079 facile
1879 1031 1984 1099 posse
2006 1032 2160 1081 aruntem

133 1110 269 1205 tionem
288 1103 394 1197 buius
418 1107 633 1195 tragoediae,
657 1122 697 1177 ut
719 1109 867 1179 liberem
887 1121 922 1178 te
944 1106 1118 1176 nonnulla
1171 1105 1324 1177 iustitiae
1357 1121 1391 1176 et
1415 1106 1578 1175 timorem
1599 1131 1809 1197 poenarum:
1848 1109 2058 1200 praesertim
2083 1135 2159 1180 curn

4 1198 12 1211 ⁵
133 1234 233 1294 eura,
257 1209 407 1278 scribam
424 1208 560 1291 omnia,
586 1233 675 1301 quae
697 1210 860 1279 existimo
878 1223 912 1279 te
928 1209 1118 1301 requirere.
1171 1230 1235 1294 ego
1257 1232 1331 1276 non
1347 1207 1496 1277 dixerim
1517 1209 1562 1281 de
1576 1209 1801 1281 simulatione
1815 1212 2077 1301 poenitentiae,
2101 1215 2160 1283 set

11 1334 14 1341 ·
133 1306 210 1401 Ego
229 1334 311 1393 sane
333 1309 494 1379 desidero
514 1310 551 1376 in
575 1311 687 1383 amico
707 1330 827 1381 nostro
850 1308 1120 1394 humanitatem,
1170 1312 1213 1383 de
1237 1310 1431 1383 terroribus
1450 1308 1624 1397 divinitus
1641 1310 1802 1383 incussis.
1852 1310 2005 1385 Fatetur
2014 1308 2159 1387 beels-

133 1406 215 1507 qui,
253 1436 332 1485 curn
358 1425 448 1481 esset
469 1406 747 1503 reprehensurus
772 1415 943 1506 quaedam
973 1413 1011 1480 in
1038 1434 1118 1480 meo
1172 1404 1306 1494 lebias,
1341 1413 1401 1481 sed
1426 1411 1476 1483 ait
1495 1406 1572 1502 Ἠ
1608 1413 1676 1481 fide
1707 1413 1888 1483 minarum
1919 1410 2160 1489 inchoandam

133 1515 283 1607 scripto,
307 1513 406 1604 prius
428 1536 528 1583 suam
547 1537 730 1585 censuram
753 1516 868 1606 spargi
889 1538 952 1605 per
974 1514 1119 1582 univer·
1171 1527 1256 1585 esse.
1265 1512 1526 1601 contritionem.
1578 1512 1639 1583 Sic
1659 1514 1720 1582 ille
1740 1510 2004 1614 ἀκριβσλσγῶν
2018 1512 2050 1610 ⁸)
2072 1519 2160 1589 ami·

133 1639 207 1697 sam
224 1613 457 1691 Germaniam
473 1615 603 1698 voluit,
629 1640 736 1708 quam
757 1641 893 1687 mecum
919 1614 1120 1706 expostula·
1170 1637 1252 1687 cum
1273 1613 1311 1681 in
1335 1637 1509 1688 summam
1531 1613 1704 1687 invidiam
1731 1628 1764 1682 et
1777 1617 1984 1708 ,discrimen
2010 1621 2160 1692 vocarit

133 1717 195 1801 vit.
248 1712 386 1787 Omnes
405 1716 479 1787 eius
499 1740 679 1793 sermones
702 1718 928 1791 nrinacissimi
952 1712 1119 1787 inhuma·
1168 1710 1247 1802 Ego
1271 1715 1436 1809 respondi
1460 1739 1482 1785 a
1503 1715 1572 1787 tide
1594 1715 1791 1800 minarum,
1816 1732 1972 1799 terrores
1991 1744 2070 1791 non
2089 1744 2159 1793 esse

70 1886 76 1896 ,
132 1817 401 1911 nissimiquead
424 1841 482 1887 me
504 1818 633 1908 prolati
653 1832 747 1889 sunt.
796 1818 976 1908 Scriptum
995 1818 1120 1889 itace-
1170 1818 1401 1906 separandos,
1425 1817 1522 1907 quod
1539 1817 1638 1886 aliud
1656 1831 1708 1889 est
1722 1818 1808 1887 fides
1827 1821 2030 1906 minarum,
2056 1847 2158 1915 quam

132 1921 243 2017 latum
261 1932 331 2003 est,
355 1933 412 2003 ut,
438 1943 517 1987 cum
536 1919 638 1989 etiam
659 1922 702 1990 ad
719 1918 854 1989 Ducem
870 1917 899 2009 ²)
917 1913 1118 2012 Georgium
1169 1941 1291 2011 pavor.
1343 1915 1449 2004 Quod
1466 1917 1497 1991 si
1511 1919 1577 1989 uni
1593 1918 1662 1987 sibi
1678 1918 1854 1991 existimet
1867 1921 1930 1993 ille
1952 1917 2017 1993 bas
2037 1924 2158 2016 dispu-

130 2020 307 2118 perlatum
332 2022 377 2090 sit
402 2045 441 2089 ac
457 2017 598 2110 Lipsiae
617 2043 718 2112 saepe
742 2022 974 2112 descriptum,
999 2035 1118 2099 tamen
1168 2017 1318 2093 tationes
1341 2020 1385 2089 de
1406 2019 1475 2093 fide
1498 2019 1698 2104 minarum,
1723 2021 1767 2091 de
1783 2045 1904 2094 amore
1917 2023 2080 2096 iustitiae
2095 2051 2156 2098 m·

129 2116 221 2203 mibi
235 2123 355 2192 videre
374 2145 451 2191 non
466 2122 671 2211 contigerit,
697 2146 813 2214 neque
828 2146 1040 2214 magnopere
1055 2147 1118 2195 cu-
1168 2134 1220 2189 tas
1237 2142 1328 2203 esse,
1342 2145 1392 2189 ac
1413 2143 1509 2192 meas
1523 2144 1626 2189 aures
1642 2121 1690 2189 ita
1705 2122 1940 2212 peregrinari,
1967 2139 2010 2196 ut
2028 2130 2155 2199 tetbu-

117 2223 207 2319 ¹piri
227 2223 360 2299 videre.
412 2221 627 2316 Quanquam
651 2224 747 2293 enim
773 2217 999 2303 vehementer
1020 2249 1117 2295 corn*
1168 2222 1225 2288 nis
1246 2235 1403 2295 versatus.
1424 2222 1517 2293 inter
1539 2217 1756 2312 Theologos,
1788 2219 1882 2297 nihil
1907 2227 1953 2296 de
1975 2227 2110 2301 talibus
2128 2226 2155 2326 ⁹)

129 2325 299 2401 movebar
321 2319 387 2396 bac
407 2324 556 2409 iniuria,
588 2338 709 2399 tamen
735 2320 803 2401 hoc
831 2340 1036 2410 statueram,
1060 2325 1118 2401 iu
1167 2321 1276 2395 rebus
1289 2323 1481 2408 audierim,
1504 2347 1571 2397 nae
1587 2324 1737 2395 illenon
1751 2325 1905 2401 meltum
1917 2327 2067 2417 iugenio
2082 2356 2153 2403 meo

127 2438 182 2496 tot
208 2426 363 2502 dissidiis
393 2449 468 2495 non
490 2426 606 2495 statim
630 2422 722 2499 mihi
742 2452 874 2499 cornua
892 2424 921 2523 ³)
946 2429 1119 2502 sumenda
1168 2424 1310 2497 tribuit:
1335 2449 1406 2516 qua
1428 2425 1465 2495 iu
1484 2450 1521 2497 re
1539 2425 1693 2514 suscepit
1711 2425 1819 2499 etiam
1833 2410 2016 2520 intudem
2040 2432 2153 2522 ingn-

132 2550 220 2611 esse,
244 2529 306 2597 sed
322 2523 414 2597 hanc
429 2527 661 2599 offensionem
679 2529 827 2599 consilio
847 2530 964 2621 potius
987 2553 1116 2599 sanan-
1167 2526 1331 2603 titudinis
1353 2521 1503 2616 eulpam.
1564 2526 1658 2599 Nam
1679 2550 1760 2599 curn
1783 2552 1845 2617 ego
1872 2530 1952 2601 eius
1975 2532 2153 2623 ingenim

130 2631 212 2705 dam
228 2652 312 2700 esse.
362 2625 500 2697 Multae
517 2628 659 2722 erant*)
679 2653 870 2723 gravesque
885 2655 1027 2712 causae,
1053 2654 1116 2700 cur
1167 2641 1349 2717 tantopere
1369 2628 1599 2717 praedicarim
1624 2650 1779 2718 semper,
1805 2654 1887 2701 cum
1906 2644 1980 2701 tam
1996 2637 2153 2707 multari

128 2720 249 2819 regere
270 2723 338 2798 hoc
363 2731 513 2813 malum,
538 2755 644 2822 quam
668 2733 867 2802 exulcerare
886 2734 1059 2803 malebam
1075 2727 1115 2826 ⁸).
1166 2729 1372 2812 tribuerim,
1404 2752 1589 2822 nunquam
1613 2742 1653 2801 ut
1672 2754 1729 2799 me
1754 2745 2032 2822 anteponerem,
2057 2738 2154 2809 civite

130 2829 254 2927 ltaque
276 2833 321 2903 ad
345 2855 425 2903 eum
449 2831 627 2900 lenissime
651 2833 792 2924 scripsi,
829 2856 983 2925 purgans
1004 2857 1060 2901 me
1082 2834 1114 2902 ei
1167 2844 1257 2914 erat,
1287 2830 1375 2899 libet
1396 2830 1491 2901 enirn
1516 2834 1610 2922 apud
1635 2845 1669 2900 tc
1687 2830 1814 2915 iocari,
1840 2848 1876 2904 et
1898 2833 1941 2902 in
1965 2860 2035 2907 nos
2060 2835 2153 2919 Jrali-

105 2933 247 3028 -aliqua
264 2957 303 3001 ex
317 2945 426 3022 parte.
475 2930 601 3003 Postea
618 2948 762 3004 ventum
779 2935 883 3003 estin
901 2936 1027 3019 aulam,
1053 2936 1115 3003 ubi
1166 2932 1433 3024 qrmmlaudum
1450 2947 1583 3022 partem
1599 2931 1780 3021 regerereu
1795 2928 1849 3026 ¹⁰).
1899 2929 2153 3015 Letherussir

72 3097 81 3119 ,
127 3034 224 3128 quid·
238 3034 419 3119 acciderit,
458 3035 510 3102 vel
535 3059 576 3103 ex
599 3035 674 3126 ipso
701 3036 758 3103 vel
783 3061 824 3104 ex
842 3034 995 3107 Doctore
1018 3028 1115 3105 Cos·
1166 3033 1416 3111 altercantibus
1439 3035 1543 3105 nobis
1563 3032 1709 3103 diremit
1729 3039 2025 3113 controversiam.
2080 3041 2154 3114 Sibi

126 3159 220 3231 paee
243 3136 371 3206 certior
394 3135 468 3203 fieri
494 3136 649 3227 potuisti.
712 3134 789 3226 Ego
813 3139 907 3207 eiad
932 3132 966 3208 te
997 3139 1116 3208 literas
1166 3136 1319 3225 placere,
1343 3149 1384 3206 ut
1397 3135 1479 3207 lidei
1495 3160 1630 3208 nomeu
1647 3133 1823 3207 tribuatur
1844 3137 2055 3211 iustitieenti
2077 3144 2154 3214 fidei

127 3237 229 3323 dedi,
266 3238 328 3306 sed
351 3239 546 3321 verecunde
569 3238 715 3328 scriptas
741 3253 775 3308 et
797 3240 919 3331 plenas
948 3236 1114 3310 humani·
1166 3261 1205 3306 ac
1220 3237 1419 3309 consolanti
1433 3260 1497 3307 nos
1518 3238 1554 3305 in
1575 3234 1631 3307 his
1649 3237 1862 3321 terroribus,
1887 3240 1997 3311 fidem
2009 3266 2153 3331 geum

32 3424 42 3434 .
129 3339 225 3425 tatis,
252 3362 356 3431 quas,
382 3339 508 3423 miror,
533 3337 596 3408 tibi
622 3363 692 3407 non
720 3364 793 3408 esse
814 3343 978 3410 redditas.
1031 3341 1112 3423 Sed,
1166 3339 1235 3407 lem
1250 3339 1318 3407 sub
1334 3338 1479 3411 nomine
1496 3339 1732 3428 poenitentiae
1748 3353 1839 3409 recte
1855 3340 2123 3432 comprehendi.

127 3455 168 3511 ut
185 3440 289 3524 scias,
316 3439 403 3530 quid
424 3454 539 3509 actum
562 3440 606 3508 sit
622 3437 781 3530 Targae,
805 3444 959 3513 recitabo
980 3457 1015 3513 et
1038 3443 1113 3534 ipse
1266 3436 1385 3508 Habes
1409 3454 1516 3511 totam
1533 3441 1795 3509 altercationem
1818 3441 2085 3532 simplicissime
2094 3450 2153 3517 de·

127 3540 351 3624 brevissime,
376 3565 465 3632 quae
489 3543 533 3609 ad
558 3566 632 3609 rem
653 3545 848 3633 pertinent..
891 3541 969 3614 Hoc
992 3546 1113 3615 certis·
1164 3541 1339 3630 scriptam.
1401 3540 1525 3611 Postea
1548 3543 1585 3610 ixx
1609 3556 1683 3612 toto
1707 3541 1889 3613 volumine
1915 3540 2012 3616 nibil
2037 3572 2153 3640 repre·

127 3643 259 3712 simum
273 3655 341 3721 est,
364 3643 605 3711 inimicissime
622 3646 665 3712 de
682 3669 736 3712 me
753 3646 888 3714 locutos
911 3670 982 3714 esse
1006 3670 1113 3740 quos-
1164 3637 1289 3712 hendit
1307 3642 1475 3731 amplius..
1519 3640 1676 3714 Tantum
1690 3643 1791 3713 'inter
1807 3647 2153 3732 prandendumme·

109 3746 211 3814 *dam
232 3744 389 3839 in'aula,
425 3769 585 3813 accensos
605 3744 672 3814 illo
694 3742 831 3821 Islebt'i
851 3748 992 3832 libello,
1023 3774 1111 3840 qrro-
1144 3769 1243 3812 cum
1267 3743 1370 3811 tacite
1391 3744 1567 3831 litigabat,
1594 3768 1673 3828 non
1690 3745 1830 3834 placere.
1847 3746 1939 3826 sibi,
1966 3749 2153 3841 quodne.

127 3869 208 3915 rum
222 3845 367 3937 gratiam
386 3868 458 3914 non
473 3871 583 3939 usque
599 3849 686 3939 adeo
701 3863 900 3935 contemno,
915 3864 1115 3943 utmagno·
1143 3894 1146 3901 -
1165 3845 1325 3933 calognm
1338 3845 1494 3915 iuberem
1513 3846 1651 3926 doceri,
1677 3847 1760 3937 quia
1777 3847 1871 3914 enim
1896 3848 2010 3918 simus
2037 3878 2057 3920 a
2080 3855 2151 3943 lege

129 3970 211 4039 pere
227 3947 399 4034 gaudeam
415 3970 583 4018 eosame
601 3948 805 4023 abalienari.
854 3948 982 4019 Feram
997 3950 1114 4022 tamen
1164 3945 1319 4029 liberati,
1365 3972 1438 4015 non
1471 3970 1543 4013 esse
1574 3946 1789 4034 Decalogum
1820 3949 2050 4036 exigendum:
2095 3959 2151 4025 sed

129 4071 240 4143 aequo
262 4049 398 4131 animo,
423 4048 453 4116 si
477 4050 562 4119 bant
582 4045 672 4117 mibi
691 4076 815 4141 parurn
839 4054 953 4145 aequi.
1008 4051 1113 4121 Prin·
1165 4062 1366 4138 praecepta,
1407 4071 1496 4140 qnae
1526 4062 1609 4117 sunt
1638 4050 1675 4116 in
1698 4045 1820 4117 Paulo.
1897 4048 1952 4117 dd
1983 4046 2071 4125 haec
2100 4082 2153 4128 re-

129 4158 208 4243 ceps
222 4150 341 4231 iussit,
369 4151 450 4243 qnia
465 4152 637 4243 quaedam
653 4148 865 4243 reprehendi
880 4155 1049 4239 audisset,
1075 4167 1114 4225 ut
1165 4150 1312 4240 spondi,
1337 4172 1393 4216 eas
1411 4174 1616 4240 paraeneses
1637 4144 1729 4216 nihil
1752 4173 1824 4216 esse
1842 4151 1910 4218 nisi
1927 4149 2152 4248 Deertogun,

128 4254 174 4324 de
195 4247 251 4321 bis
264 4252 555 4344 'colloqueremur
581 4267 615 4321 et
642 4254 840 4326 iudicarent
860 4248 1114 4339 Letherunus,
1166 4265 1201 4320 et
1217 4251 1367 4319 docendi
1382 4249 1667 4339 causaDecalogo
1682 4263 1760 4339 apte
1776 4247 2035 4341 comprehendi
2047 4284 2152 4350 posse,

128 4347 358 4424 Pomeranus
382 4347 516 4437 etalii,
552 4355 640 4449 qnid
666 4348 753 4428 esset
775 4369 920 4433 rectum.
987 4356 1114 4449 Lectus
1166 4351 1367 4443 praesertim
1386 4376 1464 4420 cum
1480 4349 1689 4433 etChristue
1699 4347 1913 4440 Decelognm
1930 4362 2107 4432 enarraris
2122 4376 2153 4430 er

78 4496 85 4505 ,
127 4455 221 4526 liber
235 4468 305 4540 est,
330 4481 370 4524 ac
386 4455 522 4545 primus
546 4456 606 4533 ille
631 4459 729 4526 locus
743 4459 787 4527 de
800 4455 1022 4549 Paenitentia
1039 4459 1114 4547 agi.-
1165 4454 1335 4523 docuerit.
1388 4454 1457 4522 Sed
1484 4453 1543 4519 ille
1567 4450 1765 4543 exemplum
1783 4447 1916 4523 Christi
1939 4462 2092 4547 negabat
2110 4465 2152 4533 ad

128 4571 231 4628 tatus.
283 4555 511 4626 lbicmnalii
531 4553 624 4627 nibil
649 4558 808 4629 viderent
829 4560 927 4647 vitii,
952 4556 1114 4631 Islebins
1166 4579 1230 4625 nos
1247 4555 1450 4645 pertinere,
1491 4555 1572 4645 qnia
1596 4550 1760 4631 Christus
1786 4555 1963 4631 derisisset
2000 4559 2153 4635 tardema.

128 4659 309 4729 contendit
333 4681 489 4749 pugnare
504 4683 622 4728 meum
646 4660 816 4750 scriptum
837 4687 918 4731 curn
931 4660 1113 4753 Scriptura
1165 4651 1410 4726 Obominern
1442 4646 1625 4724 subtilem!
1686 4651 1818 4741 iQuid
1853 4670 1905 4724 est
1934 4655 2155 4760 ἄναμετρεῐν

93 4772 96 4783 “
127 4777 256 4833 etcum
272 4752 436 4829 Luthert
449 4761 690 4850 dogmatibus:
715 4754 923 4831 botherum
944 4763 1114 4849 docuisse,
1165 4750 1323 4836 ὁπόσους
1339 4750 1549 4850 molliendas
1567 4748 1846 4836 diliasete-mitius
1865 4755 2017 4848 αὐτῶν,
2048 4779 2090 4837 us
2108 4768 2152 4839 ait

127 4865 222 4956 quod
242 4864 286 4932 ab
308 4886 428 4932 amore
453 4863 605 4934 iustitiae
630 4865 846 4956 poenitentia
869 4860 1029 4938 inchoari
1051 4865 1114 4932 de-

131 5050 345 5081 --·-···
593 5032 597 5041 ’
661 5084 700 5126 ,ι
747 5074 758 5087 .
879 5054 881 5059 ’
943 5060 946 5065 ·
1020 5014 1024 5019 ’
1168 5058 1228 5124 s)
1250 5040 1417 5110 coccam
1435 5036 1636 5108 emeram

160 5142 189 5212 Ι)
206 5143 464 5199 &abdominum
619 5134 622 5139 ’
697 5182 700 5187 Δ
853 5138 867 5153 “
1167 5143 1229 5211 ,7)
1244 5141 1325 5195 Ssub.
1344 5139 1584 5211 mendoseutpre
1601 5141 1651 5196 aits
1708 5172 1711 5183 ·

155 5224 184 5295 3)
200 5227 360 5281 muscam.
375 5225 530 5280 Saub.·oou
544 5225 632 5281 babet.
786 5227 791 5235 '
879 5225 884 5233 ’
930 5226 934 5233 “
1199 5232 1226 5293 8)
1248 5229 1329 5281 Saub.
1344 5225 1544 5295 ἀκριβολογεῖν.

53 5370 60 5384 ι
155 5311 185 5378 4)
204 5318 303 5380 erunt,
321 5308 395 5379 qnod
407 5308 490 5363 Ssub.
504 5318 529 5363 et
543 5329 638 5383 apogr.
652 5310 769 5383 babent,
787 5311 891 5368 mutari
908 5312 939 5368 in
953 5323 1044 5369 munt.
1199 5316 1226 5378 9)
1244 5313 1325 5365 Saub.
1340 5314 1392 5365 bis.

156 5400 183 5468 5)
202 5397 286 5453 Saub·
302 5397 430 5448 mallem·
1200 5403 1243 5465 tot
1261 5397 1344 5451 Saub.
1361 5396 1405 5450 bie
1416 5397 1449 5450 ab
1462 5412 1520 5448 noe
1529 5396 1595 5463 alies
1608 5392 1689 5448 bebet
1701 5391 1835 5481 brunam
