4500 5782
95 234 174 345 us

95 432 326 505 responsum:
352 426 388 483 et
407 412 516 483 rixari
532 412 678 482 cumeis
697 408 833 493 nolim,
858 405 995 477 etiamsi
1014 428 1089 473 me-

94 595 251 713 p'pobnt,
279 616 396 710 inquit
418 640 492 685 non
519 604 631 685 vanus
649 611 780 697 Poeta,
810 634 927 705 neque
948 607 1089 695 dubito,

95 688 189 813 §pin
205 729 242 787 et
255 706 365 787 huius
386 718 518 807 negotii
535 718 648 786 exitus
669 714 908 783 declaraturus
929 711 1087 807 sit,·quo

95 818 226 915 spiritu
241 820 391 908 agantur
409 817 479 899 isti.
529 815 597 893 Est
611 818 706 908 apud
729 838 793 885 vos
808 810 994 885 Antonius
1011 806 1088 885 Ni-

94 940 182 1015 ger,
208 922 313 1015 ciuem
329 919 514 1009 cupiebam
531 916 601 989 huc
620 941 811 989 accersere:
847 920 906 987 sed
926 913 1089 1005 impediit

94 1012 216 1107 ‚adhuc
236 1042 294 1089 me
316 1020 471 1097 fortuna.
535 1020 656 1091 Tuum
677 1032 751 1089 erat
773 1030 807 1088 et
825 1014 942 1086 Hessi
967 1017 1088 1086 iuvare

95 1114 132 1207 st
146 1114 270 1193 literas
291 1136 326 1191 et
340 1146 468 1209 ¹earum
483 1120 703 1192 Professores
727 1114 841 1189 isthic.
893 1117 989 1189 Meis
1009 1140 1090 1187 ver-

95 1212 155 1325 ips
168 1222 283 1297 salute
296 1216 461 1315 Nigrum
479 1237 512 1293 et
529 1221 700 1293 Hessum.
755 1220 851 1291 Vale.

921 1552 976 1613 19.
993 1542 1077 1625 Aug.

915 1634 1087 1667 w

383 1724 589 1810 Bultftos.
618 1726 810 1839 During.

102 1504 277 1669 tete

117 1918 120 1923 ¹
167 1918 189 1975 E
206 1920 266 1975 cod.
282 1920 379 1973 Bavsri
395 1920 447 1973 vot
467 1922 500 1974 fl.
518 1940 544 1991 p.
558 1922 618 1975 828.
640 1922 692 1974 iarn
713 1916 893 1990 sSehlegelio
908 1918 935 1971 in
950 1917 1001 1971 rita
1016 1919 1089 1974 Lan-

108 1996 114 2025 '¹
201 1990 304 2063 geri-p.
314 1990 375 2043 too.
389 1992 468 2043 edita.
508 1990 618 2059 legitur
631 1990 711 2043 etiem
725 1990 753 2041 in
767 1991 830 2045 cod.
845 1986 956 2058 llebdig.
971 1987 1090 2044 Votttt.

201 2059 461 2115 etincod.Mcltu.
481 2060 632 2130 Hip-48.

325 2208 624 2286 Boltlsnsori
657 2211 861 2310 During.

95 2350 236 2460 Scripsi
258 2370 304 2437 ad
327 2368 497 2439 Senatum
519 2369 620 2437 urbis
644 2382 802 2452 vestrae,
827 2381 867 2436 ut
887 2370 931 2438 ad
954 2369 1089 2459 stipen-

95 2472 215 2555 dium,
241 2473 336 2562 quod
355 2467 524 2540 hactenus
541 2484 819 2540 numeraverunt
841 2465 1087 2566 Wolsgango

96 2568 236 2668 Hostes·
251 2568 291 2666 ¹),
312 2573 448 2664 aliquid
463 2572 641 2641 adiiciant.
691 2572 870 2641 Probatur
888 2574 983 2641 enim
998 2569 1087 2641 mihi

95 2670 255 2743 hominis
271 2675 441 2743 modestia
465 2688 499 2743 et
525 2674 563 2741 in
587 2674 713 2743 studiis
734 2675 914 2744 literarum
935 2675 1088 2762 diligen-

95 2776 155 2847 tia.
192 2772 331 2868 <ltaque
357 2762 460 2861 esui}
486 2771 578 2844 hanc
601 2798 741 2844 causam
765 2775 831 2844 tibi
852 2800 994 2868 quoque
1013 2799 1086 2844 esse

94 2879 442 2948 commemorandam
464 2873 505 2973 ²).
566 2876 687 2965 Quare
704 2891 740 2947 te
761 2900 864 2967 rogo,
890 2892 947 2962 ut,
972 2902 1086 2971 quan-

94 2992 171 3049 tum
189 2991 305 3067 potes,
332 2979 504 3047 adnitaris
517 2974 564 3070 ³),
591 2992 630 3046 ut
645 2981 811 3048 accedant
825 2981 870 3046 ad
885 2981 936 3050 20
950 3000 1085 3063 aureos,

93 3102 184 3173 quos
200 3074 369 3149 hactenus
384 3093 679 3164 numeraverunt,
701 3081 801 3148 aurei
820 3081 951 3153 decem.
1002 3079 1085 3149 Non

93 3181 191 3251 enim
224 3194 338 3270 potest
364 3181 440 3250 sine
468 3182 692 3250 incommodo
723 3182 937 3250 valetudinis
966 3183 1084 3250 vivere

92 3281 340 3368 minoris‚-.et,
363 3284 532 3375 quoniam
557 3279 623 3352 hoc
647 3282 795 3353 consilio
816 3282 947 3353 missus
967 3297 1017 3354 est
1039 3285 1083 3352 ad

94 3407 160 3452 nos
184 3374 359 3481 Wlffg..
384 3398 426 3453 ut
440 3386 524 3453 urbs
540 3397 654 3453 vestra
671 3409 713 3453 eo
732 3385 925 3478 aliquando
949 3387 993 3453 ad
1015 3385 1083 3451 mi-

91 3483 280 3555 nisterium
295 3486 457 3555 ecclesiae
471 3499 608 3569 utatur,
632 3510 784 3579 aequum
800 3499 871 3572 est,
886 3501 937 3571 ‚ut
954 3510 1084 3578 suppe-

91 3586 184 3655 ditet
200 3584 232 3652 ci
250 3600 427 3677 sumptus,
451 3588 512 3681 qui
533 3588 710 3657 sufficiant
727 3612 801 3656 non
824 3591 869 3657 ad
886 3588 1084 3679 voluptates

91 3688 153 3757 sed
171 3686 217 3754 ad
232 3688 471 3757 valetudinem
491 3690 726 3758 retinendam.
775 3688 917 3777 Quaeso
929 3687 992 3771 'te‘,
1016 3713 1082 3781 pro

92 3802 153 3859 tua
169 3810 307 3857 summa
323 3784 558 3872 humanitate,
583 3803 624 3860 ut
638 3786 730 3861 hanc
746 3814 885 3861 causam
908 3794 1002 3882 apud
1028 3813 1083 3859 se-

672 229 1110 313 EPISTOLARUM
1159 231 1268 310 LIB.
1305 230 1373 307 111.
1427 228 1558 306 1526.

1130 404 1218 477 ·.No.
1236 404 1322 480 402.

95 536 181 593 curu
210 516 256 583 de
282 537 348 585 suo
374 515 515 603 negotio
542 511 766 597 sint„acturi.
833 504 978 578 Exitus
1003 515 1088 575 acto
1147 499 1318 549 “f“
1357 494 1362 503 ¹
1426 492 1429 497 ¹

2053 226 2129 301 814

1911 400 2124 543 Q

1412 590 1560 675 Ioaeft.
1591 586 1852 675 camerario.

1208 784 1293 857 Epist.
1309 784 1343 840 ad
1358 782 1494 840 Gamerae.
1511 803 1536 857 p.
1549 784 1609 840 58..

1140 932 1383 1013 Inachim'o
1410 934 1707 1029 Camerarie,
1736 965 1804 1012 suo
1824 962 1968 1011 summo
1991 935 2130 1017 amico,

1139 1073 1184 1164 S.
1200 1091 1244 1165 D.
1295 1092 1389 1163 Dedi
1410 1091 1489 1164 heri
1509 1093 1638 1163 nuntio
1661 1094 1806 1163 vestrati
1831 1093 2013 1163 literarum
2031 1112 2129 1161 mea·

1141 1220 1221 1268 rum
1241 1195 1446 1267 fasciculum
1472 1198 1721 1288 perferendum
1745 1197 1789 1265 ad
1812 1217 1894 1279 vos,
1933 1193 1970 1263 in
1999 1190 2131 1286 quibus
2172 1278 2176 1289 Ι

1141 1321 1250 1367 unam
1271 1298 1529 1385 longiusculam
1549 1301 1592 1368 ad
1617 1311 1650 1367 te
1672 1297 1837 1389 scriptam
1859 1296 1971 1369 misi.»
2010 1290 2132 1363 Hodie

1142 1400 1185 1468 ad
1210 1423 1266 1467 me
1288 1392 1475 1470 Cordntus
1503 1403 1620 1472 statim
1648 1425 1668 1469 a
1693 1399 1862 1491 prandio,
1893 1421 1975 1469 cum
1998 1394 2131 1485 egued

1142 1501 1369 1571 scribendum
1394 1497 1457 1574 ded
1477 1498 1546 1595 τὴν
1566 1496 1733 1595 ἀπεψίαν
1756 1524 1880 1595 parum
1903 1501 2052 1570 idoneus
2075 1518 2131 1567 es-

1142 1625 1226 1671 sem.
1256 1601 1386 1673 ‘Nolui
1408 1617 1526 1674 tamen
1550 1628 1631 1675 eum
1655 1627 1806 1675 vacuum
1827 1603 2017 1675 dimittere.
2066 1593 2132 1667 Si-

1140 1699 1319 1795 gemundi
1338 1705 1457 1775 literas
1472 1705 1611 1797 mittere
1626 1705 1828 1795 cupiebam,
1848 1706 1908 1774 sed
1925 1726 2005 1775 cum
2020 1724 2131 1795 quae-

1141 1830 1273 1889 rerem,
1300 1831 1372 1876 non
1394 1822 1553 1898 poteram
1570 1806 1687 1877 statim
1707 1808 1801 1877 inter
1816 1806 1971 1899 reliquas
1991 1801 2130 1875 charus

1142 1907 1313 1976 invenire.
1363 1906 1503 1978 Curabo
1526 1923 1643 1979 tamen
1661 1931 1706 1975 ne
1719 1909 1942 1978 intercidant.
1991 1904 2133 1975 Viden·
2179 1944 2187 1955 ,

1142 2006 1200 2078 tu'r
1223 2005 1313 2078 mihi
1343 2011 1397 2078 vel
1422 2025 1565 2103 propter
1586 2012 1698 2102 ipsam
1725 2011 1931 2081 brevitatem
1962 2009 2130 2098 figuratae

1142 2134 1232 2197 csse,
1258 2136 1297 2180 ac
1314 2137 1456 2197 vereor,
1490 2138 1534 2181 ne
1557 2113 1621 2207 qui
1643 2113 1844 2181 abalienent
1867 2136 1946 2182 eum
1970 2135 1990 2180 a
2013 2108 2131 2193 nobis,

1141 2237 1247 2305 quem
1264 2226 1401 2299 tamen,
1426 2215 1510 2306 quia
1528 2216 1664 2286 bonum
1683 2216 1800 2284 virum
1823 2237 1896 2283 esse
1918 2206 2029 2295 duco,
2055 2234 2130 2281 non

1140 2315 1270 2405 opinor
1289 2316 1525 2387 admissurum
1543 2340 1634 2401 esse,
1658 2330 1698 2385 ut
1714 2318 1751 2385 in
1766 2339 1847 2385 seros
1867 2336 1985 2383 mores
2005 2311 2128 2385 videa-

1140 2430 1199 2485 tur
1220 2411 1306 2485 liaec
1331 2418 1432 2508 culpa
1455 2419 1635 2502 cecidisse,
1659 2432 1700 2488 ut
1719 2418 1870 2501 amicos,
1896 2430 1972 2485 non
1985 2414 2129 2485 dieseos

1139 2540 1158 2584 a
1174 2517 1285 2585 literis
1302 2531 1335 2586 et
1353 2520 1479 2589 studiis
1491 2520 1584 2605 suis,
1608 2520 1710 2612 queri
1724 2520 1910 2613 quisquam
1927 2518 2038 2609 possit
2053 2539 2128 2585 non

1138 2620 1221 2688 satis
1237 2619 1424 2708 diligenter
1437 2622 1549 2693 cultos
1565 2646 1649 2693 esse.
1701 2621 1743 2693 Si
1761 2621 1822 2691 ille
1840 2634 1931 2693 recte
1947 2617 2128 2711 praecipit,

1138 2713 1254 2810 δόμεν
1269 2717 1309 2800 ὅς
1322 2746 1387 2791 κεν
1402 2718 1475 2807 dui,
1502 2748 1565 2793 cur
1580 2748 1653 2793 uon
1672 2725 1868 2795 reclamaret
1883 2722 1991 2791 etiam
2004 2743 2125 2816 aman-

1138 2836 1188 2891 tes
1206 2823 1321 2912 ipsum
1339 2824 1453 2898 critice.
1504 2819 1655 2895 Micam
1672 2838 1707 2895 et
1722 2821 1922 2899 Euhenum
1939 2823 2068 2905 saluta,
2092 2835 2128 2891 et

1137 2947 1201 3015 per
1220 2915 1425 2993 Cordalum
1450 2928 1610 3000 rescribe.
1670 2926 1740 2997 Sed
1762 2948 1824 3017 age
1846 2921 1915 2996 hoc
1938 2924 1978 2993 in
2001 2922 2128 3015 primis

1138 3027 1219 3094 volo
1236 3021 1324 3093 mihi
1341 3027 1480 3097 confici:
1503 3030 1541 3096 in
1553 3028 1699 3098 Silesios
1713 3043 1874 3099 nostrum
1886 3015 2125 3123 Hdddws‘ot*)

1137 3127 1311 3217 proticisci
1338 3130 1428 3199 velle
1457 3130 1597 3219 opinor.
1664 3127 1719 3199 Ea
1741 3131 1785 3201 de
1810 3154 1849 3199 re
1875 3128 1963 3221 quid
1992 3124 2127 3199 consti.-

1136 3229 1261 3312 tuerit,
1287 3228 1369 3297 iube
1389 3245 1431 3303 ut
1450 3256 1546 3303 nuuc
1568 3234 1821 3322 respondeat:-
1847 3228 1939 3299 Nam
1962 3224 2031 3301 hoc
2054 3240 2126 3299 sta-

1138 3330 1200 3399 tim
1217 3344 1389 3403 autumuo
1413 3356 1454 3403 co
1476 3346 1516 3403 ut
1538 3333 1683 3404 veniant
1698 3334 1932 3425 professores,
1954 3324 2126 3421 Princeps

1135 3432 1299 3522 postulat.
1364 3434 1590 3526 Stipendium
1616 3435 1837 3525 promittitur
1856 3432 1889 3503 L
1911 3432 2022 3503 aurei.
2084 3428 2125 3503 si

1135 3548 1273 3605 recusat
1293 3535 1355 3603 ille
1377 3560 1453 3605 eam
1478 3537 1740 3622 conditionem,
1776 3538 1868 3608 alius
1888 3534 1994 3607 nobis
2015 3556 2125 3629 qeme-

1135 3635 1267 3707 rendus
1284 3650 1346 3709 cst.
1375 3700 1378 3705 .
1397 3635 1496 3709 Vale.

1876 3747 2071 3833 Φίλιππος.

91 3902 246 3959 satores·
265 3890 452 3979 diligenter
478 3912 516 3961 ac
538 3890 702 3961 fideliter·
718 3902 810 3981 agas.
875 3892 958 3963 Non
984 3908 1083 3962 com·
1209 3922 1212 3927 ·
1338 3908 1386 3919 ··

90 3991 298 4060 munimem
314 3992 379 4062 tibi
391 3988 596 4077 hominem,
618 3994 648 4063 si
671 3986 761 4062 mihi
780 4012 897 4063 mures
917 3995 993 4064 eius
1013 3993 1086 4061 im-'

91 4086 344 4183 probarentur.
391 4092 500 4165 Decet
515 4107 632 4163 arrtem
648 4114 729 4180 vos,
743 4096 868 4165 'bonos
881 4110 924 4165 ’et
944 4096 1079 4166 studio-

91 4216 149 4264 sos
166 4193 322 4264 'iuvenes'
342 4216 478 4264 summa
505 4195 542 4263 vi
565 4197 748 4281 adiuvare,
784 4198 990 4289 praesertim
1013 4194 1081 4267 huc

91 4308 271 4385 tempore,
292 4296 331 4364 in
347 4290 413 4366 hec
430 4299 557 4367 misera
573 4298 772 4367 studiorum
783 4300 937 4370 fortuna.
971 4297 1080 4368 Com-

89 4398 222 4465 mendo
245 4399 408 4486 preeibus
429 4399 499 4467 tuis
520 4414 586 4468 nos
603 4394 758 4471 Clrr'iste.
781 4422 784 4427 ·
813 4399 901 4497 Vale
921 4401 1081 4475 feliciter.

89 4496 271 4569 Postridie
283 4494 474 4589 Augustini
493 4493 752 4617 ⁴)·[l529]²⁴),.
999 4514 1003 4521 .
1039 4502 1098 4531 ...

87 4692 311 4747 ···..⁷·-·-.·-
375 4730 379 4739 .
455 4718 575 4751 ἠις
631 4712 704 4747 -·,
861 4714 889 4743 ν·
1038 4718 1069 4743 .·

123 4794 704 4933 ¹',',{’,⁰',²„},¹}:1f'⁸⁰¹¹¹'⁰⁸²⁰¹⁰'⁰⁰⁵²'‘⁸·
740 4796 773 4852 fu
791 4799 852 4854 ced.
868 4800 963 4903 Meliss.
977 4801 1083 4857 scribi-

121 4946 153 5018 Ξ)
172 4944 235 5033 odd.
254 4948 347 5003 Melia.
363 4950 632 5003 sonemendandum.

120 5034 271 5105 Sic-Bar.
285 5037 414 5088 adiuves.
510 5098 515 5113 Ι

120 5118 154 5185 4)
172 5136 198 5172 c.
215 5114 311 5173 Melia.
328 5122 459 5185 Augusti.
506 5118 510 5125 '

121 5205 152 5273 5)
170 5204 286 5258 Annum
306 5200 385 5257 uncis
404 5204 520 5267 inclusi,
538 5225 599 5259 nam
612 5194 729 5261 Balthas.
742 5207 899 5278 Thuringus
914 5211 1081 5270 menseOct.
1180 5220 1186 5231 ’

159 5270 227 5327 1528
241 5271 293 5326 iam
308 5281 434 5326 mortuus
449 5286 473 5326 et
486 5272 582 5327 lloller
605 5285 718 5328 exeunte
738 5295 810 5330 anno
832 5279 897 5332 1529
935 5279 1082 5335 uliecnator

157 5339 273 5396 &totae
292 5340 412 5413 coburg.
431 5341 519 5396 factm
537 5353 586 5399 est.
629 5343 691 5399 Vid.
713 5346 739 5401 d.
757 5346 802 5400 26.
817 5346 904 5404 θεώ.
936 5347 1035 5405 ⁵29'et
1052 5350 1081 5412 d.
1157 5404 1161 5411 ,

158 5408 257 5466 Slus.
271 5408 348 5465 158&

1144 4120 1213 4191 No.
1230 4116 1319 4192 403.
1385 4179 1397 4195 ,

1140 4214 1311 4245 Μ

1945 4132 1978 4193 2.
1994 4121 2112 4207 Septbr.

1942 4212 2115 4245 Μ·

1407 4304 1558 4389 Ioacfe.
1591 4301 1856 4425 Camerario,
1944 4374 1948 4379 .

1203 4496 1286 4570 Epist.
1302 4497 1334 4554 ad
1351 4498 1489 4555 Carnersr.
1510 4519 1537 4572 p.
1551 4464 1612 4557 Sil..
1664 4460 1671 4467 -

1297 4651 1540 4729 [oachimo
1573 4652 1849 4730 Camerario
1879 4682 1956 4734 suo.

1134 4786 1177 4875 S.
1194 4802 1240 4877 D.
1292 4802 1384 4875 Cum
1407 4808 1513 4876 iums
1536 4832 1592 4875 me
1609 4810 1736 4878 abisset
1750 4800 1956 4891 Cordntns,
1980 4830 2058 4877 ecce
2081 4808 2120 4875 in

1134 4900 1358 5001 Sigemnndi
1367 4907 1497 5003 'literas'
1520 4904 1610 4980 forte
1632 4910 1769 4995 incido,
1794 4920 1879 5002 quas
1900 4906 1986 4997 tibi,
2016 4916 2062 4978 'ne
2081 4907 2120 4977 in
2241 4896 2246 4907 ¹

1133 5008 1424 5079 me'desiderares
1443 5010 1661 5105 diligentiam
1686 5014 1724 5080 iu
1746 5006 1813 5080 lmc
1829 5024 1976 5103 ¹genere,
2002 5011 2120 5081 statim

1134 5111 1220 5181 duxi
1240 5111 1347 5183 etiam
1375 5112 1565 5183 mittendas
1588 5110 1677 5201 csse,
1708 5114 1825 5211 itaque
1845 5110 1967 5185 addidi
1991 5112 2122 5209 priori-
2241 5130 2244 5137 '

1304 5226 1337 5243 -·
1527 5216 1530 5225 ·
1980 5218 2101 5255 .···ϊ.

1132 5316 1358 5339 W
1414 5316 1467 5355 dmg

1167 5424 1195 5490 θ)
1210 5418 1294 5476 Estne
1311 5421 1448 5479 Antonius
1460 5420 1565 5495 Niger?
1587 5442 1621 5479 sn
1635 5422 1749 5481 tonsus
1761 5424 1818 5499 sig.
1831 5421 1982 5483 Gelenius?
1995 5422 1999 5427 ’
2035 5428 2040 5439 '
