4500 5782
49 236 120 313 119

52 403 226 538 Q
793 413 851 476 10.
872 398 1019 484 uland)

767 492 1041 539 w

125 702 134 717 ,
244 606 586 691 Bartholomoeo
616 597 851 687 Schellero.

115 815 511 895 &mmmmm

48 986 462 1089 (Bartholomoeo
502 982 787 1071 Schellero,
819 983 1046 1088 fratrissa

76 1082 95 1137 ³
156 1098 161 1103 '
408 1088 694 1188 Annabergoc.)

46 1232 92 1325 S·
118 1248 167 1325 D.
219 1246 275 1319 Mi
296 1236 599 1318 Bartholomaee.
649 1241 776 1314 Frater
795 1240 1047 1336 Hieronymus

49 1378 89 1427 ert
105 1344 400 1449 περιπνευμονίᾳ
415 1347 613 1433 decumbit,
638 1370 705 1415 nos
724 1340 840 1416 adhuc
855 1346 946 1414 bene
967 1366 1048 1436 spe-

48 1478 189 1540 ramus,
205 1466 331 1522 rerum
346 1451 431 1537 scis,
454 1449 715 1519 adolescentum
732 1472 845 1519 annos
860 1448 901 1517 in
917 1440 1046 1517 huius·

48 1557 151 1629 modi
164 1555 336 1649 periculis
352 1576 426 1621 non
445 1552 585 1621 facilius
601 1551 729 1637 levari,
756 1574 862 1643 quam
880 1570 1061 1641 praesenffi

49 1661 99 1733 tia
110 1654 304 1729 bominum
320 1653 702 1745 coniunctissimorum.
753 1648 900 1725 Etcum
919 1664 953 1722 te
973 1652 1048 1739 fra-

51 1778 104 1834 ter
130 1784 272 1853 semper
291 1756 407 1828 Patris
426 1759 504 1825 loco
525 1750 690 1825 habuerit
713 1754 931 1847 plurimique
954 1754 1048 1823 fece-

51 1864 115 1950 rit‚
152 1875 189 1935 te
220 1856 449 1931 vehementer
477 1858 574 1949 cupit
601 1857 777 1926 advolare.
847 1853 923 1947 Ego
951 1869 1046 1924 tuam

52 1964 289 2061 praesentiam
306 1963 350 2031 ad
366 1961 650 2030 confirmandum
665 1983 745 2027 1111
759 1959 955 2051 plurimum
968 1982 1049 2025 mo-

53 2067 165 2138 menti
186 2088 290 2157 spero
314 2064 511 2135 allaturam.
562 2059 753 2152 Propterea
776 2075 810 2131 te
833 2081 919 2152 rogo
938 2072 972 2128 et
985 2082 1049 2151 per

53 2168 173 2242 fratris
190 2168 340 2237 salutem
357 2179 389 2234 et
404 2188 525 2237 meum
538 2188 712 2248 amorem,
738 2175 778 2231 nt
797 2186 964 2255 properes
978 2156 1049 2231 huc

55 2270 237 2353 accedere,
262 2282 296 2337 et
311 2269 456 2337 fratrem
472 2266 510 2334 in
525 2264 728 2335 valetudiue
752 2265 897 2333 adversa
917 2262 1050 2354 erigere

57 2400 92 2445 ac
105 2374 244 2444 iuvare.
294 2368 368 2439 Nos
391 2392 532 2463 quoque
548 2362 617 2436 hoc
634 2380 790 2459 tempore
811 2390 938 2459 parum
958 2366 1051 2434 belle

57 2476 224 2545 salernus.
276 2466 496 2542 Tu'rlve'ac
514 2468 591 2537 vale
608 2464 758 2539 feliciter
779 2493 859 2537 cum
880 2488 990 2537 uxore
1011 2491 1051 2537 ac

57 2576 236 2648 iratribus.
289 2570 410 2642 Pridie
429 2568 639 2642 Dominieae
663 2566 783 2642 Oculi.
835 2566 909 2658 Qui
932 2570 963 2639 si
985 2568 1053 2662 ipsi

59 2674 121 2749 tibi
143 2675 271 2747 venire
292 2698 368 2744 non
388 2688 440 2746 est
457 2674 653 2764 integrum,
678 2673 796 2743 mittes
815 2666 886 2741 huc
908 2673 1053 2742 fratrem

59 2772 282 2881 Corporum.

790 2870 991 2970 Philippus.

857 3278 915 3343 18.
941 3270 1032 3335 Mart.

851 3366 1055 3394 m

335 3472 497 3553 Ioanni
526 3468 779 3555 Reuelelino.

131 3685 257 3742 landas
270 3677 413 3763 epistolam
426 3698 458 3731 ex
471 3677 627 3748 apographo
642 3678 670 3730 in
684 3678 751 3733 Cod.
765 3678 864 3736 Dresd.
879 3682 938 3737 tto.
958 3660 1006 3737 fol:
1018 3683 1058 3736 15.

98 3782 104 3791 ·
165 3754 318 3823 descripsit.
365 3750 389 3801 Α
411 3746 530 3816 ographo
553 3747 644 3799 titulus
666 3746 825 3801 inscribitur
851 3750 945 3806 hicce:
978 3752 1057 3815 „Re-

164 3823 277 3897 sponsio
302 3818 353 3872 Po.
404 3817 565 3868 etauttnnn
590 3812 623 3869 ad
645 3814 793 3869 Doctorem
816 3816 840 3872 Ῐ.
862 3820 1057 3889 fleuddinum,

165 3900 264 3963 rogatu
281 3886 415 3940 Boiorum
429 3902 493 3938 eum
506 3883 539 3937 ad
552 3883 729 3938 Academiam
741 3885 969 3952 Ingolstodr'nom
988 3908 1059 3944 euo-

167 3960 307 4016 1111111111.ὴ

75 4130 242 4228 (Summo
274 4125 369 4203 Viro
389 4123 443 4196 D.
471 4121 649 4195 Ioanni
669 4120 924 4217 Reuchlin,
954 4127 1059 4203 Iuris

310 4226 487 4309 Ductori,
523 4222 691 4297 Domino
715 4229 812 4320 suo.)

72 4383 194 4486 Salve,
219 4397 409 4471 Carissimo
426 4395 542 4469 Pater.
593 4394 643 4466 Ut
659 4398 778 4467 omnia
797 4400 865 4468 tibi
887 4426 927 4470 ex
947 4405 1057 4473 animi

10 4566 12 4575 .
75 4506 240 4577 sententia
265 4503 408 4585 cedant,
441 4512 514 4568 tam
535 4511 637 4590 opto,
670 4523 777 4591 quam
798 4497 866 4571 hoc
890 4517 924 4573 et
946 4507 1059 4578 virtus

75 4620 128 4679 tua
160 4618 196 4679 et
217 4606 283 4675 ista
306 4615 460 4673 meretur
482 4613 586 4669 aetas.
643 4596 697 4669 De
716 4596 828 4673 salute
853 4617 915 4676 tua
947 4608 1060 4703 deque

79 4709 237 4779 omnibus
251 4704 453 4775 rationibus
473 4702 566 4770 vitae
586 4716 666 4772 tuae
687 4703 745 4771 vix
769 4708 913 4776 tandem
932 4713 1061 4782 certior

80 4812 231 4881 redditus
244 4832 325 4879 sum
340 4830 382 4875 er
396 4805 510 4875 literis
527 4802 597 4872 tuis
613 4796 684 4898 *').
735 4803 845 4895 Quod
860 4810 1062 4902 designatus

114 5122 271 5193 anchiso,
302 5121 368 5192 quin
387 5117 499 5191 epistola
518 5139 540 5173 a.
563 5120 628 5172 1520
650 5119 748 5190 scripta
769 5120 817 5184 sil,
844 5142 930 5193 quum
948 5124 1064 5180 Melon·

20 5210 39 5261 ¹,
145 5198 212 5247 thou
241 5191 288 5245 hic
310 5190 528 5243 Bartholomaei
547 5190 637 5242 ureris
666 5188 829 5251 attentionem
855 5192 951 5262 11111111,
983 5215 1065 5267 qnam

145 5262 187 5317 ille
205 5271 274 5314 tunc
292 5258 322 5310 in
337 5257 541 5310 matrimonium
559 5260 680 5310 nondum
695 5257 799 5313 duxisse
813 5261 931 5319 ridetur.
964 5264 998 5321 F.

119 5350 155 5421 ”t
172 5348 251 5421 Quae
266 5345 377 5419 quidem
388 5344 579 5399 licentiosae
597 5344 809 5401 Meluntlconem
830 5346 936 5405 litteras
953 5350 1067 5419 mi..

147 5431 218 5474 runt.
251 5414 376 5487 scriptae
392 5423 477 5476 sunt,
487 5423 517 5468 ut
538 5412 662 5476 ridetur,
678 5412 724 5468 die
741 5414 806 5472 xlt.
823 5434 863 5473 n.
875 5416 934 5479 1111.
948 5420 1070 5495 apim.

638 218 1075 303 EPISTOLARUM
1125 217 1235 295 LIB.
1267 216 1314 291 11.
1368 212 1497 291 1620.

2013 214 2086 295 tao

1093 415 1131 464 es
1149 392 1354 481 linguarum
1375 391 1555 483 professor
1575 382 1636 487 '),
1674 390 1832 482 gratulor
1859 405 1935 465 tum
1958 390 2100 483 literis,

1093 490 1170 568 turn
1193 492 1347 588 patriae,
1371 494 1529 586 adeoque
1551 492 1636 577 tihi,
1660 493 1722 588 qui
1738 518 1820 564 cum
1839 497 1972 587 patriae
1988 524 2088 569 eom-

1093 599 1200 668 modo
1215 596 1467 688 literarumque
1483 595 1653 685 dignitate
1670 620 1891 666 communem
1906 599 1992 669 facis
2008 624 2087 671 sor·

1094 715 1166 771 tem
1190 713 1298 772 tuam.
1348 695 1511 769 Primum
1532 698 1629 767 enim
1655 698 1742 790 quid
1763 701 1903 769 accedat
1925 714 2086 774 eommu-

1095 802 1197 873 nium
1221 788 1422 871 studidrum
1443 800 1680 870 aestimationi
1712 800 1992 890 magnificentius
2024 821 2086 879 aut

1095 902 1264 995 amplius,
1289 926 1396 996 quam
1422 916 1473 989 te,
1497 903 1659 971 maximis
1682 903 1787 993 gestis
1810 904 1932 992 rebus,
1957 908 2086 979 delun-

1095 1020 1192 1077 ctum
1206 1018 1259 1074 tot
1271 999 1486 1087 honorlbus,
1512 1028 1576 1073 ceu
1594 1005 1703 1075 fasces
1723 1005 1836 1075 literis
1853 1009 2086 1079 submittere?

1095 1107 1274 1179 Nimirum
1288 1106 1458 1198 peculiari
1472 1106 1544 1176 sato
1559 1118 1622 1177 tuo
1644 1102 1814 1176 hactenus
1836 1103 1904 1179 hoc
1928 1110 2001 1180 illis
2022 1114 2087 1183 de-

1095 1211 1224 1294 bebas,
1249 1222 1309 1294 ut,
1335 1233 1425 1303 quae
1443 1222 1478 1280 te
1498 1198 1537 1278 iu
1555 1209 1594 1277 id
1609 1209 1748 1279 culmen
1770 1231 1890 1280 rerum
1911 1207 2086 1301 humana-

1096 1337 1180 1383 rum
1201 1310 1413 1396 erexissent,
1444 1334 1503 1380 eas
1524 1323 1563 1381 tu
1581 1305 1649 1382 hoe
1670 1310 1741 1381 iam
1762 1314 1923 1405 'tempore
1944 1317 2088 1407 pericli·
2195 1380 2206 1387 .

1097 1428 1211 1485 tantes
1226 1414 1381 1498 iurares,
1406 1413 1557 1502 erigeres
1573 1404 1840 1511 exornaresque.
1883 1414 1993 1505 Quod
2005 1436 2087 1491 cutn

1097 1540 1162 1609 per
1190 1540 1263 1585 sese
1292 1516 1377 1585 satis
1404 1515 1632 1607 splendidum
1661 1515 1726 1602 sit,
1772 1530 1891 1587 tamen
1927 1522 2088 1615 exemplo

1098 1618 1211 1689 multo
1225 1617 1460 1688 clarissimum
1475 1630 1537 1689 est.
1588 1615 1705 1706 Quem
1722 1618 1818 1689 enirn
1835 1644 1911 1690 non
1930 1623 2090 1693 animes?

1098 1721 1161 1814 qui
1189 1734 1285 1789 stans
1311 1744 1375 1789 ceu
1398 1708 1588 1789 Camillus
1612 1720 1760 1813 quidam
1796 1746 1862 1813 pro
1888 1726 2089 1796 studiorrun
2172 1726 2178 1745 '

1098 1822 1207 1913 signis
1231 1844 1306 1891 non
1324 1821 1434 1891 modo
1457 1846 1562 1905 voce,
1587 1825 1649 1891 sed
1663 1822 1822 1913 exemplo
1843 1826 2091 1919 quoqueGer-

1098 1923 1273 1994 manicam
1319 1923 1538 2013 iuventutem
1578 1925 1838 1995 comabundam
1879 1924 2090 2005 adhortaris.

1099 2025 1217 2097 Macte
1238 2025 1374 2109 annuo,
1408 2026 1461 2095 mi
1483 2023 1605 2095 Pater!
1647 2024 1700 2097 111
1722 2041 1880 2120 suscepta
1907 2033 2091 2122 provincia

1099 2129 1407 2217 defringerent,
1444 2140 1598 2220 1111111
1633 2152 1669 2199 11
1699 2130 1883 2201 literarum
1908 2134 2092 2219 beneficio,
2121 2210 2126 2219 „

1099 2244 1238 2303 11111111
1269 2229 1342 2297 illis
1371 2252 1494 2299 rursus
1523 2231 1742 2301 auctoritatis
1772 2256 1837 2324 per
1867 2247 1901 2303 te
1933 2237 2094 2325 gnaviter

1100 2355 1224 2425 parare
1242 2330 1342 2403 velis.
1394 2330 1447 2399 Te
1465 2332 1679 2423 professore,
1706 2346 1740 2403 te
1756 2335 1865 2421 duee,
1890 2360 1946 2406 res
1962 2352 2094 2425 nostra,

1101 2431 1170 2505 hoe
1194 2447 1246 2503 est
1267 2433 1470 2518 literarum,
1495 2447 1628 2523 agetur.
1677 2432 1747 2505 Fae
1774 2460 1815 2504 er
1838 2451 1872 2506 te
1892 2428 2095 2527 sentiamus,

1102 2536 1305 2630 quicunque
1339 2535 1460 2605 literas
1495 2537 1718 2627 profitemur,
1763 2553 1883 2609 auctas
1913 2566 1986 2612 esse
2017 2543 2096 2614 illas

1103 2638 1300 2727 dignitates.
1352 2635 1424 2706 Sed
1446 2637 1533 2730 quid
1557 2632 1681 2709 hortor
1695 2638 1793 2734 Tyro
1820 2655 1957 2713 tantum
1979 2644 2097 2740 Impe-

1102 2738 1280 2812 ratorem?
1318 2734 1395 2809 lam
1410 2739 1480 2810 dici
1496 2764 1571 2809 non
1585 2737 1718 2832 potest,
1737 2758 1912 2836 quantum
1926 2750 2097 2836 gaudeam

1105 2856 1140 2913 et
1172 2835 1306 2934 patriae
1334 2841 1391 2910 vel
1418 2843 1563 2913 tandem
1583 2843 1802 2914 innotescere
1832 2844 1971 2935 Musas,
2011 2874 2098 2944 quas

1104 2940 1274 3014 hactenus
1291 2942 1369 3028 illa,
1394 2944 1481 3028 scis,
1504 2969 1574 3036 quo
1589 2945 1668 3014 leco
1684 2941 1858 3019 habuerit.
1909 2946 1983 3019 lam
2001 2976 2099 3023 nunc

1105 3045 1254 3115 feliciter
1271 3045 1398 3113 iactam
1416 3070 1491 3115 esse
1506 3047 1618 3116 aleam
1637 3048 1682 3117 ab
1703 3049 1838 3139 optimo
1861 3074 1901 3120 ac
1920 3052 2121 3143 pientissi-¹

1105 3141 1313 3230 mehercle,
1346 3140 1557 3226 Friderico,
1590 3146 1688 3218 Duce
1708 3150 1910 3235 saxoniae,
1931 3179 2006 3225 non
2033 3157 2100 3226 oh-

1107 3270 1207 3317 scure
1229 3246 1456 3338 intelligitur,
1488 3249 1570 3342 qui,
1602 3264 1787 3344 postquam
1810 3254 1996 3328 classicum
2020 3259 2101 3329 lite-

1107 3374 1229 3420 rarum
1249 3348 1416 3419 studiosis
1437 3351 1581 3436 cecinit,
1607 3365 1724 3441 tantos
1745 3348 1852 3426 habet
1868 3356 2101 3448 pulcherrimi

1108 3450 1267 3521 instituti
1282 3451 1338 3521 sui
1353 3453 1528 3539 aemulos,
1551 3453 1704 3549 inclytos
1715 3449 1896 3527 Boiorum
1906 3458 2103 3557 Principes,

1108 3554 1238 3648 quibus
1266 3577 1341 3622 non
1367 3555 1518 3624 dubium
1545 3570 1598 3627 est
1623 3558 1722 3627 cordi
1745 3559 1863 3630 literas
1892 3586 1982 3650 esse,
2019 3590 2109 3639 eunt.

1108 3656 1154 3727 ad
1172 3679 1231 3725 eas
1245 3657 1490 3726 instaurandas
1506 3671 1566 3728 tua
1581 3684 1687 3751 opera
1704 3663 1924 3757 consilioque
1943 3680 2102 3743 utantur.

1110 3756 1218 3847 Quod
1242 3782 1298 3825 me
1321 3760 1575 3830 succenturiati
1595 3761 1651 3831 vis
1672 3762 1711 3831 in
1735 3765 1879 3835 ordines
1901 3781 1997 3853 tuos,
2035 3794 2101 3861 ago

1110 3861 1238 3949 gratias
1262 3873 1295 3928 et
1318 3861 1381 3928 tibi
1405 3874 1440 3929 ct
1468 3862 1589 3930 amicis
1617 3863 1712 3949 aliis,
1750 3867 1904 3958 (paimei
1926 3873 2101 3941 rationem

1111 3958 1234 4031 haberi
1257 3961 1458 4031 voluerunt.
1506 3960 1556 4033 Et
1578 3965 1623 4033 ad
1645 3979 1679 4035 te
1701 3968 1857 4038 rationes
1878 3973 2023 4064 quidem
2042 3998 2102 4044 me

1111 4088 1185 4133 non
1204 4066 1482 4133 contemnendae
1500 4079 1645 4152 vocant3
1685 4067 1850 4160 inprimis
1871 4074 1940 4158 tui,
1971 4076 2102 4146 deinde

1110 4165 1261 4257 patriae,
1286 4188 1375 4257 quae
1392 4191 1466 4262 non
1484 4168 1587 4238 debet
1608 4164 1700 4238 mihi
1722 4195 1797 4241 non
1817 4175 1996 4246 carissima
2018 4188 2101 4264 ease,
2165 4232 2170 4239 -

1111 4266 1342 4352 desiderium3
1368 4269 1414 4336 ad
1432 4261 1515 4339 haec
1531 4269 1697 4363 frequens
1710 4273 1932 4345 eruditorum
1950 4303 2102 4351 consue-

1117 4456 1416 4479 -ι--ι-ι--Ω

1180 4568 1245 4637 Quo
1261 4567 1303 4623 die
1317 4568 1489 4625 111111111111111
1502 4568 1693 4627 Pfrdloefmero
1712 4574 1809 4635 1111111
1828 4581 1939 4639 scribite
1971 4587 2048 4648 ,Oro
2067 4600 2102 4657 u,

1181 4638 1342 4693 etinctum
1362 4637 1407 4690 lras
1424 4640 1524 4692 litteras
1541 4632 1773 4713 Wuenaurgam
1797 4649 1886 4706 mittas
1904 4656 1936 4710 ad
1955 4626 2102 4730 inguarum

1181 4726 1272 4759 meunt
1289 4707 1331 4759 ll.
1344 4706 1506 4774 Philippum
1520 4708 1707 4767 Matoustana
1717 4728 1887 4790 quantocyus
1899 4726 2030 4794 poteris.”
2062 4728 2100 4785 ef.

1180 4774 1364 4829 Potoeunert
1379 4796 1442 4848 opp.
1465 4778 1612 4849 pagam..
1636 4781 1682 4836 ubi
1700 4804 1757 4838 non
1777 4787 1813 4841 ita
1833 4800 1906 4844 recte
1923 4812 1957 4846 an
1997 4813 2023 4860 s,
2043 4816 2101 4870 quo

1181 4844 1333 4967 gpucdqp'ni
1345 4844 1458 4917 epistola
1475 4856 1576 4902 exarata
1593 4848 1642 4914 sit,
1666 4852 1734 4907 1519
1753 4855 1831 4927 (prot
1855 4861 1932 4930 1520)
1949 4881 1964 4915 a
1997 4864 2102 4939 cripta

1148 5016 1180 5085 *)
1207 5013 1312 5078 Coeum
1337 5015 1467 5071 suadente
1492 5016 1659 5085 Guilielmo,
1693 5020 1773 5079 Duce
1795 5026 1941 5093 Bavariae,
1979 5053 2007 5088 m
2042 5037 2102 5095 No.

1185 5083 1288 5138 rembri
1307 5105 1331 5140 a·
1348 5085 1415 5139 1519
1432 5084 1614 5155 Stuttgnrdr'o
1626 5090 1831 5159 Ingolstadr‘um
1851 5099 1990 5168 migrarit,
2008 5075 2103 5183 ibique

1183 5152 1246 5206 inde
1259 5172 1273 5206 a
1288 5152 1336 5207 111.
1350 5153 1422 5206 Non.
1434 5152 1517 5210 Mart.
1531 5174 1554 5209 a.
1570 5156 1637 5211 1520
1650 5160 1754 5217 scholas
1773 5165 1893 5234 publicas
1912 5169 2013 5227 babuit.
2063 5178 2102 5238 es,

1185 5222 1256 5273 Hm.
1272 5241 1298 5275 u.
1313 5226 1343 5277 d.
1357 5224 1454 5275 Ilordt
1473 5226 1621 5295 paraenesis
1640 5229 1672 5279 ad
1687 5228 1821 5286 Doctores
1835 5235 1955 5294 ludaeos.
1977 5242 2093 5311 (11111111
2152 5240 2159 5249 ’

1187 5290 1264 5345 1111.
1286 5290 1332 5413 {l
1349 5311 1408 5362 pag.
1423 5292 1469 5345 or.
1517 5295 1581 5349 111.
1599 5296 1816 5355 11111111.
1836 5304 1967 5373 aegerat
1983 5289 2103 5372 amc}

1325 5381 1332 5413 ι

1138 5406 1147 5417 ·
1187 5358 1708 5503 111.11111111
1725 5369 1843 5438 tue·
1869 5373 2009 5437 “ee
2031 5384 2062 5440 ⁹·
2083 5388 2105 5443 ¹·

1348 5496 1439 5577 10·
