4500 5782
105 227 182 303 22³
694 216 1133 297 Ettstottttuat
1181 220 1289 303 LlB,
1314 222 1362 297 ll.
1415 222 1547 301 1520.
2065 234 2140 309 tet

107 400 217 483 feeit,
233 412 267 468 et
282 397 321 466 in
335 394 435 467 cuius
456 418 517 465 ore
533 416 717 488 nunquam
734 395 839 467 dolus
849 396 1015 468 inventus
1030 407 1098 468 est:
1147 396 1255 468 modo
1271 398 1434 469 morbida
1451 399 1546 479 oris,
1572 422 1694 469 verum
1711 414 1746 473 et
1761 362 1948 475 marbodus
1967 405 2061 475 aries
2077 406 2144 479 toti

110 499 172 574 hie
217 524 301 569 vero
350 498 445 590 apud
489 492 678 566 Danielem
730 511 765 569 et
808 499 1099 591 superbissimum
1148 499 1243 589 gregi
1273 501 1451 572 tabificum
1480 500 1579 569 virus
1607 502 1770 576 instillas.
1835 502 1910 576 Cur
1937 506 2017 577 sine
2042 530 2142 581 meae

109 619 147 677 et
184 599 482 671 violentissimum
520 611 713 692 tyrannum
756 600 1099 693 praemonstraverit.
1148 601 1284 673 cimbac
1311 603 1443 673 auxilio
1470 600 1682 673 immensum
1702 605 1845 675 divinae
1866 608 2064 699 sapientiae
2079 634 2142 703 pe-

110 702 183 779 sal
197 702 367 798 quoniam
381 698 541 769 Danielis
552 694 750 791 Prophetae
769 704 904 773 mentio
923 703 1014 773 facta
1036 715 1098 787 cst,
1148 704 1248 795 lagos
1266 704 1427 793 ingredi,
1452 716 1514 773 aut
1536 705 1575 772 in
1595 705 1733 775 coelum
1754 708 1831 776 sine
1851 710 1981 801 pennis
2001 696 2143 785 evolute

110 830 226 879 unum
253 804 386 886 dinam,
423 825 469 871 ne
497 802 668 871 memoria
697 804 854 889 excidat,
894 803 1099 893 religiosum
1151 806 1367 897 praesumis?
1429 800 1490 875 Aa
1512 820 1547 876 te
1569 806 1728 877 fortassis
1759 809 1902 879 arietem
1927 811 2045 883 illum·
2061 836 2144 883 coe-

111 910 219 981 istum
232 919 266 975 et
279 917 439 973 sanctum
452 898 635 973 bominem
645 896 871 989 Martinam,
892 906 1009 975 ornaris
1023 906 1101 994 glo·
1149 907 1271 976 lestem
1293 907 1416 991 facies,
1446 907 1508 1000 qui
1530 904 1661 977 Hellen
1685 918 1719 979 et
1742 905 1923 1004 Phryxum
1953 934 2020 1004 per
2042 924 2143 985 mare

111 1012 187 1083 riae
210 1020 505 1097 contemptorem,
535 1026 610 1075 non
631 1030 777 1097 parvam
802 1010 897 1099 apud
922 1009 1101 1078 modestos
1149 1008 1301 1079 vectavit
1339 1033 1379 1078 ac
1408 1008 1553 1078 demum
1583 1032 1644 1099 per
1679 1024 1798 1101 poetas
1826 1013 1946 1083 illatus
1966 1010 2079 1085 Coelo
2105 1031 2143 1087 et

111 1112 208 1183 viros
220 1108 394 1179 maculam
409 1105 639 1190 contraxisse,
655 1108 743 1176 dum
757 1108 797 1179 in
813 1110 929 1179 fronte
947 1132 1101 1201 opuscu-
1151 1108 1279 1180 Martis
1301 1111 1429 1179 domus
1451 1110 1595 1180 effectus
1616 1112 1809 1181 maximum
1834 1115 2058 1207 aequinoctii·
2074 1104 2142 1189 cir-

112 1216 231 1285 lorum
244 1232 388 1280 saxorum
406 1207 530 1277 excudi
539 1204 738 1299 Epistolam
757 1232 878 1301 passus
903 1225 955 1283 est
974 1210 1101 1281 incerti
1151 1212 1271 1281 culum
1287 1211 1416 1303 pingit:
1440 1225 1545 1304 atque
1562 1210 1643 1282 ideo
1664 1226 1704 1282 tu
1726 1214 1830 1283 etiam
1848 1240 1959 1307 quam
1979 1212 2142 1289 audacis·

114 1309 274 1388 authoris
287 1304 342 1405 *),
369 1310 408 1377 in
424 1334 493 1401 qna
510 1332 547 1378 se
566 1308 666 1379 velut
678 1307 864 1381 Danielem
879 1314 1058 1407 quendam
1080 1336 1101 1379 a
1150 1314 1238 1381 sime
1254 1325 1289 1383 et
1308 1313 1497 1383 liberrime·
1513 1337 1577 1403 per
1594 1336 1691 1384 saera
1714 1316 1904 1387 volumina
1922 1319 2140 1409 evagarise·

114 1412 258 1489 Christo
289 1412 435 1483 missum
467 1435 487 1480 a
520 1410 697 1504 plerisque
730 1413 923 1484 existimari
955 1428 991 1485 et
1017 1412 1103 1502 legit
1151 1415 1196 1484 lis
1216 1415 1294 1483 siue
1313 1416 1476 1498 ductore,
1501 1415 1579 1483 sine
1599 1417 1787 1505 magistro,
1812 1418 1883 1487 tuis
1901 1416 2139 1491 tantum'cdt-

113 1534 150 1591 et
174 1540 248 1588 non
271 1514 431 1597 erubuit,
467 1536 542 1581 non
561 1512 702 1598 abradi,
732 1538 808 1585 non
837 1515 917 1585 tolli
941 1540 1018 1585 eam
1038 1540 1103 1606 pa·
1152 1517 1275 1600 nibus,
1299 1528 1361 1586 t'uo
1375 1517 1490 1607 capite
1506 1516 1612 1585 fisus?
1645 1514 1726 1587 Noa
1743 1520 1923 1607 sicdecet,
1945 1544 2053 1596 nom·
2082 1516 2136 1595 Ad

111 1644 241 1716 pyram
256 1630 373 1686 tantae
387 1613 444 1709 (ut
457 1614 516 1684 isti
534 1611 674 1708 dicunt)
695 1616 879 1697 vanitatis,
903 1629 1021 1687 tantae
1045 1617 1102 1685 in·
1151 1614 1237 1688 haec
1251 1620 1408 1709 profecto
1422 1618 1594 1687 nescirem
1609 1642 1672 1707 ego
1691 1642 1754 1709 pro
1762 1612 1904 1691 Lucem
1917 1622 2139 1716 respondere

113 1718 362 1801 verecundiae,
387 1729 505 1786 tantae
524 1717 745 1806 arrogantiae
772 1718 884 1791 iussit.
934 1714 1012 1807 Ego
1037 1742 1103 1787 au·
1151 1719 1224 1791 Sed
1246 1744 1318 1812 quo
1341 1719 1410 1789 sibi
1437 1744 1510 1789 uon
1540 1720 1656 1787 solum
1678 1715 1931 1812 Philosophus,
1960 1736 2139 1795 veram-et

112 1839 198 1907 tem,
211 1821 272 1914 qui
288 1810 469 1889 Laterum
484 1816 706 1908 magnifacio,
728 1833 768 1890 ut
782 1819 931 1891 omnino
944 1842 1018 1888 esse
1035 1820 1103 1889 ali·
1151 1844 1275 1890 omnes
1292 1834 1420 1905 sectas,
1446 1844 1569 1889 omnes
1583 1821 1744 1907 ordines,
1769 1846 1893 1892 omnes
1911 1824 2069 1895 familias
2084 1824 2139 1897 in·

112 1925 203 2020 quid
219 1923 272 1992 illi
293 1945 374 1991 eum
388 1917 537 1990 Daniele
560 1921 769 2004 concedam,
793 1921 962 1991 offerrem
978 1920 1047 2012 ipsi
1069 1935 1103 1992 et
1150 1924 1267 1991 feneas
1281 1924 1422 2006 reddat,
1447 1947 1518 2015 quo
1534 1935 1662 1990 terram
1677 1934 1713 1992 et
1730 1924 1869 1993 coelum
1885 1938 2011 1996 contra
2031 1950 2071 1996 se
2085 1928 2140 1999 tte}

113 2024 254 2098 asseclis
273 2023 366 2107 suis,
390 2046 437 2091 an
452 2022 542 2091 forte
557 2018 686 2091 Daniel
701 2014 917 2091 Martinam
934 2044 1039 2092 suum
1063 2022 1101 2092 in
1152 2025 1296 2108 cendat,
1321 2024 1491 2093 attendite
1506 2019 1684 2117 (quaeso),
1704 2048 1773 2118 qua
1792 2027 2141 2115 moderationennut

111 2128 222 2201 ariete
250 2125 313 2193 illo
340 2122 640 2216 praecognoverit.
704 2118 797 2193 Nam
817 2123 848 2192 si
869 2138 954 2195 teste
974 2117 1102 2213 Augu·
1151 2138 1274 2195 eontra
1289 2148 1412 2193 omnes
1429 2125 1494 2193 iste
1506 2126 1683 2217 loquatur.
1734 2121 1881 2211 Omnes,
1896 2124 2140 2222 inquiesch'o-

113 2231 208 2302 utino
231 2225 329 2297 varia
355 2225 542 2295 nominum
568 2222 776 2313 significatio
806 2248 872 2317 pro
901 2225 1102 2317 linguarum
1124 2228 1130 2297 l
1152 2226 1266 2296 lastici
1291 2221 1467 2315 Theologi
1493 2226 1533 2294 in
1555 2248 1711 2295 errorem
1733 2225 1824 2318 lapsi
1843 2236 2045 2325 s'untatque
2065 2230 2141 2302 alit

113 2331 283 2403 varietate
297 2340 497 2397 sanctarum
514 2324 713 2397 litterarum
727 2325 966 2416 cognitionem
981 2328 1104 2419 aperit,
1152 2328 1366 2417 vertiginum
1395 2352 1435 2397 ac
1461 2327 1645 2397 turbinum
1671 2351 1776 2397 causa
1797 2330 1911 2415 fuere,
1953 2334 2053 2425 quod
2083 2330 2140 2425 pia

44 2468 47 2473 ·
113 2454 268 2503 curuon
280 2421 416 2497 Lateri
428 2440 630 2512 sectatores,
650 2427 771 2497 sinon
785 2428 902 2521 ipsum
917 2427 1103 2499 Danielem
1152 2433 1305 2523 quadam
1322 2428 1545 2521 simplicitate
1564 2426 1623 2522 (ut
1638 2443 1738 2499 erant
1751 2424 1904 2499 humiles
1919 2430 2043 2527 sensu)
2060 2428 2140 2503 Ari·

112 2534 293 2629 quendam
313 2531 427 2599 facere
446 2540 610 2621 possunt,
643 2529 770 2600 saltem
791 2553 812 2600 a
831 2527 982 2601 Daniele
1000 2554 1104 2622 prae-
1151 2532 1313 2601 stotelem
1328 2530 1428 2623 sequi
1441 2530 1636 2615 voluerint,
1658 2531 1828 2624 quoniam
1846 2532 1951 2603 illum
1971 2534 2142 2607 videbant

113 2637 230 2705 visum
252 2632 452 2716 obtineant,
471 2630 761 2724 quandoquidem
776 2629 858 2703 ltali
879 2633 1001 2722 lingua
1022 2655 1104 2702 ver.
1152 2632 1198 2702 ab
1228 2632 1380 2702 indoctis
1411 2645 1447 2702 et
1472 2626 1655 2703 Christum
1688 2632 1938 2720 ignorantibus
1974 2636 2016 2705 in
2047 2642 2141 2707 tanta

115 2736 241 2808 nacula
261 2734 386 2806 arictes
398 2726 593 2801 Martinus
613 2732 817 2824 appellent?
867 2730 1104 2805 Gratulentur
1153 2729 1379 2804 authoritatis
1406 2732 1634 2802 veneratione
1662 2726 1806 2819 lraberi,
1843 2748 1879 2805 et
1914 2736 1965 2807 sic
1998 2738 2140 2831 quando

114 2842 234 2932 itaque
261 2831 452 2915 Martiae,
489 2829 662 2903 llIortioo
693 2835 927 2927 applaudant,
959 2830 1104 2905 Marti-
1152 2830 1360 2905 scholastica
1389 2828 1586 2923 Tlteologia
1615 2833 1766 2926 incepit,
1803 2831 2004 2928 Theologia
2029 2836 2140 2929 mods

113 2964 203 3011 num
221 2939 373 3009 exaltent
386 2951 443 3021 et,
466 2948 507 3005 ut
524 2932 582 3004 his
596 2936 766 3028 proximis
781 2937 877 3007 ludis
895 2937 1104 3027 agonalibus
1152 2950 1318 3007 evacuata
1351 2949 1403 3006 est
1435 2948 1541 3030 atque
1574 2926 1693 3005 omnia
1719 2936 1826 3027 plane
1852 2960 2032 3028 perversa,
2094 2930 2142 3011 At

114 3042 252 3117 Romae
271 3040 443 3123 vidimus,
466 3037 613 3108 arietem
634 3033 843 3131 triumphali
861 3064 969 3110 curru
986 3040 1103 3132 impo-
1152 3037 1329 3128 indignati
1337 3032 1548 3128 Philosophi
1563 3036 1653 3105 bene
1668 3037 1853 3131 inquiunt3
1866 3032 2081 3127 startiam,
2097 3048 2141 3111 ns

114 3157 204 3215 naut
228 3155 263 3211 et
287 3164 374 3230 euge
395 3141 451 3224 io,
493 3137 532 3208 lo
556 3162 643 3230 euge
675 3141 907 3215 conclament.
980 3138 1103 3213 Unum
1152 3163 1291 3211 errores
1321 3140 1378 3209 sui
1404 3133 1736 3229 deprehendantur,
1778 3138 1926 3232 aliisque
1955 3142 2140 3231 caliginem

115 3261 236 3317 tamen
257 3238 401 3338 (credo)
421 3239 608 3313 Martinali
627 3236 711 3313 huie
734 3238 918 3335 triumpho
938 3243 1104 3329 obstabit,
1150 3266 1299 3332 opacam
1331 3264 1373 3309 ae
1405 3239 1741 3311 tenebricosissimas
1777 3242 1941 3312 tenebras
1971 3242 2142 3329 offundat,

114 3348 227 3441 quod·
242 3345 325 3415 licet
347 3338 543 3411 Martinus
565 3342 693 3413 Martis
718 3345 827 3415 decos
853 3346 1102 3436 opinationum
1151 3344 1263 3436 impia
1279 3342 1432 3436 quadam
1445 3341 1653 3433 duplicitate
1670 3339 1728 3435 (ut
1743 3344 1982 3433 estsuperbus
2001 3358 2038 3415 et
2053 3344 2141 3417 uua

115 3472 259 3519 suarum
284 3444 454 3514 cornibus
486 3444 589 3513 feriat
627 3458 662 3515 et
692 3470 714 3513 a
740 3468 860 3516 verme
890 3446 952 3517 illo
980 3449 1104 3538 capitis
1154 3441 1276 3538 sensa)
1293 3438 1520 3514 Aristotelem
1542 3442 1668 3512 irridet
1685 3458 1720 3515 et
1734 3444 1946 3525 contemnit,
1972 3447 2140 3540 quoniam

115 3550 287 3621 excitetur
299 3547 344 3616 ad
359 3567 531 3636 pugnam,
553 3544 645 3629 licet,
671 3546 829 3638 inquam,
851 3546 1056 3637 magnificas
1070 3562 1105 3619 et
1153 3571 1236 3616 eam
1256 3544 1354 3615 videt
1371 3558 1409 3615 et
1428 3544 1564 3613 insidet
1593 3566 1614 3613 a
1633 3539 1855 3615 Doctissimis
1874 3545 1965 3615 viris
1983 3560 2022 3619 et
2039 3544 2142 3619 Clui-

27 3648 30 3653 ’
117 3649 282 3723 sublimis
309 3659 492 3740 appareat,
527 3645 647 3715 veniet
671 3640 792 3717 hircus
818 3661 853 3717 et
876 3649 951 3719 eius
971 3674 1104 3720 cornua
1154 3662 1249 3721 stum
1270 3668 1353 3715 vere
1375 3645 1567 3715 scientibus
1591 3657 1633 3715 nt
1652 3642 1781 3735 Ingens
1801 3670 1842 3715 ac
1857 3643 2003 3718 lllustre
2019 3644 2093 3719 Dei
2110 3660 2142 3719 et

117 3750 331 3839 confringet,
352 3748 397 3818 ad
413 3761 543 3817 terram
558 3762 774 3838 prosternet,
798 3751 1105 3845 conculcabitque:
1155 3762 1303 3819 naturae
1326 3749 1460 3817 donum
1482 3746 1522 3815 in
1542 3740 1680 3816 ltonore
1697 3741 1843 3831 haberi,
1867 3760 1902 3819 et
1919 3748 1970 3819 sic
1986 3744 2143 3823 Theolo-

118 3854 227 3923 immo
250 3851 320 3920 iam
338 3850 422 3920 vicit
440 3845 578 3934 hircus,
596 3845 852 3921 vicitChristus
869 3865 904 3921 et
924 3876 1105 3943 persuum
1156 3850 1250 3941 giam
1278 3843 1520 3919 scholasticam
1546 3870 1662 3918 novus
1686 3845 1753 3919 iste
1779 3844 1933 3939 Gorgias
1961 3872 2143 3923 eremum

117 3955 291 4026 vicariam
319 3951 419 4021 istius
439 3951 601 4040 dogrnata
620 3951 771 4043 explosit
789 3967 894 4045 atque
913 3954 1105 4025 damnavit.
1157 3946 1392 4039 Theologiam
1411 3949 1558 4041 quidem
1583 3948 1696 4019 crucis
1728 3962 1763 4019 et
1785 3947 1974 4021 Paulinam
1993 3952 2143 4045 promit·

119 4055 265 4138 Verum,
286 4055 382 4124 unde
398 4052 555 4123 discessit
571 4052 698 4139 oratio,
721 4067 927 4125 revertatur.
976 4054 1106 4126 Nonne
1156 4054 1217 4139 tit,
1247 4075 1329 4120 mox
1353 4066 1471 4121 tamen
1485 4048 1760 4136 Martinianam,
1786 4052 1904 4121 nescio
1924 4076 1971 4122 ne
1988 4050 2143 4127 Chroni-

117 4154 237 4241 exhis,
251 4179 340 4250 quae
356 4155 577 4238 adduximus,
590 4155 1107 4246 apertissimeconstatethi-
1158 4178 1236 4225 eam
1257 4176 1305 4223 an
1324 4152 1481 4222 fabulam
1508 4146 1750 4237 exltibitums,
1786 4153 1887 4223 cuius
1916 4166 2038 4227 aemm
2061 4154 2143 4229 nlti-

118 4255 320 4352 losopbiam
350 4271 383 4326 et
413 4251 700 4331 Mathematicam
734 4257 856 4328 multis
884 4259 1003 4328 modis
1033 4282 1107 4328 esse
1158 4279 1258 4325 mum
1281 4252 1417 4344 decepti
1441 4264 1650 4343 spectatores
1671 4252 1868 4327 exsibilent.
1918 4252 2070 4327 Interim
2094 4270 2144 4331 n-

120 4362 193 4431 illis
213 4358 460 4440 neeessariam,
481 4356 543 4449 qui
557 4357 732 4425 adseram
749 4359 953 4431 divinarum
972 4360 1108 4431 littera-
1157 4380 1240 4427 men
1260 4356 1346 4426 dum
1367 4352 1476 4424 Mimi
1499 4353 1629 4424 saltant
1653 4368 1689 4424 et
1708 4377 1812 4425 scena
1830 4354 1939 4441 ridet,
1971 4356 2144 4448 gloriosus

119 4486 201 4534 rom
225 4459 405 4530 seientiam
428 4458 616 4550 pervenire
637 4460 872 4553 desydorant?
928 4458 1003 4531 Cur
1025 4484 1108 4551 ergo
1158 4454 1218 4529 laic
1239 4456 1313 4537 vir,
1340 4456 1402 4549 qui
1418 4456 1583 4547 plausum
1597 4468 1787 4547 exspectat,
1806 4455 2002 4529 insolenter
2013 4460 2145 4533 fastidit

119 4565 223 4635 illam
237 4556 433 4631 Martinus
449 4553 667 4649 Theologiae
688 4574 820 4652 pestem
841 4563 967 4633 vocat?
1007 4561 1107 4652 Quid
1158 4580 1300 4639 omnes,
1325 4552 1523 4640 Thomam,
1553 4553 1859 4642 Bonaventuram,
1886 4556 2065 4650 Magnmn
2083 4558 2145 4633 sll-

117 4666 151 4735 ei
164 4677 200 4735 et
215 4664 290 4756 ipsa
305 4686 347 4731 ex
368 4656 425 4730 bis
438 4660 574 4731 irritata
589 4661 640 4730 sic
655 4664 906 4752 responderet?
955 4662 1028 4749 Tu,
1047 4652 1109 4737 Tu
1159 4664 1320 4744 bertum,
1350 4654 1592 4729 Alexandrum
1609 4656 1824 4743 Alesanum,
1846 4657 2016 4747 Scomm,
2040 4658 2145 4753 Aegi„

120 4761 309 4847 Martiae,
339 4761 400 4833 Tu
423 4785 506 4831 vere
527 4757 743 4850 Theologiae
763 4766 886 4855 pestis:
922 4764 982 4837 Tu
1004 4768 1110 4837 fami·
1159 4764 1279 4847 dium,
1306 4760 1535 4831 Franciscum
1554 4756 1849 4853 bhayronensem,
1882 4756 2145 4837 ThomamAr·

121 4870 189 4940 liae
209 4864 490 4956 Augustinianae
512 4863 623 4933 labes:
656 4862 716 4935 Tu
733 4862 951 4938 Germaniae
976 4871 1109 4940 clades:
1159 4863 1423 4957 gentineusem,
1471 4857 1713 4950 Augustinum
1735 4856 2024 4951 Anconitanum,
2071 4860 2145 4937 Aa·

19 5018 27 5043 t
122 4969 181 5047 Tu
202 4965 424 5045 Christianae
444 4964 660 5055 reipublicae
684 4990 878 5044 venenum.-
943 4968 1004 5041 Tu
1036 4994 1110 5042 nou
1160 4967 1345 5049 toninum,
1376 4962 1607 5054 Capreolum,
1643 4975 1748 5057 atque
1766 4962 1872 5032 ctiam
1893 4978 2076 5038 sexcernos
2097 4978 2145 5039 b

1035 5110 1039 5115 -
1161 5071 1214 5140 les
1244 5065 1430 5149 illusores,
1454 5059 1708 5148 scholasticos,
1739 5058 1922 5135 Christum
1946 5067 2145 5153 nescientes.

123 5194 400 5227 *τ’*-
1161 5170 1336 5241 mundum
1362 5167 1553 5258 sapientes,
1592 5161 1809 5256 Theologiae
1828 5166 1943 5239 crucis
1965 5182 2145 5241 evacuato-

156 5330 484 5459 Μ
533 5330 705 5403 ΜΜ
1163 5264 2145 5457 ουοιΡἫῗἫ
