4500 5782
164 250 239 337 ees
679 332 716 393 ι,
752 235 1207 341 uersrouanuu
1235 242 1342 322 nra.
1375 237 1453 337 11.)
1478 241 1607 335 caeo.
2130 244 2202 333 sn

165 447 240 497 nou
260 444 361 516 posse
393 420 432 489 in
460 417 543 489 fidei
571 438 691 487 canna
725 417 770 486 ab
800 416 864 502 iis,
897 438 985 510 quos
1013 415 1158 509 spiritus
1207 415 1286 490 cios
1296 411 1420 513 fiunt,
1444 412 1699 516 plenariorum
1721 406 1973 505 Conciliorum
1994 412 2205 505 amoenati,

165 540 306 599 unctus
327 521 541 594 convocarit.
599 516 675 590 Iam
694 513 779 605 hos,
803 519 900 590 unde
921 531 1056 590 certum
1080 520 1157 608 erit,
1232 514 1408 616 uocfiunt
1424 542 1472 595 ea
1488 517 1656 593 uniuerso
1674 515 1759 595 orbe
1774 511 2014 607 Christiano,
2036 513 2128 611 sires¹
2141 512 2203 609 ut-

165 643 288 703 autore
311 625 441 717 spiritu
458 635 578 693 sancta
601 635 809 692 consecratos
830 644 922 707 esse,
946 620 1018 691 nisi
1034 644 1075 695 ea
1095 622 1158 693 de-
1206 544 1258 697 its
1285 619 1509 719 ambagibus
1537 616 1673 706 cedere,
1710 619 1864 723 ipsaque
1888 615 2066 720 plenario
2095 610 2204 721 saepe

164 740 311 809 cernant
325 727 375 824 ⁴),
400 749 490 819 quae
509 738 644 795 certum
666 737 716 794 est
737 749 758 797 a
778 723 906 816 spiritu
929 735 1050 793 sancto
1072 749 1158 820 pro-
1204 724 1335 826 priora
1348 722 1611 827 posterioribus
1630 719 1828 796 emendari.
1874 723 1989 801 ‚Vides
2004 721 2095 821 quid
2115 725 2205 809 seri·

165 835 241 906 dita
257 855 352 915 esse,
378 842 482 921 atque
503 828 589 896 adeo
664 850 703 895 ae
725 827 898 919 scriptura
920 827 1062 920 probat:
1087 827 1157 897 nisi
1207 845 1347 924 ptume,
1377 831 1466 926 quid
1494 829 1654 900 conciliis
1677 828 1811 901 tribuat
1833 816 2087 923 Augustinus,
2117 821 2231 907 δη·

163 938 296 1007 frustra
317 925 465 1001 Paulus
486 923 524 997 T
524 926 612 997 imot
642 949 721 998 eum
744 953 784 998 ea
806 929 898 999 tueri
918 929 1035 1016 iubet,
1068 953 1158 1024 quae
1208 933 1304 1002 enim
1316 933 1390 1003 labi
1406 957 1507 1026 posse
1521 933 1666 1018 fatetur,
1692 932 1736 1001 de
1760 931 1823 1003 illa
1843 955 1928 1003 vero
1951 929 2204 1013 dubitaremu-

164 1039 268 1123 sciat,
292 1035 387 1104 unde
408 1031 582 1102 didicerit.
633 1030 772 1102 Scimus
793 1031 938 1125 spiritus
959 1032 1072 1104 sancti
1092 1033 1158 1102 do-
1207 1037 1259 1106 fas
1291 1048 1419 1111 censet.
1481 1033 1604 1128 Nuper
1630 1059 1670 1104 eo
1699 1056 1812 1129 usque
1846 1031 2018 1128 processit
2042 1031 2205 1117 andacia,

164 1140 316 1219 ctrinam
339 1160 432 1221 esse,
467 1147 637 1227 quaeest
668 1134 847 1204 canonicis
877 1133 980 1203 libris
1006 1135 1158 1227 prodita.
1206 1151 1249 1210 nt
1268 1150 1302 1208 et
1316 1135 1527 1209 Pontificem
1549 1136 1623 1208 labi
1645 1150 1825 1228 negarent.
1884 1131 2013 1232 Sergii
2031 1134 2205 1227 tempori-

163 1239 387 1317 Nonscimus
404 1237 549 1329 spiritus
562 1237 674 1306 sancti
691 1260 774 1321 esse,
800 1237 896 1330 quod
913 1237 1075 1308 conciliis
1087 1251 1159 1309 sta-
1207 1243 1275 1313 bns
1294 1240 1401 1310 fuisse
1423 1240 1606 1326 feruntur,
1633 1240 1694 1334 qui
1715 1264 1781 1310 nec
1797 1261 1935 1324 errare,
1958 1261 2024 1309 nec
2039 1236 2205 1319 damuati

162 1345 295 1427 usian,
325 1341 397 1410 nisi
420 1363 499 1409 cum
520 1339 691 1431 scriptura
713 1340 911 1412 conveniat
965 1339 994 1408 si
1012 1341 1157 1434 quidem
1208 1366 1310 1439 posse
1329 1341 1537 1415 Pontificem
1561 1340 1659 1417 Max.
1680 1342 1884 1419 voluerunt.
1942 1336 1986 1410 ld
2007 1338 2109 1434 quod
2128 1360 2204 1409 non

165 1471 208 1517 ex
230 1444 406 1516 fructibus
429 1442 594 1512 arborem
615 1442 870 1513 aestimandam
891 1437 1055 1513 Christus
1079 1468 1158 1514 mo-
1208 1447 1315 1515 modo
1338 1470 1359 1517 a
1382 1446 1573 1538 scriptura,
1612 1446 1674 1515 sed
1699 1458 1734 1515 et
1759 1469 1779 1515 a
1807 1442 1989 1514 communi
2014 1435 2205 1513 hominum

163 1563 245 1632 net,
270 1547 421 1616 maxime
444 1568 525 1613 cum
546 1567 621 1612 non
641 1557 791 1628 constet,
817 1557 990 1638 quatenus
1012 1567 1047 1613 se
1072 1569 1159 1615 con·
1208 1570 1315 1619 seusu
1337 1544 1516 1622 abhorret.
1571 1542 1620 1618 Et
1642 1547 1681 1645 in
1703 1543 1887 1619 Pontificis
1902 1541 1931 1640 ⁸)
1958 1543 2098 1635 legibus
2128 1566 2205 1625 non

164 1651 257 1731 ciliis
280 1648 460 1740 impertiat
483 1646 626 1717 divinus
648 1647 812 1738 spiritus,
836 1671 916 1716 cum
939 1663 1160 1739 compertum
1208 1650 1316 1721 modo
1339 1651 1573 1733 conciliorum
1593 1649 1864 1719 constitutiones
1885 1670 1967 1718 cum
1986 1640 2204 1736 Evangelia»

164 1755 210 1827 sit
230 1778 270 1823 ea
293 1751 398 1822 toties
419 1771 562 1820 errasse.
614 1742 674 1819 Ad
689 1739 906 1818 Corinthios
923 1750 1046 1821 scribit
1057 1744 1159 1842 Apo-
1208 1752 1370 1824 doctrina
1389 1766 1657 1846 comparantur,
1682 1752 1743 1820 sed
1761 1744 2205 1829 etPontificumCauanet·

164 1858 276 1929 stolus
287 1847 720 1937 deChristianadoctrina,
735 1842 1039 1941 Fundamentum
1048 1844 1162 1921 aliud
1209 1853 1269 1927 Sic
1298 1854 1394 1924 enim
1415 1847 1496 1926 Leo
1523 1855 1641 1950 inquit
1661 1852 1779 1924 verbis
1798 1852 1879 1946 plus
1898 1875 2007 1946 quam
2024 1848 2204 1941 Tragiris:

161 1957 256 2059 poni
268 1980 342 2028 non
354 1976 472 2052 posse,
486 1961 631 2050 praeter
644 1945 688 2022 id
694 1945 796 2050 quod
803 1951 963 2051 positum
979 1961 1042 2038 est,
1061 1944 1158 2025 Cae·
1209 1950 1334 2055 Quam
1351 1954 1395 2027 ob
1407 1980 1578 2028 caussam
1595 1951 1816 2027 luculentius
1829 1961 1862 2023 et
1876 1976 2018 2048 magna
2029 1972 2109 2037 oasa
2145 1972 2205 2023 ro·

164 2071 291 2146 terum,
314 2052 520 2154 superstrui
530 2077 635 2152 posse
651 2077 803 2137 aurum,
826 2064 1038 2150 argentum,
1058 2051 1159 2154 Iapi—
1208 2057 1383 2130 nunciare
1399 2083 1474 2129 non
1485 2056 1608 2129 timeo:
1624 2057 1713 2156 quia
1726 2080 1792 2155 quc
1809 2051 1994 2153 illa,quae
2007 1974 2205 2153 prouisi-

161 2158 228 2239 des
252 2157 452 2261 preciosos,
487 2154 612 2250 ligna,
634 2155 809 2254 foenum,
841 2153 1039 2256 stipulam,
1065 2181 1159 2256 qrrae
1209 2187 1307 2245 mus,
1327 2154 1533 2237 S.Patrum
1549 2168 1711 2241 statuta,
1730 2149 2004 2257 quaeConones
2021 2150 2205 2241 duratur,

165 2262 244 2338 dies
259 2258 403 2334 domini
415 2254 670 2328 declaraturus
682 2256 743 2333 sit.
769 2259 850 2348 Qua
864 2262 1037 2333 sententia
1049 2261 1159 2351 signi-
1209 2262 1284 2335 sior
1296 2261 1346 2333 sit
1355 2260 1580 2362 Episcopus,
1600 2252 1865 2342 siocClericus‚
1890 2253 2119 2339 siueLaicus
2131 2282 2204 2331 non

164 2370 265 2451 fleat,
291 2367 385 2434 inter
399 2362 583 2450 ambigua,
606 2375 639 2432 et
654 2364 751 2455 quod
764 2364 882 2448 aiunt,
909 2363 949 2431 in
963 2363 1080 2433 medio
1103 2389 1160 2434 rc-
1210 2359 1462 2469 indifferenter
1479 2365 1629 2464 recipere
1646 2361 1880 2450 concinnitur,
1894 2384 1956 2433 nec
1971 2354 2206 2447 attalicum,

165 2469 404 2564 linquendum
438 2487 529 2549 esse,
570 2463 602 2533 si
631 2464 719 2558 qnid
748 2465 940 2537 canonicae
969 2466 1160 2554 doctrinae,
1211 2461 1665 2567 necApostoiieomfidem,
1678 2489 1740 2537 nec
1754 2472 1886 2543 sancto
1903 2458 2205 2563 quotuorann-

165 2596 258 2669 quae
291 2569 564 2641 fundamentum
594 2579 645 2636 est
672 2561 951 2654 Christianismi,
996 2570 1159 2658 addatur,
1207 2567 1329 2668 getica
1346 2567 1487 2642 utiliter
1502 2579 1535 2644 et
1553 2564 1750 2671 efficaciter
1762 2560 1817 2637 od
1834 2559 1998 2671 effectum
2012 2588 2124 2641 suurn
2150 2589 2222 2637 rt·-

166 2697 295 2766 nempe
317 2672 414 2768 quod
439 2670 515 2739 dies
541 2668 680 2738 domini
704 2669 897 2763 aliquando
920 2672 1161 2745 declaraturus
1211 2673 1323 2746 tinere
1338 2670 1394 2744 oei
1410 2667 1547 2744 credere
1563 2670 1754 2771 probatur.
1805 2669 1925 2761 Quam
1946 2668 1997 2739 im
2021 2669 2206 2743 edentium

167 2780 223 2852 sit.
265 2770 356 2848 Non
371 2765 622 2844 contemnendi
632 2779 718 2840 sunt
733 2768 904 2869 spiritus,
925 2782 990 2843 aut
1003 2765 1161 2871 propfet-
1211 2778 1291 2874 quis
1316 2776 1427 2849 ferat?
1478 2776 1588 2866 Leges
1605 2799 1685 2846 suas
1701 2776 1792 2844 bene
1813 2693 2023 2849 constitui
2046 2771 2206 2850 civitates

167 2879 259 2965 tiae,
293 2891 335 2948 ut
354 2878 400 2946 ad
420 2867 767 2943 Thessalonicenses
799 2875 969 2966 scriptum
997 2889 1065 2963 est,
1097 2869 1165 2946 sed
1211 2880 1385 2974 aequitate
1400 2890 1546 2949 naturae
1562 2878 1774 2948 metiuntur:
1799 2892 1863 2946 sua
1884 2874 2015 2967 placita
2033 2896 2112 2954 nou
2133 2875 2207 2945 ui·

165 2973 365 3083 probandi.
417 2975 528 3046 Index
542 3000 625 3046 vero
640 2999 701 3059 sen
721 2976 840 3071 lydius
864 2977 972 3069 lapis,
998 2979 1043 3048 ad
1058 3002 1163 3074 quem
1213 2995 1271 3075 gat
1290 2983 1335 3053 ad
1352 2982 1563 3075 scripturam
1578 2974 1760 3050 Ecclesia?
1785 2977 1815 3045 si
1829 2977 1942 3047 errari
1954 2974 2118 3057 conciliis
2130 2999 2206 3051 uon

169 3084 261 3177 exigi
290 3075 499 3178 prophetiae
531 3079 686 3169 possint,
728 3103 849 3148 nonne
881 3080 1054 3172 scriptura
1089 3081 1164 3152 est?
1211 3097 1327 3178 potest
1339 3084 1378 3152 in
1392 3084 1476 3153 fidei
1489 3105 1626 3167 caussa,
1650 3076 1745 3150 nihil
1760 3080 1868 3151 refert
1883 3079 1923 3147 in
1937 3078 2093 3173 synodos
2110 3077 2205 3151 docti

169 3188 279 3279 Quod
299 3185 404 3274 volgo
424 3195 605 3274 receptum
623 3195 693 3267 est,
715 3182 866 3252 concilia
884 3183 923 3251 in
943 3183 1028 3253 fidei
1042 3207 1162 3255 caussa
1212 3212 1259 3259 an
1281 3186 1418 3257 indocti
1438 3200 1638 3259 evocentur.
1691 3180 1799 3272 Quod
1820 3182 1850 3251 si
1871 3181 1997 3265 refert,
2024 3180 2116 3274 quid
2140 3180 2205 3255 ob·

169 3312 287 3363 errare
308 3310 383 3357 non
399 3307 519 3376 posse,
551 3307 627 3355 non
653 3284 760 3376 paulo
789 3285 938 3355 liberius
962 3286 1034 3357 dici
1064 3300 1163 3380 puto,
1212 3303 1298 3376 stat,
1320 3314 1383 3360 cur
1405 3312 1523 3358 errare
1539 3310 1641 3380 posse
1661 3286 1815 3380 synodos
1833 3281 2024 3373 negemus?
2073 3278 2205 3363 Nonne

169 3415 299 3483 nempe
320 3401 460 3481 praeter
477 3387 670 3478 scripturae
690 3387 933 3472 autoritatem,
959 3412 1164 3484 quanquam
1212 3392 1415 3463 indubium
1429 3403 1533 3461 vocat
1545 3389 1770 3460 autoritatem
1783 3385 1928 3458 concilii
1939 3382 2124 3470 Pontifex,
2143 3382 2206 3480 qni

169 3492 239 3569 hoc
263 3493 380 3585 ipsum
403 3487 533 3557 frivolo
555 3511 620 3578 per
637 3481 799 3557 Charites
825 3502 1042 3578 commento,
1066 3514 1165 3561 nunc
1212 3496 1316 3564 abeo
1337 3489 1668 3563 sedemtltomanam
1693 3488 1961 3561 iudicarinefas
1983 3486 2123 3565 censet?
2162 3484 2206 3561 ln

170 3599 220 3673 ita
241 3603 439 3685 temperant
458 3590 622 3683 quidam,
646 3601 687 3658 ut
701 3589 820 3659 dicant
834 3591 1026 3661 concilium
1048 3616 1164 3662 errare
1212 3620 1354 3667 morum
1386 3594 1687 3685 disputationibus
1719 3592 1758 3660 in
1789 3588 2044 3682 componendis
2080 3588 2207 3663 litibus

170 3722 247 3773 non
271 3719 392 3791 posse,
423 3715 548 3762 verum
571 3691 732 3791 eiceret,
766 3716 842 3761 non
866 3715 938 3763 esse
960 3693 1165 3781 concilium,
1213 3697 1351 3794 quoties
1374 3709 1529 3766 erratum
1552 3709 1604 3768 est
1624 3720 1643 3765 a
1665 3693 1958 3763 memorabilibus
1985 3690 2153 3786 synodis,
2184 3714 2206 3763 a

172 3803 234 3874 sed
259 3795 553 3878 conciliabulum,
580 3793 678 3887 quod
701 3795 804 3886 quale
830 3795 893 3877 sit,
927 3796 1007 3890 quis
1028 3811 1079 3868 est
1101 3798 1164 3892 qui
1213 3800 1427 3895 quibusdam
1445 3798 1535 3869 etin
1556 3797 1639 3867 fidei
1659 3797 1799 3868 caussis.
1850 3792 2025 3878 Proinde,
2050 3816 2134 3865 cnm
2149 3816 2205 3865 er·

171 3927 248 3978 non
262 3896 461 3988 intelligat?
511 3894 552 3967 si
567 3895 679 3966 errari
692 3896 751 3965 vel
771 3921 835 3989 per
854 3899 1005 3968 concilia
1027 3901 1084 3969 vel
1101 3925 1166 3994 per
1212 3903 1285 3984 rari
1299 3925 1400 3995 posse
1417 3901 1576 3970 conciliis
1593 3924 1660 3971 usu
1679 3915 1899 3990 compertum
1915 3896 1981 3981 sit,
2004 3918 2083 3968 non
2103 3918 2205 3988 posse

173 4002 429 4086 conciliabula,
462 4021 551 4092 quae
578 4010 726 4085 vocant,
757 4013 890 4092 potest,
923 3997 1026 4071 Certe
1049 4003 1165 4074 iudice
1212 4006 1375 4076 nondum
1395 4002 1585 4096 probatum
1607 4003 1670 4086 sit,
1702 4024 1765 4070 cur
1791 3998 1959 4070 articulos
1982 3997 2066 4072 fidei
2090 3998 2206 4069 dicam

173 4108 347 4200 scriptura
368 4125 457 4195 opus
480 4113 550 4186 est,
575 4124 666 4193 quae
689 4090 786 4193 quod
805 4105 985 4174 decretum
1009 4119 1079 4192 est,
1104 4121 1166 4179 aut
1212 4103 1565 4197 bominumplacita?
1616 4103 1757 4194 Quaeso
1773 4097 1935 4173 teHesse
1953 4094 2025 4171 huc
2045 4100 2207 4175 animum

174 4211 373 4291 confirmet,
398 4218 459 4275 ant
472 4203 621 4273 refellat.
672 4198 839 4299 Alioqui,
864 4207 1043 4298 quomodo
1058 4207 1166 4277 scire·
1214 4208 1461 4292 adcommoda,
1491 4222 1525 4279 et
1548 4231 1624 4277 rem
1647 4207 1759 4299 ipsam
1785 4203 1933 4297 propius
1955 4202 2207 4296 contemplare,

174 4336 264 4397 snus,
278 4307 470 4382 concilium
483 4304 601 4391 fuerit,
620 4328 666 4372 an
684 4307 974 4393 conciliabulum,
990 4333 1060 4402 quo
1080 4311 1166 4381 defi·
1215 4310 1397 4384 Divinitas
1414 4311 1556 4402 prodita
1571 4323 1623 4379 est
1638 4308 1829 4400 scriptura,
1855 4329 1945 4398 quae
1962 4305 2026 4390 sit,
2048 4317 2091 4377 nt
2102 4292 2206 4379 Petili

173 4415 292 4487 nitum
308 4426 375 4495 est,
400 4407 497 4503 quod
514 4409 605 4477 forte
617 4407 760 4479 fortuna
781 4409 820 4478 in
838 4411 1080 4503 quaestionem
1101 4439 1167 4484 so·
1214 4414 1323 4484 verbo
1346 4426 1444 4496 utar,
1467 4409 1707 4507 Hypotyposis
1731 4434 1770 4479 ac
1793 4408 1972 4500 exemplar
1992 4406 2095 4491 fidei,
2119 4428 2207 4489 eon.-

174 4530 286 4590 catnr.
342 4510 457 4581 Divus
476 4503 710 4603 Augustinus
738 4525 862 4582 contra
884 4509 1087 4584 Donatistas
1107 4517 1167 4603 ait,
1215 4530 1270 4589 tra
1291 4539 1397 4610 quam
1413 4509 1584 4584 Consiliis
1610 4507 1702 4584 nihil
1724 4524 1875 4581 statuere
1896 4510 1950 4587 fas
1968 4522 2030 4589 est.
2081 4506 2207 4605 Neqm

176 4605 647 4715 ScripturamCanonicam
664 4611 789 4683 ceteris
805 4635 849 4683 oc
864 4611 951 4684 nori
963 4615 1172 4687 testamenti
1216 4618 1299 4695 satis
1317 4630 1454 4695 constat
1472 4617 1581 4688 errari
1604 4613 1749 4710 synodis
1769 4636 1844 4683 non
1863 4634 1976 4704 posse,
2035 4606 2081 4679 ln
2099 4604 2206 4689 bissi

177 4715 346 4793 carnibus
373 4711 637 4813 posterioribus
660 4709 929 4812 Episcoporum
962 4714 1080 4789 literis
1113 4719 1168 4790 ita
1216 4720 1304 4817 quid
1320 4721 1500 4791 decretum
1516 4734 1584 4805 est,
1610 4719 1705 4812 quod
1728 4715 1774 4785 ad
1798 4715 2009 4806 scriptrnam
2030 4710 2125 4804 exigi
2142 4734 2208 4787 ue-

175 4816 366 4924 praeponi,
380 4825 418 4887 ut
433 4811 475 4886 rie
492 4839 533 4886 ea
549 4811 719 4887 dubitari
729 4841 773 4886 ac
784 4811 983 4916 disceptari
995 4846 1069 4892 non
1083 4846 1170 4919 pos·
1217 4823 1315 4917 quit,
1343 4821 1532 4894 articulum
1554 4820 1638 4891 fidei
1660 4818 1781 4890 vocari
1803 4814 1971 4912 patieris?
2021 4812 2118 4887 Sane
2144 4814 2207 4889 do-

177 4925 238 5013 sit,
261 4932 383 4995 utrum
397 4943 529 5004 oerum,
551 4914 608 4989 rel
620 4927 741 4989 utrum
757 4929 889 4991 rectum
905 4918 966 5005 sit,
986 4919 1173 5024 quidquid
1218 4925 1329 4995 miror
1364 4923 1494 5020 quibus
1526 4922 1683 5016 primum
1714 4919 1898 5005 autoribus
1935 4917 2119 5007 vulgatura
2152 4916 2208 5002 sit,

178 5027 219 5101 in
242 5052 284 5098 ea
308 5020 483 5125 scriptum
505 5044 580 5092 esse
602 5020 811 5093 constiterit.
875 5020 923 5097 Et
945 5029 1169 5120 paulopost:
1217 5025 1377 5099 Consilia
1398 5050 1514 5096 errare
1534 5050 1608 5096 non
1629 5046 1741 5117 posse.
1793 5020 2093 5092 Memorabilibns
2111 5033 2207 5090 vete-

177 5124 368 5209 Concilia,
394 5149 489 5224 quae
503 5148 568 5223 per
583 5121 758 5219 singulas
774 5123 937 5220 regiones
955 5123 1010 5199 oei
1020 5129 1171 5228 prouin-
1217 5154 1299 5201 rum
1323 5130 1467 5224 synodis
1498 5128 1585 5199 citra
1617 5127 1809 5218 scripturae
1840 5122 2068 5221 suffragium,
2114 5116 2206 5193 nihil

181 5339 471 5364 “⁶-

230 5465 260 5527 4)
280 5460 439 5529 dtsstfflssll
456 5457 505 5530 ΡΨ·
519 5454 599 5523 ”nile
616 5453 676 5509 sd:
693 5462 854 5519 „cernant”
890 5405 946 5515 F..
1271 5465 1298 5533 5)
1319 5462 1471 5528 pontificis]
1491 5457 1541 5534 Ep.
1552 5456 1669 5531 pritrrmn
1684 5457 1747 5523 eda
1761 5454 1939 5521 „Pontifici-'⁹
1974 5452 2010 5509 F.
