4500 5782
949 202 1426 299 ruanuouuuoa

216 393 245 467 Ι
249 389 316 466 οΙι.
339 389 589 479 Souberto,
621 385 762 461 Eccles.
786 385 919 464 Norib.
945 389 1003 463 od
1021 390 1074 465 D.
1092 390 1159 465 Se·
1213 397 1390 486 „offerre,
1417 391 1715 467 utMonooiona
1737 423 1872 470 manos
1893 401 2001 471 dedit.
2054 401 2206 475 Senten-

172 493 330 568 -tatdi
341 489 505 566 Pastore.
552 491 802 586 Noribergoe',
826 494 926 592 typis
943 506 974 566 et
990 494 1162 594 sumptib.
1216 500 1313 582 „tiae
1334 494 1495 592 Philippi
1520 496 1612 569 nihil
1642 502 1783 586 addidi,
1817 498 1911 570 nihil
1936 503 2087 595 detraxi:
2122 504 2208 589 imo,

226 592 561 697 WtsgAEndnri.
596 589 877 672 MDCXLV.
903 599 939 669 8:
962 595 1029 694 (54
1044 596 1162 695 pagg.)
1215 624 1291 686 „ne
1328 602 1415 693 quid
1448 603 1535 670 olim
1566 604 1781 672 muniendae
1812 605 1924 673 firmae
1952 606 2119 676 adversus
2153 630 2210 675 ca·

241 705 244 709 ’
270 718 397 790 Insunt
411 713 745 809 epistotaexxxvl
762 712 1060 803 attuariorum,
1076 741 1163 811 qua
1215 703 1416 787 „toraniam
1436 705 1587 788 deesset,
1610 706 1726 798 ipsam
1741 707 1936 797 exemplar,
1958 708 2052 800 quod
2072 722 2210 792 vocans,

164 848 248 894 mm
275 815 494 910 autographa
517 833 600 889 gunt
624 819 663 887 in
687 815 775 887 Cssdo
799 816 985 889 Monac,1‚
1007 821 1045 888 in
1066 820 1165 890 folio,
1216 804 1281 890 „ln
1300 800 1515 876 blbllolltettt
1530 807 1673 898 publica
1689 807 1860 899 deposui..
1880 803 1996 903 [quod
2009 807 2220 889 Simbellm,

166 925 304 996 Graeca
331 921 488 1014 epistolis
511 922 641 1011 passim
670 919 801 990 inserta
833 922 943 990 latine
971 946 1071 991 versa
1100 915 1165 990 ha.
1217 930 1253 975 se
1276 907 1464 998 diligenter
1489 908 1732 1000 inquisivisse,
1758 923 1794 978 at
1817 934 1891 978 non
1914 912 2083 1000 reperisse
2104 904 2211 981 adfirss

165 1014 297 1096 bentur
327 1025 365 1093 in
395 1024 465 1091 fine
489 1024 586 1091 libri.
643 1019 784 1092 Dicavit
809 1021 1005 1094 Saubertus
1033 1022 1164 1092 librum
1218 1021 1291 1077 mal
1320 1010 1358 1076 31¹
1390 1011 1424 1078 tl·
1454 1011 1560 1079 lister·
1591 1005 1829 1081 Nacluiehten
1861 1035 1932 1079 von
1958 1011 2047 1087 Met,
2066 1010 2210 1083 Briefeu

168 238 267 299 'um
2109 247 2205 305 ΗΠ

166 1116 363 1221 liudolpho
381 1121 561 1232 Augusto,
586 1119 678 1193 Duri
694 1121 882 1194 Brunsvic:
896 1140 930 1197 et
945 1125 1081 1196 Luneb.

272 1275 379 1346 Anno
397 1286 564 1368 sequente
579 1287 696 1343 autem
716 1273 850 1364 prodiit
862 1275 954 1345 liber
971 1277 1134 1369 quintus:

194 1394 259 1487 16)
285 1387 431 1462 Liber
461 1391 656 1486 epulatus
688 1396 725 1456 et
763 1386 963 1459 ultimus
992 1390 1167 1488 episto—

218 1493 370 1565 lorcam
386 1486 610 1588 Philippi
631 1483 1045 1578 Melanehtlronis,
1076 1488 1168 1563 hoc-

220 1609 324 1668 tenus
350 1589 496 1693 quidem
520 1586 683 1661 nondum
709 1588 909 1673 editorum,
942 1590 1009 1663 sed
1028 1621 1052 1663 a
1078 1594 1166 1664 oiris

215 1696 336 1770 'doctis
352 1694 487 1766 multos
503 1717 623 1762 annos
641 1688 933 1763 desideratarum
954 1704 984 1764 et
1002 1691 1057 1764 od
1074 1693 1167 1788 illa-

219 1795 418 1872 strandum
440 1794 640 1894 superioris
660 1793 775 1865 seculi
789 1792 987 1866 historiam
1003 1798 1167 1895 opprime

222 1901 395 1982 utilium,
448 1906 642 1969 accarone
673 1892 889 1967 Iohanne
919 1896 1167 1981 Sarbena,

222 2002 388 2079 eeclesiae
414 1987 745 2093 'Norinbergensis
785 1995 841 2069 od
876 1995 967 2070 Dio.
1011 1993 1171 2070 Seboldi

223 2088 415 2178 Pastore(
445 2097 603 2173 Accessit
636 2125 753 2173 rerum
783 2099 1078 2171 memorabilium
1108 2102 1168 2173 io-

1217 1136 1252 1202 p.
1268 1107 1362 1206 94.].
1425 1111 1576 1195 „Unmn
1599 1113 1688 1181 illud
1712 1102 1940 1181 uehementer
1958 1113 2080 1197 doleo,
2113 1118 2210 1208 quod

1218 1212 1354 1296 „editio
1379 1214 1417 1280 in
1441 1214 1557 1282 morbi
1579 1215 1649 1282 mei
1671 1226 1810 1304 tempus
1834 1214 2020 1299 inciderit,
2039 1216 2116 1285 ubi'
2130 1240 2210 1286 curu

1220 1315 1404 1403 „relegere
1434 1338 1509 1383 non
1542 1339 1698 1405 possem,
1731 1330 1845 1385 errata
1882 1316 2100 1407 irrepserunt
2136 1341 2211 1389 non

1219 1441 1368 1506 „pauca
1393 1454 1443 1468 -
1494 1413 1677 1510 Denique,
1700 1441 1745 1485 ne
1770 1417 1901 1486 nesciat
1923 1419 2050 1503 lector,
2073 1432 2210 1493 tomum

1217 1513 1587 1608 „huncepistolarum
1614 1520 1693 1587 ideo
1717 1520 1833 1588 vocari
1857 1521 2005 1588 anobis
2029 1515 2212 1601 ultimum,

1218 1621 1341 1713 „quod
1359 1621 1403 1688 de
1417 1620 1564 1712 reliquis
1581 1621 1703 1690 multis
1717 1644 1791 1689 non
1816 1635 1965 1690 constet:
1994 1623 2064 1691 nisi
2076 1646 2223 1715 appetu.

1219 1722 1363 1806 „dicem
1385 1725 1563 1814 quandam
1588 1747 1629 1791 ex
1646 1721 1813 1791 Nobiliss.
1831 1714 2133 1793 Camerariorum
2147 1720 2211 1793 Bi-

1219 1818 1427 1907 „bliotheca
1444 1837 1679 1914 expecteums3
1708 1825 1770 1892 ubi
1787 1818 1873 1892 haec
1891 1848 2010 1894 rerum
2029 1827 2141 1916 pretia
2160 1827 2212 1895 la·

1218 1939 1337 2009 „tent3
1373 1925 1533 2015 quamvis
1553 1939 1587 1994 et
1609 1920 1666 1993 hic
1688 1940 1787 1995 eruta
1807 1950 1920 2016 nuper
1943 1950 2023 2017 pars
2043 1952 2117 1997 non
2138 1928 2213 1997 exi-

1219 2049 1314 2112 „gua
1329 2039 1363 2093 et
1378 2027 1472 2095 ultro
1488 2022 1576 2094 milii
1594 2050 1634 2095 ac
1652 2026 1844 2096 liberaliter
1863 2036 2035 2098 concessa
2047 2044 2117 2111 est,
2143 2054 2220 2122 qua

1220 2128 1368 2212 „videas
1393 2129 1480 2196 olim
1501 2129 1548 2222 (si
1571 2129 1629 2196 vix
1652 2126 1747 2220 ero),
1781 2153 1870 2222 quae
1894 2131 1938 2199 de
1960 2131 2136 2222 superiori
2158 2155 2213 2200 se-

58 4624 68 4650 ,
183 4567 233 4635 eis
260 4587 370 4656 pauca
398 4574 534 4631 tautum
556 4585 597 4628 ex
626 4560 788 4645 ibuisset,
821 4562 976 4652 plurima
996 4587 1080 4632 vero
1104 4563 1173 4633 sibi

225 2207 309 2282 dex.
385 2200 447 2300 Ty
473 2203 506 2274 is
536 2198 689 2274 Noricis
727 2199 969 2303 Wolsgongi
997 2199 1168 2276 Endterr'.

223 2301 384 2382 ΜΗΘ.
421 2302 434 2311 ’
476 2301 549 2377 VI.
584 2308 618 2377 8.
657 2300 751 2401 (736
768 2330 867 2399 pagg.
884 2321 918 2378 et
931 2305 979 2376 86
994 2330 1095 2399 pagg.
1111 2309 1169 2378 in.

226 2411 312 2511 dic.)
1219 2432 1378 2524 „aliique
1395 2433 1462 2500 viri
1478 2433 1676 2520 gravissimi
1693 2432 1935 2524 scripserunt.”

276 2529 403 2601 lnsunt
428 2530 501 2597 lere
527 2524 601 2597 514
632 2528 819 2619 epistolae,
858 2553 1008 2622 quarum
1033 2527 1082 2599 74
1111 2530 1169 2598 in·
1321 2532 1514 2620 Saubertus
1544 2549 1661 2605 aruem
1687 2549 1873 2627 postquam
1903 2559 1964 2603 sua
1990 2529 2210 2627 typographo

174 2638 323 2727 scriptae
349 2646 432 2704 eunt
457 2628 551 2701 lusto
578 2628 704 2713 lonae,
749 2634 792 2701 11
822 2628 948 2700 loanni
975 2630 1168 2716 Praetorio,
1221 2636 1424 2706 excudenda
1439 2637 1583 2704 dederat
1598 2637 1730 2727 aceepit
1743 2636 1847 2705 etiam
1865 2630 2214 2726 epistolamNr'eoloi

175 2736 225 2807 49
254 2734 374 2808 Ulrico
407 2729 634 2816 Mordeisen,
674 2726 723 2800 25
751 2730 972 2828 Hieronymo
1004 2732 1169 2820 Besoldo,
1220 2732 1373 2808 Henelii
1383 2733 1432 2804 ab
1447 2729 1672 2833 Heaenseld,
1697 2735 1795 2807 Caes.
1812 2735 1947 2807 Mai-et
1962 2736 2071 2806 Ducis
2086 2736 2213 2827 Ligni·

174 2837 226 2912 43
249 2829 507 2925 Christophoro
533 2831 741 2918 Pannonio,
779 2831 823 2903 14
848 2832 1003 2924 Georgio
1023 2835 1169 2919 Maiori,
1221 2840 1379 2910 censium
1409 2837 1632 2922 Consiliarii,
1677 2852 1711 2908 et
1734 2837 2020 2908 Vratislaviensis
2051 2836 2212 2932 Syndiei,

175 2941 225 3012 80
249 2936 372 3009 Marco
396 2933 584 3020 Crudelio,
625 2931 675 3004 42
708 2933 862 3025 Georgio
893 2935 1078 3021 Fabricio,
1117 2938 1168 3007 23
1221 2942 1425 3025 scribentis,
1457 2964 1493 3009 se
1520 2935 1649 3010 habere
1674 2941 1937 3030 duodetriginta
1966 2935 2225 3019 Melanthonis

175 3040 368 3115 Laurentio
397 3036 575 3122 Mollero,
622 3034 695 3111 143
721 3033 891 3109 Michaeli
918 3037 1168 3128 Meienburgio
1220 3039 1436 3134 autographa
1460 3043 1620 3112 nondum
1644 3043 1757 3126 edita,
1789 3066 1877 3135 quae
1900 3042 1949 3123 ei,
1977 3042 2008 3109 si
2030 3042 2214 3132 placuerit,

176 3159 239 3214 etc.
292 3140 410 3210 Verba
431 3163 554 3230 graeca
569 3139 725 3229 epistolis
742 3139 872 3209 inserta
889 3164 980 3225 non,
1005 3155 1046 3211 ut
1067 3142 1104 3209 in
1124 3141 1169 3209 li·
1221 3146 1267 3216 sit
1287 3145 1528 3236 descripturus
1543 3137 1592 3238 *).
1648 3140 1724 3212 Has
1746 3143 1910 3234 epistolas
1932 3144 2128 3215 Saubertus
2150 3167 2211 3215 suo

176 3247 242 3316 bro
259 3241 309 3313 IV
327 3243 364 3311 in
382 3243 473 3325 line,
497 3241 558 3308 sed
577 3241 695 3311 statim
710 3238 748 3309 in
770 3242 927 3331 margine
943 3243 1052 3312 latine
1068 3266 1167 3312 versa

178 3348 354 3434 leguntur.
419 3340 563 3412 Praeter
591 3342 774 3433 epistolam
806 3345 1099 3433 nuncupatoriam
1124 3346 1168 3413 acl

177 3446 398 3537 Augustum,
423 3439 557 3519 Ducettt
570 3441 755 3513 ssrunsvlc·
772 3457 806 3514 el
820 3445 1025 3534 Lultebtlrg.
1042 3447 1169 3536 legitur
1255 3457 1283 3526 ⁸¹)
1301 3456 1399 3510 Totam
1413 3455 1554 3527 epistolam
1569 3455 1612 3510 lrie
1624 3453 1810 3509 subiunximus
1823 3455 1863 3510 sie
1878 3474 1905 3510 se
1920 3454 2080 3543 babentems

178 3551 216 3623 iu
238 3550 354 3619 lroute
374 3544 460 3614 libri
483 3543 628 3635 epistola
646 3538 815 3613 Andreae
835 3541 1053 3643 Senfllebii,
1078 3546 1170 3618 Vra·
1289 3553 1451 3680 YJ,Paliuris
1469 3554 1538 3618 tuis.
1557 3555 1607 3608 Vir
1622 3553 1795 3635 Reseranda,
1813 3554 2077 3626 turquemannos,
2094 3557 2212 3638 quaeat

179 3648 390 3721 tislavieusis
409 3643 591 3728 Ductoris,
630 3648 675 3714 ad
698 3643 931 3730 Senbertum,
964 3662 999 3719 et
1022 3647 1169 3738 epistola
1315 3623 1475 3694 ¹b¹¹⁰l³⁰¹³m
1491 3634 1633 3691 ‘¹⁰³¹‘¹¹¹'¹’
1651 3623 1878 3692 Ch‘¹⁵¹⁰¹'¹¹⁰‘¹¹¹¹¹
1892 3623 2038 3691 iacobum,
2056 3644 2240 3696 ⁰⁰¹’“''¹¹¹‘³

349 3747 356 3763 ,
1086 3750 1094 3765 ‚
1290 3692 1436 3764 scripsisti,
1476 3691 1656 3763 Epistularum
1684 3689 1756 3744 Phili
1778 3691 1803 3761 pi
1827 3690 2067 3759 Melanchtlaonis,
2104 3695 2155 3747 τοῦ
2184 3696 2215 3749 ἐν

179 3748 353 3823 Sattberlt
376 3749 420 3816 {td
443 3748 632 3832 lectorem,
657 3772 676 3816 e
702 3771 771 3839 qua
792 3772 849 3831 ea,
880 3773 971 3842 qttae
992 3752 1035 3829 ad
1058 3745 1170 3820 lttslo-
1291 3759 1527 3842 clyton-quintam
1551 3770 1578 3813 et
1602 3760 1724 3841 ultimam
1769 3767 1854 3840 artem
1873 3758 1925 3813 iam
1949 3778 2025 3814 nune
2046 3761 2096 3815 sub
2121 3763 2213 3832 praelo

180 3854 271 3923 riam
291 3847 399 3921 huius
422 3848 613 3918 voluminis
636 3863 811 3939 spectant,
837 3845 907 3920 hue
929 3851 1170 3942 transscripsi-
1291 3847 1548 3952 Jn‘ffigaffffiffl,
1562 3829 1749 3950 effflelflfr‘ffn
1763 3846 1949 3950 'gffiuss'm
1969 3827 2144 3953 {fflflffi‘u’n
2159 3849 2215 3953 2¹²⁰

126 3946 128 3952 ¹
179 3979 269 4025 mus.
333 3950 459 4022 Narrat
486 3951 604 4043 itaque
624 3949 835 4035 Saubertus,
867 3966 948 4022 ante
969 3954 1171 4048 quinquen·
1291 3968 1333 4021 ius
1345 3967 1398 4020 virt
1412 3985 1496 4046 aeque
1510 3984 1543 4019 ae
1555 3941 1616 4048 lej
1631 3967 1664 4018 stt
1678 3975 1856 4018 sacrosancta.
1896 3916 2160 4048 tn'atliuminsptuti
2176 3968 2214 4021 ut

181 4059 281 4125 nium
315 4053 384 4124 sibi
411 4053 456 4122 ab
484 4051 630 4121 Anam
650 4050 859 4124 senffleben
886 4055 1056 4146 scriptum
1086 4079 1171 4139 esse,
1292 4037 1396 4108 primus
1411 4053 1534 4088 omnium
1551 4031 2047 4094 noufeceratandreassentttebem
2065 4034 2132 4105 lter,
2150 4036 2215 4089 «lum

181 4183 263 4227 eum
288 4152 418 4227 babere
441 4153 606 4244 epistolas
627 4151 870 4225 Melanthonis
892 4180 933 4226 er
956 4149 1169 4227 bibliotheca

180 4255 315 4333 Ioeobr'
336 4251 534 4334 Monoeci,
567 4257 607 4323 in
634 4279 721 4347 quas
742 4251 918 4325 Procerus
948 4273 982 4330 et
1005 4251 1172 4327 Paralios

181 4363 270 4453 (vid.
285 4355 549 4452 praesutPezel.
563 4359 607 4425 ad
621 4356 755 4426 librum
771 4358 914 4428 tertium
930 4357 1044 4453 epist)
1058 4360 1170 4431 multo

181 4463 300 4534 studio
318 4462 376 4530 secl
394 4462 524 4531 suestra
542 4458 825 4628 inqpisivissent,
851 4485 961 4553 quum
979 4460 1172 4533 Munatius

1219 2229 1350 2315 „eulo,
1377 2229 1583 2320 cumprimis
1606 2254 1690 2299 vero
1715 2232 1758 2299 de
1781 2231 1924 2300 ecelesia
1944 2229 2212 2301 Vratislaviensi

1219 2323 1334 2415 „Ioln
1349 2327 1508 2414 Hessos,
1537 2346 1569 2400 et
1591 2333 1633 2400 ad
1655 2327 1749 2401 ltunc
1764 2324 1971 2410 Lutherus,
1998 2327 2211 2430 Philippos,

1293 4105 1370 4170 vixit,
1402 4115 1429 4158 et
1448 4103 1583 4174 optimus,
1612 4113 1638 4155 et
1658 4100 1846 4154 doctissimus:
1876 4103 1919 4156 eui
1940 4120 2003 4156 eum
2023 4101 2216 4174 significarem,

1292 4192 1374 4245 penes
1395 4190 1438 4225 me
1456 4189 1565 4242 quoque
1583 4189 1639 4224 esse
1658 4169 1762 4240 aliquot
1775 4167 1909 4238 Epistulas
1927 4168 2108 4243 Philippicas,
2127 4173 2215 4228 aelre-

1291 4238 1432 4313 γράφους,
1458 4239 1514 4310 ipse
1528 4248 1678 4320 autem-me
1692 4245 1813 4318 rogaret,
1836 4251 1865 4290 ut
1879 4238 2004 4310 legendas
2023 4239 2089 4299 sibi.
2112 4259 2146 4296 ac
2166 4243 2240 4298 de·‘

1291 4309 1448 4366 scribendas
1463 4326 1589 4379 quoque,
1606 4327 1629 4360 st
1646 4315 1717 4359 mter
1731 4304 1848 4376 reliquas
1862 4318 2039 4388 nouessept,
2055 4313 2216 4369 communi·

1292 4397 1402 4445 cerem,
1426 4378 1541 4431 libenter
1553 4376 1579 4428 id
1593 4394 1640 4457 me
1652 4373 1787 4427 iacturum
1805 4374 1950 4445 responde,
1968 4376 2014 4429 sed
2029 4377 2102 4458 quod
2116 4378 2165 4434 ille
2176 4392 2216 4433 ta·

1292 4466 1355 4500 men
1370 4455 1459 4568 tresorte
1474 4443 1658 4517 praepeditus,
1676 4442 1879 4563 Ἅίῐεεὲιιωῲτιε
1895 4462 1952 4552 qen
1965 4448 2106 4569 potdqugd
2141 4516 2147 4528 1

1360 4553 1367 4568 .
1408 4535 1424 4567 ιι
1481 4532 1511 4566 ea
1536 4529 1652 4566 numero
1701 4529 1737 4563 uo
1758 4523 1808 4565 etet
1828 4530 1882 4565 tua
1986 4532 2001 4566 a
2065 4534 2122 4568 ne

1292 4525 1492 4706 Lpgqt’cpnlllm
1513 4581 1618 4704 [Equo
1643 4598 1711 4639 una.
1741 4578 1773 4631 ad
1794 4514 2214 4704 biartbinpiridlautbgrpnrrelillle':

1292 4672 1306 4705 a
1365 4670 1499 4704 oannem
1577 4667 1669 4703 vanum
1699 4665 1811 4710 una,a
1872 4668 1893 4700 ,r
1912 4668 1943 4703 ar
1962 4669 2008 4703 um
2051 4670 2119 4705 ene
2158 4672 2215 4707 sum

1293 4722 1376 4784 duee,
1399 4720 1431 4772 ad
1445 4719 1592 4791 (iasparum
1608 4714 1737 4789 Aquilam
1757 4737 1815 4779 ser,
1842 4717 1875 4769 ad
1894 4718 1998 4771 lustum
2021 4671 2216 4789 leuamplluae,

1292 4789 1325 4843 ad
1338 4787 1488 4857 Georgium
1506 4786 1674 4868 Spoletinum
1695 4803 1762 4847 una,
1788 4783 1927 4865 advitam
1943 4784 2133 4842 Vinsbemium
2153 4808 2217 4857 una,

1291 4857 1326 4938 ηιξ
1339 4855 1470 4938 Iacobum
1487 4855 1588 4937 Bordur
1609 4872 1654 4935 um
1669 4872 1737 4912 utta.
1754 4851 1788 4906 ad
1804 4853 1934 4935 Davidem
1947 4853 2071 4927 Vogtum
2086 4876 2158 4925 uua,
2183 4868 2216 4912 act

1292 4924 1501 5048 X'lwgzenlqule
1516 4874 1673 5060 btrpgfflrum
1695 4932 1829 4995 quatuor,
1854 4933 1903 4975 etse
1916 4922 1986 4976 baud
2001 4942 2101 4995 paucae
2115 4931 2216 4998 absque

1312 5012 1365 5048 aee
1412 5011 1518 5045 onsue.

181 4679 408 4747 reservasset,
443 4663 573 4756 quippe
594 4662 657 4755 qui
682 4663 755 4756 ipse
779 4664 943 4754 epistolas
960 4658 1047 4733 Mel.
1071 4665 1173 4734 colli-

182 4793 263 4859 gere
292 4781 327 4837 et
356 4766 459 4836 edere
482 4763 658 4833 voluisset.
724 4761 809 4834 Post
829 4763 993 4837 Monavii
1023 4781 1171 4837 mortem

182 4871 314 4940 multos
341 4890 453 4938 annos
486 4861 550 4934 has
577 4865 711 4935 litteras
736 4867 932 4953 delituisse,
970 4890 1027 4937 eas
1054 4881 1170 4938 autem

183 4997 279 5043 nune
304 4995 325 5041 a
350 4968 545 5040 Senltlebio
566 4968 636 5036 sibi
660 4970 757 5037 dono
778 4968 903 5039 missas
924 4992 1016 5052 esse,
1045 4984 1086 5040 ut
1105 4995 1172 5060 pu-

1586 4991 1641 5044 aod
1653 4991 1675 5044 ai
1689 4998 1747 5043 tute
1760 4988 1806 5043 bas
1819 5008 1929 5112 quoque
1944 4991 2050 5046 fortean
2069 4995 2214 5061 desideras,

1294 5061 1333 5116 vel
1355 5061 1441 5115 tribus
1462 5058 1549 5114 verbis
1576 5059 1695 5126 iudices,
1720 5057 1815 5112 relims
1848 5060 1920 5112 nula
1942 5059 1969 5113 in
1992 5078 2036 5114 me
2058 5081 2136 5119 mora
2156 5064 2216 5122 erit,

1292 5131 1357 5202 quin
1377 5131 1405 5183 in
1425 5137 1486 5182 tuae
1498 5147 1574 5199 spem
1587 5127 1700 5199 gratiae,
1727 5139 1753 5180 et
1764 5127 1796 5180 alt
1811 5125 1922 5180 bomine
1936 5127 2018 5181 docto
2033 5130 2163 5200 describi,
2191 5148 2216 5186 et

1292 5202 1380 5268 primo
1396 5216 1505 5269 quoque
1520 5208 1644 5268 tempore
1657 5195 1718 5251 Tibi
1732 5196 1875 5251 transmitti
1891 5197 2014 5251 eurem.”

183 5075 269 5143 bliei
289 5071 378 5140 iuris
399 5093 456 5138 eas
479 5070 624 5153 iaceret,
658 5070 756 5162 quod
774 5093 795 5140 a
810 5094 848 5141 se
864 5095 961 5143 nunc
975 5072 1109 5141 factum
1127 5071 1173 5141 sit

183 5197 320 5244 summa
343 5173 422 5243 tide.
482 5168 572 5257 „Si,
596 5171 731 5263 inquit,
756 5172 836 5264 quis
856 5186 925 5257 est,
950 5172 1080 5266 quide
1103 5172 1171 5245 tide

184 5289 331 5361 „nostra
355 5274 394 5342 in
418 5272 564 5343 edendis
582 5268 638 5341 his
656 5273 813 5364 epistolis
836 5275 1062 5358 subdubitet,
1088 5269 1171 5344 huic

184 5392 331 5465 „sancte
347 5376 504 5477 affirmo,
529 5375 578 5444 sic
593 5373 732 5452 Lectori
750 5397 805 5469 me
822 5369 945 5453 nudes
958 5389 994 5446 et
1007 5374 1172 5475 integros
1249 5423 1271 5475 .‚
1284 5424 1392 5465 „mm
1403 5420 1430 5461 u
1442 5414 1572 5479 qm..
1584 5420 1766 5463 amamur.
1880 5472 1884 5480 Ι
