4500 5782
109 222 200 301 su
699 202 1131 319 e'rtsronnnun
1179 246 1288 373 ιιιι.
1327 250 1395 325 ιιι
1446 253 1577 335 rasa
2081 266 2158 341 ιιι

112 394 263 507 brinate
283 424 342 474 me
370 404 515 479 dixisse:
556 434 638 482 eum
664 411 799 483 nullius
827 412 901 487 esse
929 410 1112 488 hominem
1163 420 1277 493 otium
1301 439 1335 495 et
1358 426 1434 520 ipse
1455 428 1618 505 scribam.
1656 424 1793 501 'Saluta
1812 434 1901 505 meis
1924 436 2043 506 verbis
2062 438 2153 507 ami-

112 500 240 605 pretii,
265 507 383 579 nullas
400 508 520 581 literas
533 513 632 601 scire,
658 528 693 584 et
706 510 774 584 hoc
788 539 898 605 genus
916 518 998 606 alia,
1022 544 1113 615 quae
1163 547 1233 595 cos.
1283 525 1382 603 Vale.
1418 528 1538 603 Pridie
1551 528 1663 605 Naue
1677 530 1826 606 Mariae.

113 620 190 693 'ego
207 626 393 709 nunquam
415 614 600 685 somniavi.
650 612 773 710 Neque
797 619 893 688 enim
920 621 1001 691 ideo
1026 647 1112 692 eon-

109 704 266 807 'lumelia
283 711 388 781 debet
409 736 429 783 a
451 739 508 785 me
530 716 674 788 affectus
696 719 832 806 videri,
863 722 947 817 qnia
968 738 1111 816 praetu-

116 798 241 879 lerunt
267 810 303 879 ei
329 812 419 884 alios
448 817 663 907 professores
696 818 746 905 ii,¹
779 823 910 914 quibus
936 819 1025 894 haec
1055 850 1110 895 res

115 902 237 978 fuerat
255 910 434 984 mandata.
483 914 584 1006 Quin
600 944 680 991 cum
696 921 788 1010 illis,
812 946 888 993 non
903 950 1043 997 mecum
1065 928 1109 997 de

115 1016 193 1077 tota
214 1030 254 1078 re
276 1014 497 1105 expostulat?
546 1018 597 1091 At
619 1023 812 1094 enimcum
828 1027 969 1095 nullum
987 1043 1108 1100 testem
1167 990 1342 1119 Q

114 1108 174 1215 sui
191 1113 368 1185 mendacii
388 1118 589 1210 producere.
603 1124 716 1214 possit
737 1126 928 1213 idonetnn,
954 1131 984 1199 si
1002 1129 1106 1201 Cato-

108 1230 202 1279 ·uern
231 1216 413 1304 audimus,
446 1221 517 1289 vici
544 1223 683 1313 opinor.
748 1225 878 1299 Fertur
901 1232 996 1302 enim
1019 1229 1107 1303 Cato

114 1309 315 1411 scripsisse:
358 1320 408 1390 sic
435 1342 509 1390 esse
542 1326 704 1396 moribus
734 1330 909 1400 maiorum
938 1335 1107 1405 traditum

107 1410 433 1515 observatumque,
477 1437 533 1509 ut,
574 1426 606 1494 si
634 1428 721 1521 quid
748 1430 842 1501 inter
869 1434 959 1504 duos
992 1451 1106 1507 actum

106 1529 206 1587 esset
245 1542 361 1615 neque
390 1525 522 1595 tabulis
554 1551 670 1622 neque
691 1533 837 1603 testibus
861 1536 1008 1625 planum
1031 1538 1106 1607 ficri
1482 1596 1491 1614 .
1626 1597 1634 1615 .

114 1632 253 1707 posset,
291 1635 369 1692 tum
396 1625 441 1695 lis
462 1632 658 1701 secundum
681 1655 762 1704 eum
783 1636 942 1723 daretur,
979 1641 1041 1731 qui
1066 1665 1106 1709 er
1307 1592 1487 1668 Imm
1513 1593 1768 1694 Agnwlm
1793 1589 1872 1671 Μ’
1897 1595 2006 1679 Md‘

114 1710 173 1787 bis
191 1720 445 1797 virrideretur
464 1731 602 1804 melior.
652 1729 730 1822 Ego
753 1748 869 1806 autem
894 1741 1010 1831 qualis
1030 1745 1107 1826 sim,
1159 1708 1288 1803 Hodie
1310 1732 1404 1804 inter
1425 1734 1675 1829 prandendum
1698 1734 1817 1825 accepi
1839 1733 2025 1828 epistolam
2051 1752 2150 1809 tuam

111 1820 275 1894 viderint
288 1824 361 1901 alii.
411 1826 515 1900 Certe
528 1856 629 1902 ruens
643 1836 865 1909 adversarius
880 1842 953 1910 suis
974 1842 1048 1933 ipse
1071 1867 1106 1912 se
1158 1834 1428 1923 longiusculam,
1453 1860 1494 1905 ex
1511 1860 1579 1931 ¹1⁰8
1597 1835 1776 1927 ἷῦῑθῙῙῖὅθ,
1802 1831 2062 1909 1⁰⁰⁸h⁰¹¹¹3¹¹e⁸
2077 1862 2151 1911 ⁰⁸⁸⁰

109 1921 298 1997 coloribus
311 1926 426 2019 pingit
440 1932 572 2019 inille,
598 1936 698 2007 cuius
714 1943 912 2031 exemplum
930 1944 995 2011 tibi
1014 1945 1107 2029 misi,
1159 1937 1213 2006 tui
1235 1935 1392 2029 cupidos.
1447 1936 1491 2007 ld
1512 1933 1604 2007 mihi
1626 1952 1765 2029 gratum
1785 1939 1869 2025 fuiti
1903 1961 1970 2009 ¹¹²⁰
1991 1940 2073 2010 V⁰l⁰
2094 1954 2150 2013 ¹²·

104 2025 276 2117 epistola.
328 2028 448 2118 Quam
459 2035 570 2104 multa
585 2036 682 2107 enim
697 2039 747 2108 ibi
767 2044 950 2113 manifeste
966 2047 1051 2115 salsa
1068 2047 1106 2114 in
1159 2063 1243 2108 men
1271 2052 1307 2109 te
1335 2042 1513 2132 deponere
1545 2041 1664 2109 animo
1699 2064 1797 2133 spem
1833 2040 1969 2111 reditus
1995 2044 2041 2111 ad
2071 2067 2149 2120 nos.

105 2146 190 2211 true,
228 2128 269 2197 in
292 2125 450 2203 scholam
474 2152 633 2208 nostram
666 2153 700 2209 et
728 2135 823 2211 hanc
838 2146 983 2232 urbem,
1019 2149 1106 2217 dum
1159 2138 1268 2229 Quod
1290 2156 1393 2234 putas
1412 2166 1469 2210 me
1489 2143 1643 2212 iocatum
1663 2166 1737 2212 0⁸⁵0
1757 2144 1802 2213 de
1827 2156 1889 2213 ²¹¹⁰
1907 2142 2070 2233 ῑῃὸθῐῑῑθι
2099 2145 2150 2219 ilfi

107 2228 194 2299 solt
216 2230 352 2302 facetus
372 2256 464 2320 esse,
498 2260 636 2309 stamma
664 2264 745 2310 cum
772 2244 994 2335 impudentia
1021 2272 1106 2317 evo-
1157 2267 1214 2312 me
1229 2266 1325 2313 ames
1339 2243 1546 2336 simpliciter
1561 2244 1731 2335 scripturn
1748 2257 1810 2318 est.
1859 2242 1953 2313 Nam
1974 2260 2148 2338 quantum

101 2330 253 2402 mmm·
281 2330 352 2403 Fac
368 2360 390 2405 a
405 2360 463 2405 me
483 2338 616 2410 laesum
637 2365 726 2429 esse,
752 2346 840 2439 quid
864 2343 933 2417 hoc
953 2351 998 2419 ad
1013 2348 1106 2420 Wi-
1158 2344 1224 2414 ilbi
1240 2344 1395 2417 itibuam
1410 2341 1558 2439 111111631)
1576 2359 1695 2416 exlilssl
1708 2344 1920 2417 testimonia.
1968 2343 2148 2440 Equidem

101 2432 312 2523 tebergam,
336 2438 426 2531 quid
446 2438 750 2515 ad'Lutlieranam
766 2451 931 2518 causam?
962 2476 1053 2544 qnae
1074 2454 1105 2521 si
1158 2470 1239 2515 cum
1253 2470 1403 2517 numero
1419 2448 1580 2541 aequales
1595 2471 1712 2534 meos,
1743 2448 1955 2539 quibuscum
1973 2444 2064 2518 mibi
2080 2449 2151 2521 fuit

112 2534 307 2603 subiissem
320 2539 495 2628 exagitare
510 2541 549 2611 in
564 2548 643 2614 mea
656 2549 701 2616 ad
717 2548 834 2638 ipsum
852 2551 1009 2641 epistola,
1024 2578 1105 2623 sen-
1156 2573 1178 2616 a
1199 2572 1310 2639 puero
1335 2551 1572 2635 consuetudo,
1607 2550 1873 2635 animadve&
1913 2544 2005 2619 mihi
2035 2552 2151 2623 ⁰0¹¹il·

106 2634 216 2706 'sisset
238 2639 396 2727 proiecto
420 2666 536 2736 neque
563 2670 698 2737 ungues
720 2666 837 2744 neque
866 2654 987 2723 dentes
1012 2650 1104 2726 mihi
1156 2650 1246 2739 gisae
1262 2652 1453 2722 amicitiam
1468 2652 1578 2723 trium
1586 2645 1620 2750 ²)
1641 2653 1906 2723 adolescentum
1929 2652 2150 2724 excellentis-

101 2737 245 2807 decsse.
293 2738 469 2828 Proinde,
492 2745 523 2814 si
541 2746 673 2837 placari
696 2774 771 2820 non
789 2754 885 2839 vult,
911 2756 1006 2827 sinas
1023 2782 1103 2826 eum
1156 2751 1255 2822 simis
1274 2754 1437 2845 ingeniis.
1505 2752 1598 2825 Cum
1617 2749 1657 2825 T
1655 2746 1839 2825 heobaldo
1857 2748 2056 2824 Bellisone
2078 2756 2148 2827 tuit

99 2839 253 2926 estne,
278 2864 440 2913 nec-cum
456 2866 497 2915 eo
517 2851 669 2939 amplius
683 2868 872 2925 consertes.
925 2856 985 2927 Sic
1008 2860 1104 2929 enim
1155 2850 1248 2924 mihi
1267 2856 1451 2926 familiaris
1467 2878 1554 2927 usus
1570 2854 1844 2947 Heidelbergae3
1885 2855 1916 2923 is
1934 2878 2031 2926 nunc
2058 2881 2146 2928 con-

106 2942 282 3037 Pflqfllillo
308 2944 375 3013 tibi
403 2940 495 3017 hanc
518 2973 677 3038 causam,
714 2968 755 3024 ut
783 2957 906 3025 malim
928 2971 961 3028 te
989 2962 1103 3031 facere
1156 2956 1559 3048 cionaturNorcllingae3
1582 2953 1666 3028 hinc
1679 2972 1796 3029 tecum
1808 2970 1843 3027 et
1853 2950 2148 3035 cumIoachimo.

108 3038 211 3137 q'uod
227 3056 262 3149 te
276 3042 428 3134 dignum
442 3062 510 3135 est,
531 3076 639 3144 quam
658 3057 755 3146 quod
769 3057 844 3129 illo.
896 3058 1044 3153 Siquid
1063 3064 1103 3133 in
1154 3056 1220 3128 Est
1236 3060 1334 3129 enim
1348 3054 1439 3129 mihi
1455 3074 1615 3151 pergrata
1631 3056 1805 3153 vestrae³)
1821 3057 1984 3129 omnium
1998 3082 2148 3131 consue-

97 3164 172 3213 me
184 3145 374 3237 scripserit,
394 3152 573 3241 capiemus
591 3167 667 3224 tum
684 3178 778 3226 exre
796 3160 998 3237 consilinm.
1027 3162 1103 3235 Ha·
1154 3160 1291 3231 tudinis
1318 3162 1514 3233 recordatio
1548 3174 1584 3232 et
1610 3161 1783 3232 memoria
1811 3160 1985 3230 virtutum
2010 3175 2146 3233 vestra-

1900 634 2102 735 Philippus.

1780 1004 1858 1085 (fere
1876 1010 1998 1069 ineunte
2019 1006 2120 1091 Sept.)

1742 1104 2151 1143 m

1411 1216 1420 1243 ¹
1482 1198 1545 1282 Io.
1573 1189 1759 1305 Agricol
1811 1254 1822 1278 .

1228 1375 1248 1436 †
1264 1368 1304 1422 Ex
1318 1387 1411 1441 apogr.
1428 1368 1458 1423 in
1474 1370 1536 1425 cod.
1549 1369 1631 1427 Goth.
1648 1373 1692 1431 19.
1730 1374 1793 1428 .ta.
1812 1370 1881 1429 Cod.
1896 1371 1978 1428 Goth.
1989 1374 2051 1430 401.
2068 1394 2095 1449 p.
2107 1378 2150 1432 56.

1262 1438 1331 1494 Cod.
1346 1439 1441 1494 diebu.
1457 1438 1479 1493 l.
1497 1456 1524 1511 p.
1537 1439 1574 1493 60
1581 1436 1607 1497 b.
1625 1452 1653 1496 et
1667 1393 1730 1497 conf.
1743 1441 1838 1498 stetu.
1853 1442 1901 1498 ΙΙΙ.
1919 1463 1947 1517 p.
1963 1442 2032 1499 86²².

100 3242 173 3315 -bes'
188 3270 304 3355 meam
320 3250 365 3317 de
375 3250 451 3321 t'oto
468 3255 610 3344 negotio
628 3259 850 3334 sententiam.

117 3396 133 3403 ''
210 3394 267 3469 De
292 3425 370 3471 mea
396 3404 613 3493 proiectione
634 3410 737 3482 video
760 3429 794 3484 te
816 3438 889 3485 esse
912 3418 1100 3495 solicitum.

105 3496 305 3605 Sperabam
330 3504 494 3595 equidem
522 3510 639 3579 statim
665 3514 729 3581 ubi
753 3538 790 3583 se
817 3519 913 3588 calor
933 3522 1101 3611 fregisset,

104 3622 166 3671 me
180 3596 265 3671 bino
279 3602 502 3677 evolaturum
524 3632 616 3696 esse,
641 3614 702 3682 sed
724 3616 837 3689 multa
860 3643 936 3707 me,
962 3636 1002 3693 ut
1023 3624 1101 3711 scis,

93 3702 401 3875 ‘issmissffigam'
427 3758 441 3799 ·.
467 3704 516 3781 Et
544 3722 662 3791 tamen
691 3712 808 3789 adhuc
840 3744 961 3812 spero,
994 3750 1051 3796 me
1080 3752 1099 3796 a

140 3796 261 3895 ¹ipsicis
278 3806 450 3903 nundinis
468 3812 591 3897 advos
612 3818 855 3905 proiecturum
872 3812 964 3898 esse.
1006 3824 1099 3897 Nam

104 3904 193 4007 quia
216 3907 444 3979 domesticam
472 3906 629 3985 scholam
652 3919 829 3991 dimittere
856 3926 991 4015 cogito,
1024 3952 1099 4000 non

104 4021 190 4081 ante
204 4004 363 4107 Lipsicas
376 4012 555 4083 nundinas
571 4008 681 4087 ea'ees
698 4023 824 4092 coniici
839 4040 963 4117 potest.

116 4184 120 4193 ·
201 4158 378 4255 *Princeps
399 4162 591 4236 Hessorum
614 4172 762 4243 molitur
784 4170 962 4266 scholam,
999 4188 1095 4276 quod

103 4264 253 4347 ideo-ad
272 4279 305 4335 te
320 4267 455 4349 scribo,
481 4262 521 4339 ut
544 4270 577 4337 si·
593 4276 649 4366 aqi
667 4270 836 4372 Ἐοβανῷ
858 4276 906 4351 τὰ
927 4280 1096 4378 παρόντα

102 4367 200 4437 torte
216 4368 523 4455 nonerriderent,
548 4376 729 4444 tustatim
750 4380 796 4447 ad
809 4373 997 4452 Adamum
1020 4389 1097 4458 eius

96 4464 299 4555 deificatis
326 4469 513 4557 seriberes3
562 4466 644 4542 riam
674 4488 737 4567 cg'o
760 4494 853 4550 certa
877 4488 1030 4577 quadam
1051 4490 1095 4559 de

103 4588 211 4639 causa
237 4567 288 4639 ibi
310 4584 388 4641 tuas
404 4572 536 4645 literas
566 4575 646 4665 plus
672 4581 840 4668 ponderis
866 4608 972 4677 quam
998 4614 1095 4663 meas

95 4664 290 4739 -ltalsituras
318 4672 489 4746 existimo.
551 4674 617 4744 Sin
643 4693 759 4749 autern
787 4697 909 4756 contra
938 4692 1093 4763 officium

102 4770 265 4840 viderere
291 4774 359 4842 tibi
378 4776 552 4860 facturus,
585 4778 639 4848 sae
660 4795 701 4850 ut
723 4785 829 4851 sciam
856 4789 1009 4883 collegae
1041 4797 1092 4865 tui

103 4871 337 4959 voluntatem.
383 4900 467 4946 nam
498 4878 528 4947 si
553 4880 680 4951 restris
708 4882 846 4957 tisibus
876 4886 921 4962 od
948 4891 1093 4991 μίλιιῆ

103 4967 216 5065 ὑμῶν
240 4972 264 5067 ἢ
285 4981 350 5069 τῆς
370 4974 608 5073 φιλοσοφίας,
636 4984 733 5056 aliud
752 4989 884 5061 scilicet
903 4996 1090 5075 consilium

102 5076 314 5167 capiendum
338 5093 399 5147 est.
449 5074 673 5173 Sigcmunds'
696 5087 814 5158 literas
836 5096 987 5167 remitto.
1038 5099 1092 5171 De

101 5177 348 5271 qoibeealios.
399 5178 489 5251 Sum
506 5184 602 5253 enim
618 5184 787 5260 nonnihil
808 5186 880 5263 -bac
901 5198 1092 5291 scriptione

102 5279 327 5369 defatigatus.
377 5276 539 5353 Eobeuo
554 5287 684 5377 gratim
697 5314 760 5381 age
774 5294 998 5389 amplissimis
1012 5328 1092 5375 ver-

101 5378 177 5465 bis,-
210 5380 274 5475 qui
294 5406 352 5451 sne
378 5404 443 5456 suo
468 5388 631 5463 carmine.
645 5391 800 5479 ornarit,
833 5396 879 5469 ad
901 5424 1008 5495 quern
1028 5428 1092 5497 per

152 5484 334 5553 bleusrru.
347 5484 451 5555 Oeen.
478 5490 561 5559 Vos..
573 5488 600 5558 l.

1129 4446 1136 4457 c
1157 4407 1328 4436 Μ

1154 3286 1246 3337 rum.
1296 3262 1421 3359 Neque
1435 3263 1487 3333 lui
1499 3278 1572 3335 tarn
1589 3286 1757 3353 arrogans
1774 3284 1954 3356 unquam,
1983 3286 2067 3333 rere
2087 3262 2145 3334 di-

1154 3388 1230 3434 cam
1248 3368 1345 3461 quod
1360 3364 1491 3450 sentio,
1521 3378 1563 3435 ut
1577 3364 1806 3459 praetulerim
1821 3386 1879 3433 me
1892 3363 1961 3433 ulli
1974 3379 2144 3451 vestrum,

1154 3480 1237 3560 puta
1271 3468 1455 3537 oraculum
1487 3489 1571 3541 esse.
1629 3463 1683 3536 De
1709 3466 1831 3536 amicis
1856 3465 1988 3535 nostris
2012 3490 2144 3542 coram.

1152 3566 1243 3637 Nam
1256 3570 1320 3640 ubi
1335 3569 1491 3663 primum
1506 3567 1627 3638 licebit
1640 3568 1862 3659 exspatiabor
1875 3569 1919 3636 ad
1935 3581 1980 3640 te.
2021 3566 2143 3638 Tuum

1151 3667 1332 3741 Psalmum
1357 3669 1457 3761 attigi
1484 3667 1629 3765 ἄκροις,
1653 3684 1707 3740 'ut
1731 3670 1850 3756 aiunt,
1883 3662 2040 3761 χείλεσι,
2077 3692 2144 3741 nec

1151 3761 1264 3841 toturn
1292 3772 1427 3857 evolvi,
1468 3773 1687 3864 perlectums
1712 3771 2011 3865 quamprimum.
2078 3773 2142 3867 Τῷ

1151 3866 1339 3971 συμμάχῳ
1362 3894 1432 3947 σου
1455 3868 1624 3944 nonnihil
1638 3896 1844 3958 succenseo,
1877 3872 1973 3966 quod
1988 3866 2086 3942 nihil
2096 3876 2142 3944 ad

1150 3998 1207 4043 me
1220 3975 1391 4072 scribit⁴).
1424 3968 1542 4069 Opto,
1568 3989 1608 4047 ut
1621 3975 1809 4045 omnestni
1822 3971 2116 4071 rectevaleant⁸).

1159 4310 1228 4383 No.
1246 4307 1335 4381 406.

1983 4308 2122 4396 (Serti)

1962 4402 2135 4433 Μ

1317 4496 1516 4610 Philippo
1543 4494 1741 4611 Landgr.
1768 4496 1973 4579 Hassioe.

1199 4672 1339 4727 'Primum
1352 4671 1422 4725 edita
1435 4662 1464 4725 in
1478 4672 1554 4739 epist.
1571 4670 1634 4725 libr.
1650 4670 1698 4725 ΙΙΙ.
1711 4688 1755 4743 ep.
1771 4670 1813 4725 16.
1826 4687 1841 4724 s
1853 4667 1981 4745 Praedia),
1998 4670 2046 4726 sed
2061 4671 2136 4725 mul·

1249 4743 1282 4797 tis
1303 4742 1346 4799 rel
1361 4740 1554 4815 praetermissis
1566 4740 1609 4794 rel
1622 4738 1738 4795 consilio
1752 4737 1870 4794 mutetis.
1911 4740 1995 4793 Nunc
2015 4748 2088 4794 recte
2108 4751 2136 4794 et

1249 4822 1374 4885 ¹accurate
1391 4812 1464 4867 edita
1484 4829 1499 4865 e
1520 4808 1600 4866 codd.
1621 4807 1813 4881 antiquissimis
1834 4805 1981 4880 Gotltsuis,
2011 4806 2074 4865 cod.
2087 4807 2132 4863 26.

1143 4986 1380 5007 Μ

1178 5093 1207 5157 l)
1228 5089 1513 5147 contenanum
1530 5094 1619 5148 unua.

1126 5186 1130 5193 ·
1174 5160 1208 5231 2)
1226 5160 1291 5215 cod.
1305 5160 1348 5220 19.
1367 5161 1515 5217 mendose:
1533 5161 1691 5215 hominum.
1723 5155 1758 5213 ln
1768 5156 1832 5215 eod.
1846 5154 1941 5213 Melan.
1956 5152 2005 5215 lli.
2019 5172 2076 5213 nou
2089 5156 2129 5213 ls-

1175 5243 1293 5369 3)⁸d¹d¹dr:
1304 5296 1398 5353 Melto.
1414 5298 1460 5354 lli.
1476 5308 1608 5353 vestrum.

1175 5371 1204 5439 4)
1223 5369 1317 5423 teum
1330 5368 1437 5423 Psalm.
1452 5379 1505 5423 etc.
1520 5378 1624 5423 notum
1637 5367 1717 5423 hebel
1730 5364 1795 5425 cod·
1808 5361 1905 5422 Msbtt.
1920 5361 1969 5420 lli.

1175 5438 1205 5510 5)
1224 5438 1287 5495 cod.
1302 5436 1385 5493 Gotb.
1401 5437 1441 5491 19.
1454 5436 1529 5493 sddit
1542 5454 1645 5492 surum
1657 5436 1702 5491 26.
1944 5450 1948 5455 '

1352 5507 1404 5584 ⁵2
