4500 5782
182 222 259 313 '15⁶
746 228 1185 306 EPlSTOLARUM
1236 216 1345 303 Ltss'.
1381 230 1447 306 lll.
1503 224 1641 309 1625.
2141 234 2203 313 too

184 401 345 485 σασθαι,
376 397 659 483 καταδείξαντος
675 398 721 495 δὴ
739 408 807 475 τοῦ
824 405 921 477 θεοῦ
943 401 1034 496 ἡμῖν
1053 395 1169 474 πολλοὶ
1221 400 1318 473 Deus
1338 407 1449 475 multa
1471 422 1639 476 veterum:
1653 424 1853 480 sanctorum
1877 411 1985 479 nobis
2014 422 2137 477 errata·
2153 431 2203 479 seu

183 507 259 576 τοῖν
275 509 443 577 παλαιῶν
466 501 587 603 ἁγίων
604 503 835 597 πταίσματα,
869 504 926 578 ὅτι
946 505 1048 577 θέλει
1072 502 1170 600 ἡμᾶς
1221 506 1338 596 lapsus
1354 502 1569 592 exhibuerit,
1603 509 1685 600 quia
1707 513 1783 581 vult
1803 537 1869 580 nos
1890 511 2115 605 exquirentes
2129 506 2204 588 Ver·

77 685 79 689 ⁸
181 603 456 700 βασανίζοντας
469 604 536 679 τὸν
551 605 667 678 αὑτοῦ
683 605 809 706 λόγον,
845 606 914 679 οὐκ
935 606 1079 702 ἀξίωμα
1102 605 1170 679 ἄν·
1222 608 1306 676 bum
1324 609 1449 698 ipsius,
1475 634 1548 678 non
1566 607 1734 689 adbibere
1751 615 1789 680 in
1803 614 1993 683 consilinm
2009 613 2205 701 dignitatem

182 702 388 802 doddoni}
416 704 616 802 πρόσωπον
646 706 864 804 σύμβουλον
895 715 1031 795 ποιεῖν,
1076 704 1168 782 ἀλλὰ
1223 733 1450 799 personamve
1471 707 1643 796 hominis,
1673 716 1743 783 sed.
1756 717 1905 785 verbum
1927 716 2043 807 ipsius
2063 727 2205 788 mutum.

181 805 301 903 μόνον
317 807 384 883 τὸν
399 805 512 909 λόγον
534 810 662 883 αὐτοῦ.
698 807 808 883 πάλιν
828 808 886 896 di,
925 805 1169 906 ἀσεβέστατός
1221 810 1378 880 Rursum
1400 838 1483 882 vero
1506 816 1658 882 maxime
1681 817 1710 883 is
1734 818 1864 906 impius
1884 826 1952 901 est,
1985 816 2058 910 qui*
2074 833 2206 908 propter

171 913 298 997 ε’στιν,
325 909 423 993 ὅστις
446 909 509 983 διὰ
530 911 572 984 τὸ
588 910 816 986 διδασκάλου
831 918 998 1006 πταῖσμα
1014 940 1169 1013 καταγι-
1220 915 1374 995 doctoris
1405 929 1560 985 erratum
1589 940 1649 987 sou
1678 918 1816 1009 lapsum
1855 922 2075 991 condemnat
2106 918 2205 1011 ipsam

181 1007 315 1086 ναίσκει
338 1019 402 1106 τῆς
423 1010 586 1108 διδαχῆς.
622 1013 696 1086 ἀλλ’
722 1013 811 1114 dyo),
854 1012 1028 1110 καθάπερ
1052 1012 1166 1100 εἶπον,
1221 1016 1428 1088 doctrinam.
1504 1016 1636 1086 Verum
1671 1043 1734 1109 ego
1770 1018 2093 1117 (quemadmodum
2124 1018 2205 1114 dixi)

181 1110 270 1190 οὐδὲ
289 1117 505 1209 πεπρᾶχθαι
525 1114 668 1209 νομίζω
697 1120 865 1190 ἐνταῦθα
888 1111 1169 1216 ἅναπολόγητόν
1219 1140 1294 1185 non
1317 1119 1477 1187 existimo
1498 1121 1687 1213 quicquam
1710 1114 1775 1191 hae
1799 1124 1837 1190 in
1861 1138 1962 1215 parte
1986 1123 2206 1194 commissum

109 1244 112 1251 ’
180 1244 228 1304 τι,
245 1213 348 1311 ἢκαῖ
363 1214 456 1299 ὅλως
471 1219 707 1318 ἐγκαλεῖσθαι
723 1221 837 1303 ἄξιον.
865 1219 916 1290 ἔτι
934 1216 975 1292 δὲ
990 1214 1167 1314 τεκμήρια
1219 1222 1373 1307 agendo,
1398 1223 1493 1313 quod
1511 1222 1653 1291 defendi
1669 1237 1838 1317 nequeat,
1868 1239 1929 1295 aut
1943 1227 2098 1295 omnino
2114 1248 2206 1295 seeo

181 1317 296 1393 πολλὰ
320 1317 384 1392 καῖ
406 1328 508 1419 σαφῆ
528 1321 601 1414 ἔχεο
622 1329 686 1414 τῆς
702 1323 883 1418 φιλοθὲου
898 1320 1086 1417 εὐσεβείας
1099 1318 1167 1393 αὐ·
1219 1322 1289 1389 sari
1305 1324 1439 1396 debeat.
1492 1322 1676 1394 Praeterea
1697 1327 1807 1396 multa
1830 1321 1962 1408 babeo..
1996 1351 2091 1421 quae
2112 1350 2206 1416 argo·

180 1426 266 1507 τοῦ,
300 1419 388 1503 viere
410 1419 474 1494 τοί
480 1449 498 1503 ς
523 1420 790 1519 ἐπηρεάζοντας
811 1421 873 1496 καὶ
896 1425 1168 1519 βλασφημοῦν-
1220 1437 1337 1492 mento
1354 1424 1531 1514 praeclare
1546 1439 1648 1510 sumt,
1681 1424 1754 1496 Dei·
1768 1443 1909 1498 amante
1925 1452 2000 1499 esse
2018 1425 2118 1499 huuc
2138 1430 2207 1520 pie»

180 1549 247 1605 τοις
259 1521 327 1598 τὸν
340 1519 561 1619 Λούθηρον,
589 1523 701 1598 οὐδὲν
718 1530 836 1598 ποιεῖν
851 1527 958 1611 ἄλλο,
984 1526 1075 1621 ἤπερ
1089 1530 1168 1598 τῶν
1219 1537 1288 1594 tate
1311 1527 1524 1616 praeditum:
1567 1542 1607 1598 ut
1627 1530 1894 1615 contumeliosi,
1927 1546 1962 1602 et
1985 1531 2153 1601 maledici
2171 1531 2206 1600 iu

181 1625 503 1722 συκοφαντῶνκαῖ
513 1623 745 1722 βωμολόχων
760 1628 882 1727 ἔργον,
900 1623 1167 1721 ἁπανταχόθεν
1218 1620 1443 1710 Lethaeum,
1479 1625 1572 1698 nibil
1592 1630 1708 1715 aliud,
1741 1656 1846 1724 quam
1871 1658 1961 1724 opus
1975 1634 2131 1703 efficiant
2145 1630 2207 1726 sy-

181 1723 457 1824 ἀθροιζόντων,
504 1728 597 1823 ἅπερ
621 1728 692 1823 τὴν
715 1738 779 1824 τῆς
803 1728 981 1810 ἅναιδοῦς
1003 1725 1168 1828 γλώττης
1219 1723 1474 1819 cophantarum
1496 1746 1531 1801 ct
1552 1755 1775 1817 scurrarum,
1812 1737 1971 1830 undique
2000 1758 2209 1805 coacervan-

180 1827 411 1927 κακηγορίαν
425 1825 564 1903 δύναιτ’
582 1830 630 1904 ἄν
645 1828 851 1929 ίῳοιῖιάσαι.
877 1833 978 1904 ἐσται
994 1828 1046 1918 δὲ,
1071 1826 1166 1903 κατά
1220 1832 1309 1899 tium
1325 1855 1385 1916 ea,
1416 1833 1609 1924 dequibus
1624 1835 1811 1927 impudens
1834 1836 1956 1927 lingua
1979 1837 2207 1908 accusationis

180 1959 222 2032 γε
244 1931 313 2027 τὴν
333 1930 427 2026 ε’,ιιὴν
454 1928 629 2031 γνώμην,
668 1932 751 2006 odd'
769 1931 961 2031 ἀνωφελὴς
974 1941 1038 2027 τῆς
1055 1931 1167 2007 οἱονεὶ
1220 1933 1328 2002 veluti
1339 1933 1467 2003 viatico
1482 1936 1610 2004 instrui
1626 1938 1746 2028 possit.
1788 1934 1870 2009 Erit
1884 1941 2008 2021 etiam,
2035 1960 2118 2008 meo
2134 1938 2207 2032 qui-

141 2032 142 2036 ’
180 2028 432 2116 ταπεινώσεῶς
444 2033 578 2128 τινοςὴ
595 2033 788 2129 συντυχία,
815 2034 1091 2130 τοῦὺψοῦσθοι
1104 2032 1167 2107 καὶ
1219 2037 1298 2103 dem
1316 2035 1466 2121 iudicio,
1498 2061 1542 2106 ne
1564 2038 1703 2108 inutilis
1720 2039 1864 2131 quidem
1874 2064 1982 2112 casus
1999 2044 2068 2111 iste
2086 2042 2131 2111 ad
2151 2042 2207 2110 de·

156 2133 401 2232 ·ἑπαίρεσθαι
416 2135 472 2208 ἀεὶ
488 2138 712 2234 ἐπισφαλοῦς
726 2139 850 2224 ὄντος,
887 2136 934 2210 οὐ
950 2133 1070 2230 μόνον
1091 2139 1168 2218 τοῖς
1218 2136 1423 2205 missionem
1449 2141 1627 2230 quandam
1648 2141 1843 2231 pertinens,
1878 2168 1965 2221 cum,
1980 2142 2053 2213 alte
2076 2141 2208 2213 sustolli

180 2239 222 2313 ἐν
235 2233 426 2336 ἱεροσύνῃ,
460 2236 551 2310 ἀλλὰ
572 2238 635 2312 καῖ
654 2246 769 2313 πᾶσιν
784 2235 1009 2337 ἀνθρώποις.
1034 2237 1078 2311 τὸ
1092 2235 1166 2338 γὰρ
1219 2252 1253 2307 et
1270 2238 1389 2307 efferri
1411 2263 1548 2331 semper
1568 2242 1614 2310 sit
1634 2243 1890 2333 periculosum,
1919 2268 1996 2315 non
2018 2245 2136 2315 solum
2158 2267 2209 2313 sa·

180 2335 427 2437 εὖπράττειν,
455 2337 609 2437 ἀφορμὴ
623 2347 691 2414 τοῦ
704 2348 828 2424 κακῶς
842 2347 997 2439 φρονεῖν
1011 2338 1165 2442 γίνεται,
1219 2341 1374 2410 cerdotio
1387 2341 1628 2430 fungentibus,
1642 2344 1704 2412 sed
1717 2346 1851 2414 cunctis
1864 2346 2089 2420 mortalibus.
2121 2343 2208 2415 Nam

180 2441 226 2516 οὐ
240 2438 362 2536 μόνον
366 2495 379 2528 ,
407 2440 436 2514 o‘
440 2470 457 2525 ς
471 2440 490 2515 ὁ
506 2440 629 2538 ῥήτωρ
642 2442 745 2540 φησὶ,
773 2449 851 2526 τοῖς
866 2439 1046 2538 ἀνοήτοις,
1074 2440 1165 2522 ἀλλὰ
1217 2443 1399 2513 actionum
1423 2445 1573 2514 felicitas
1591 2446 1813 2515 occasionem
1834 2449 1895 2519 dat
1919 2449 2108 2540 pravitatis
2131 2446 2209 2517 elati

179 2543 340 2626 καὶτοῖς
361 2548 492 2640 σοφοῖς
514 2543 639 2619 ἐνίοτε.
669 2545 729 2618 ’ἐπὶ
751 2554 841 2619 πᾶσι
864 2542 922 2632 di,
955 2546 1063 2628 ἄλλος
1084 2542 1168 2639 βίος
1219 2546 1347 2629 animi,
1377 2569 1452 2613 non
1468 2548 1594 2631 modo,
1626 2550 1925 2643 quemadmodum
1945 2563 2070 2621 orator
2086 2551 2208 2643 inquit,

180 2647 315 2741 ἄλλην,
348 2643 444 2719 κατὰ
465 2645 535 2739 τὴν
557 2645 778 2744 παροιμίαν,
814 2645 964 2722 δίαιταν
983 2642 1167 2741 ναταστή-
1218 2646 1458 2730 dementibus,
1481 2650 1541 2716 sed
1563 2648 1741 2718 interdum
1760 2650 1865 2720 etism
1880 2653 2114 2743 sapientibus.
2155 2652 2208 2723 At

181 2769 246 2822 σει.
276 2754 396 2822 ταῦτα
417 2743 509 2843 πρός
530 2770 571 2821 σε
590 2745 960 2850 ἐμακρολογησάμην,
1001 2748 1091 2831 dm
1113 2745 1166 2843 μὴ
1219 2749 1349 2833 omnia,
1369 2748 1632 2818 aliavitaaliam
1643 2753 2208 2846 quoquevictuscotidiani'rstio

178 2847 253 2924 ὑπὸ
274 2857 344 2925 τοῦ
366 2847 582 2945 παραδόξου
605 2848 821 2948 συμβάντος
843 2851 941 2952 ἄγαν
963 2874 1002 2924 σε
1028 2846 1167 2948 rupeis·
1218 2874 1300 2919 nem
1314 2850 1512 2933 constituet,
1539 2854 1732 2922 secundum
1750 2854 1992 2943 proverbium.
2033 2854 2105 2927 lsta
2120 2856 2207 2925 adte

178 2949 314 3026 τεσθαί
327 2979 366 3025 τε
383 2951 447 3025 καί
461 2951 668 3049 ἀθυμῆσαι.
703 2952 788 3027 οἶδα
810 2951 886 3052 γὰο
907 2952 963 3026 ὅτι
983 2954 1083 3048 μέλει
1107 2974 1166 3025 σοι
1218 2953 1362 3043 exposui
1377 2953 1576 3051 verbosius,
1609 2978 1654 3022 ne
1669 2967 1815 3025 eventus
1831 2955 2040 3049 inopinatus
2056 2958 2205 3026 nimiste

177 3060 243 3150 τῆς
259 3063 328 3128 τοῦ
344 3049 556 3149 Λουθήρου
571 3053 750 3142 εὐκλείας,
784 3055 931 3129 καὶτοῦ
949 3050 1108 3148 &umida
1127 3080 1166 3127 τε
1218 3055 1439 3147 perturbaret
1463 3069 1496 3123 et
1521 3055 1662 3124 tristitia
1684 3056 1845 3126 afficeret.
1914 3056 1998 3129 Scio
2024 3060 2124 3131 enim
2145 3058 2205 3130 tibi

178 3155 242 3230 καὶ
266 3156 491 3256 ἀνέγκλητον
517 3155 696 3241 διατελεῖν
718 3159 810 3231 ὄντα
832 3157 959 3231 αὐτὸν.
1020 3158 1165 3227 Vestro·
1219 3157 1305 3227 boni
1320 3157 1477 3225 nominis
1492 3151 1641 3242 Lutheri
1664 3157 1903 3228 celebritatem
1926 3184 2033 3232 curae
2056 3185 2148 3249 esse,
2177 3173 2205 3229 et

177 3284 259 3329 rum
280 3257 371 3329 mihi
394 3274 553 3351 pergrata
576 3265 793 3332 consuetudo
815 3277 867 3331 est
892 3261 931 3329 in
959 3257 1014 3331 bis
1040 3261 1165 3343 turbis,
1218 3260 1277 3329 ille
1292 3273 1333 3330 ut
1348 3272 1517 3351 perpetuo
1534 3254 1806 3350 reprehensione
1822 3275 1857 3332 et
1872 3264 2007 3354 probro
2026 3276 2203 3338 careat.-

178 3384 269 3454 quos
289 3364 403 3431 miror
424 3363 603 3432 discedere
623 3365 727 3434 istinc
749 3387 813 3434 vos
828 3387 901 3432 esse
915 3386 1044 3454 passos.
1096 3360 1166 3431 Pa·
1445 3356 1449 3363 ’

177 3477 270 3533 trem
291 3463 545 3533 officiosissime
571 3479 736 3550 tractato,
771 3481 806 3535 et
830 3479 913 3556 puta
937 3478 971 3533 te
993 3459 1086 3533 hane
1111 3464 1165 3531 illi

177 3588 244 3657 pro
263 3579 410 3656 paterno
435 3589 555 3636 amore
573 3568 728 3655 gratiam
744 3568 889 3649 debere,
930 3562 993 3637 καῖ
1019 3562 1166 3638 ἀντιπε-

178 3669 341 3767 λαργεῖν.
381 3664 436 3735 De
451 3666 630 3738 Franeieis
645 3671 751 3738 rebus
766 3670 829 3738 abs
851 3681 885 3738 te
905 3669 1026 3737 literas
1045 3690 1165 3758 exspe-

178 3783 245 3842 cto.
305 3768 395 3837 Vale
416 3770 574 3841 feliciter.
635 3769 875 3852 Tabellarius,
908 3771 970 3862 qui
997 3763 1061 3837 bas
1084 3770 1166 3838 red-

177 3872 256 3955 det,
282 3884 372 3940 recta
388 3873 431 3940 ad
448 3897 514 3940 nos
529 3872 707 3942 rediturus
722 3886 783 3944 est.
836 3871 969 3941 lterum
985 3871 1081 3956 vale,
1108 3871 1166 3939 die

176 3970 265 4042 XXl
283 3971 418 4043 Mensis
433 3972 515 4043 lulii
532 3969 640 4043 Anno
655 3974 707 4043 M.
714 3972 757 4047 D.
766 3974 879 4046 XXV.

920 4069 1116 4154 Φίλιππος.

704 4267 830 4278 -u-

175 4375 260 4446 ·No.
274 4375 361 4451 346.
995 4376 1053 4469 (m.
1070 4381 1188 4463 Aug.)
1220 4385 1378 4442 nostram
1402 4373 1602 4451 Saxoniam.
1667 4376 1818 4449 Rixatur
1850 4376 2040 4446 nobiscum
2073 4378 2119 4447 de
2148 4400 2201 4444 sm

189 4472 360 4500 *Ν
490 4531 517 4612 1
582 4526 664 4610 Β,
992 4472 1164 4501 “⁶“
1221 4474 1284 4544 illo
1301 4498 1426 4565 regno,
1453 4478 1566 4571 deque
1585 4480 1687 4550 novis
1706 4476 1982 4573 Hierosolymis,
2020 4502 2111 4571 quas
2132 4502 2203 4548 sua·

515 4560 553 4613 ⁰·
626 4556 857 4613 mmmm·
1221 4575 1311 4646 viter
1344 4578 1396 4645 ibi
1421 4581 1586 4654 somniat.
1647 4581 1779 4651 Verum
1803 4604 1905 4673 spero
1932 4576 2203 4651 homuncionem

246 4684 285 4738 Ex
298 4684 366 4739 setis
378 4684 545 4754 beronicis,
564 4685 628 4738 vot.
643 4685 664 4739 l.
683 4704 710 4756 p.
724 4685 932 4756 studuerim·
946 4702 961 4738 ε
973 4684 1089 4739 Dsnrio.
1221 4678 1413 4770 aliquando
1427 4681 1624 4752 rediturum
1637 4685 1680 4751 ad
1698 4683 1896 4754 sanitatem,
1947 4680 2055 4750 Nunc
2068 4683 2203 4774 quidem

1220 4793 1272 4848 est
1287 4793 1427 4849 strenue
1444 4783 1615 4872 pertinax.
1667 4784 1854 4877 Negotium
1870 4784 2122 4869 mulierculae,
2150 4806 2205 4852 cu·

1220 4880 1276 4951 ius
1290 4884 1384 4974 opud
1402 4908 1465 4952 vos
1479 4884 1536 4955 vir
1552 4886 1725 4968 discessit,
1755 4911 1798 4955 ex
1813 4886 1885 4956 vita
1909 4884 2113 4976 explorabit
2129 4883 2205 4953 dili-

513 5059 521 5074 ,
750 5055 757 5073 ,
1015 5055 1023 5073 ‚
1220 4984 1358 5073 gentius
1372 4978 1432 5053 hic
1446 4984 1680 5058 Tabellarius.
1730 4985 1783 5058 Ea
1799 4988 1839 5056 in
1853 5010 1892 5059 re
1907 4989 2002 5080 qnod
2018 4987 2133 5056 fecisti
2149 5008 2206 5055 an-

178 5040 357 5135 saluoem!
411 5057 592 5129 Marunus
610 5049 799 5128 cellanus
815 5053 1118 5151 Siardafdmm
1132 5052 1170 5155 'i
1221 5098 1294 5169 tea,
1320 5085 1350 5154 si
1364 5099 1423 5155 tua
1440 5111 1546 5180 opera
1562 5114 1650 5182 opus
1665 5091 1747 5173 erit,
1781 5113 1912 5183 quaeso
1930 5101 1972 5158 ut
1991 5083 2087 5159 banc
2110 5088 2206 5158 adiu·

179 5165 276 5256 apud
290 5187 356 5235 nos
372 5176 434 5247 est,
456 5161 541 5231 iude
558 5185 668 5254 usque
683 5185 704 5230 a
718 5161 821 5231 vobis
833 5162 1012 5251 profectus
1024 5161 1063 5232 in
1078 5157 1171 5233 banc

179 5302 400 5320 ’····““····
1291 5292 1462 5365 Vitebergam
1478 5294 1599 5359 venisse,
1619 5295 1779 5366 intelligitur
1793 5295 1873 5353 etism
1886 5314 1916 5349 er
1928 5292 2044 5367 epistols
2058 5293 2167 5348 botheri
2176 5290 2206 5347 stl

215 5359 306 5443 ¹¹)ls,
324 5357 369 5427 qui
382 5327 529 5478 peret-osio
543 5354 628 5409 literis
641 5355 788 5439 edqeoerst
802 5352 983 5441 λ’ῖλελιοεςεε,θ
1002 5376 1031 5413 se
1051 5357 1171 5413 adiunxit
1289 5360 1804 5447 Brismannum·d.d.16.Au3.1525.
1840 5364 1936 5435 Quare
1956 5375 2025 5447 puto
2045 5364 2118 5421 banc
2134 5363 2205 5436 epist·

249 5446 354 5484 metum
404 5435 516 5480 suattuts
540 5424 752 5497 emmenum
800 5422 949 5481 cettsmm
974 5422 1025 5501 dle
1048 5433 1172 5499 tempore
1290 5430 1347 5485 lere
1359 5432 1430 5503 Aug.
1442 5442 1570 5504 scriptam
1586 5451 1655 5488 esse.

179 4818 242 4893 Ῑο,
269 4818 490 4894 Brisman
501 4847 554 4890 πο
582 4820 739 4917 (docenti
756 4818 923 4912 Evangel.
936 4812 976 4890 in
991 4818 1171 4910 Borussia,

271 4937 273 4941 '
545 4921 805 5017 Regiomonti).
