<?xml version="1.0" encoding="UTF-8"?>
<!DOCTYPE html PUBLIC "-//W3C//DTD XHTML 1.0 Transitional//EN"
    "http://www.w3.org/TR/xhtml1/DTD/xhtml1-transitional.dtd">
<html xmlns="http://www.w3.org/1999/xhtml" xml:lang="en" lang="en">
 <head>
  <title>
</title>
<meta http-equiv="Content-Type" content="text/html;charset=utf-8" />
  <meta name='ocr-system' content='tesseract 3.04.00' />
  <meta name='ocr-capabilities' content='ocr_page ocr_carea ocr_par ocr_line ocrx_word'/>
</head>
<body>
  <div class='ocr_page' id='page_1' title='image "./corpusreformato07melagoog/corpusreformato07melagoog_0450.png"; bbox 0 0 4500 5782; ppageno 0'>
   <div class='ocr_carea' id='block_1_1' title="bbox 85 147 2225 315">
    <p class='ocr_par' dir='ltr' id='par_1_1' title="bbox 85 147 2225 315">
     <span class='ocr_line' id='line_1_1' title="bbox 85 147 2225 315; baseline -0.016 1"><span class='ocrx_word' id='word_1_1' title='bbox 85 234 219 315; x_wconf 79' lang='lat' dir='ltr'>em·</span> <span class='ocrx_word' id='word_1_2' title='bbox 345 182 350 189; x_wconf 64' lang='grc'><em>’</em></span> <span class='ocrx_word' id='word_1_3' title='bbox 655 214 1089 299; x_wconf 77' lang='lat' dir='ltr'>nerseooauuu</span> <span class='ocrx_word' id='word_1_4' title='bbox 1138 213 1342 291; x_wconf 78' lang='lat' dir='ltr'>eruut</span> <span class='ocrx_word' id='word_1_5' title='bbox 1396 188 1525 291; x_wconf 73' lang='lat' dir='ltr'>csse</span> <span class='ocrx_word' id='word_1_6' title='bbox 1752 206 1755 211; x_wconf 83' lang='lat'>·</span> <span class='ocrx_word' id='word_1_7' title='bbox 2027 211 2108 290; x_wconf 81' lang='lat' dir='ltr'>no</span> <span class='ocrx_word' id='word_1_8' title='bbox 2221 147 2225 155; x_wconf 59' lang='grc'>’</span> 
     </span>
    </p>
   </div>
   <div class='ocr_carea' id='block_1_2' title="bbox 86 386 2230 5482">
    <p class='ocr_par' dir='ltr' id='par_1_2' title="bbox 86 386 2230 5482">
     <span class='ocr_line' id='line_1_2' title="bbox 86 386 2109 501; baseline -0.016 -15"><span class='ocrx_word' id='word_1_9' title='bbox 86 431 162 485; x_wconf 77' lang='lat' dir='ltr'>me</span> <span class='ocrx_word' id='word_1_10' title='bbox 180 402 367 501; x_wconf 81' lang='lat' dir='ltr'>procultu</span> <span class='ocrx_word' id='word_1_11' title='bbox 383 400 473 488; x_wconf 86' lang='lat' dir='ltr'>Dei,</span> <span class='ocrx_word' id='word_1_12' title='bbox 496 422 560 470; x_wconf 89' lang='lat' dir='ltr'>seu</span> <span class='ocrx_word' id='word_1_13' title='bbox 579 411 620 471; x_wconf 91' lang='lat' dir='ltr'>ut</span> <span class='ocrx_word' id='word_1_14' title='bbox 640 421 681 468; x_wconf 90' lang='lat' dir='ltr'>ea</span> <span class='ocrx_word' id='word_1_15' title='bbox 702 394 947 468; x_wconf 89' lang='lat' dir='ltr'>observatione</span> <span class='ocrx_word' id='word_1_16' title='bbox 967 389 1070 461; x_wconf 87' lang='lat' dir='ltr'>iusti-</span> <span class='ocrx_word' id='word_1_17' title='bbox 1121 401 1190 461; x_wconf 77' lang='lat' dir='ltr'>ten.</span> <span class='ocrx_word' id='word_1_18' title='bbox 1220 386 1304 459; x_wconf 91' lang='lat' dir='ltr'>Non</span> <span class='ocrx_word' id='word_1_19' title='bbox 1312 388 1431 482; x_wconf 92' lang='lat' dir='ltr'>potuit</span> <span class='ocrx_word' id='word_1_20' title='bbox 1446 403 1564 460; x_wconf 84' lang='lat' dir='ltr'>autem</span> <span class='ocrx_word' id='word_1_21' title='bbox 1577 389 1621 458; x_wconf 88' lang='lat' dir='ltr'>do</span> <span class='ocrx_word' id='word_1_22' title='bbox 1637 388 1916 459; x_wconf 72' lang='lat' dir='ltr'>ceremoniarum</span> <span class='ocrx_word' id='word_1_23' title='bbox 1928 407 1998 455; x_wconf 90' lang='lat' dir='ltr'>usn</span> <span class='ocrx_word' id='word_1_24' title='bbox 2012 408 2109 457; x_wconf 91' lang='lat' dir='ltr'>com-</span> 
     </span>
     <span class='ocr_line' id='line_1_3' title="bbox 86 487 2110 595; baseline -0.013 -9"><span class='ocrx_word' id='word_1_25' title='bbox 86 509 204 595; x_wconf 74' lang='lat' dir='ltr'>iteris·</span> <span class='ocrx_word' id='word_1_26' title='bbox 260 506 356 581; x_wconf 80' lang='lat' dir='ltr'>Satis</span> <span class='ocrx_word' id='word_1_27' title='bbox 376 506 468 577; x_wconf 85' lang='lat' dir='ltr'>clara</span> <span class='ocrx_word' id='word_1_28' title='bbox 495 514 547 573; x_wconf 85' lang='lat' dir='ltr'>est</span> <span class='ocrx_word' id='word_1_29' title='bbox 565 496 699 574; x_wconf 82' lang='lat' dir='ltr'><strong>Christi</strong></span> <span class='ocrx_word' id='word_1_30' title='bbox 724 497 916 582; x_wconf 86' lang='lat' dir='ltr'>sententia,</span> <span class='ocrx_word' id='word_1_31' title='bbox 940 495 1071 565; x_wconf 83' lang='lat' dir='ltr'>frustra</span> <span class='ocrx_word' id='word_1_32' title='bbox 1121 493 1227 562; x_wconf 90' lang='lat' dir='ltr'>mode</span> <span class='ocrx_word' id='word_1_33' title='bbox 1248 490 1337 578; x_wconf 89' lang='lat' dir='ltr'>dici,</span> <span class='ocrx_word' id='word_1_34' title='bbox 1360 492 1474 586; x_wconf 89' lang='lat' dir='ltr'>deque</span> <span class='ocrx_word' id='word_1_35' title='bbox 1493 491 1657 562; x_wconf 84' lang='lat' dir='ltr'>libertate</span> <span class='ocrx_word' id='word_1_36' title='bbox 1673 491 1736 561; x_wconf 90' lang='lat' dir='ltr'>illa</span> <span class='ocrx_word' id='word_1_37' title='bbox 1755 513 1847 586; x_wconf 86' lang='lat' dir='ltr'>quae</span> <span class='ocrx_word' id='word_1_38' title='bbox 1863 487 1969 559; x_wconf 89' lang='lat' dir='ltr'>nobis</span> <span class='ocrx_word' id='word_1_39' title='bbox 1985 487 2043 559; x_wconf 87' lang='lat' dir='ltr'>ius</span> <span class='ocrx_word' id='word_1_40' title='bbox 2056 488 2110 559; x_wconf 80' lang='lat' dir='ltr'>ia-</span> 
     </span>
     <span class='ocr_line' id='line_1_4' title="bbox 86 588 2110 687; baseline -0.013 0"><span class='ocrx_word' id='word_1_41' title='bbox 86 636 116 687; x_wconf 79' lang='lat' dir='ltr'>te</span> <span class='ocrx_word' id='word_1_42' title='bbox 130 611 205 685; x_wconf 84' lang='lat' dir='ltr'>coli</span> <span class='ocrx_word' id='word_1_43' title='bbox 217 609 395 683; x_wconf 87' lang='lat' dir='ltr'>mandatis</span> <span class='ocrx_word' id='word_1_44' title='bbox 409 600 608 677; x_wconf 83' lang='lat' dir='ltr'>hominum.</span> <span class='ocrx_word' id='word_1_45' title='bbox 695 668 700 675; x_wconf 84' lang='lat'>.</span> <span class='ocrx_word' id='word_1_46' title='bbox 1122 593 1170 667; x_wconf 91' lang='lat' dir='ltr'>cit</span> <span class='ocrx_word' id='word_1_47' title='bbox 1183 593 1309 667; x_wconf 85' lang='lat' dir='ltr'>utendi</span> <span class='ocrx_word' id='word_1_48' title='bbox 1326 593 1535 665; x_wconf 78' lang='lat' dir='ltr'>ceremoniis</span> <span class='ocrx_word' id='word_1_49' title='bbox 1554 604 1618 664; x_wconf 87' lang='lat' dir='ltr'>aut</span> <span class='ocrx_word' id='word_1_50' title='bbox 1636 617 1712 667; x_wconf 92' lang='lat' dir='ltr'>non</span> <span class='ocrx_word' id='word_1_51' title='bbox 1732 592 1876 678; x_wconf 91' lang='lat' dir='ltr'>utendi,</span> <span class='ocrx_word' id='word_1_52' title='bbox 1907 588 1978 660; x_wconf 86' lang='lat' dir='ltr'>nisi</span> <span class='ocrx_word' id='word_1_53' title='bbox 1999 603 2110 662; x_wconf 88' lang='lat' dir='ltr'>totam</span> 
     </span>
     <span class='ocr_line' id='line_1_5' title="bbox 181 695 2111 803; baseline -0.013 -15"><span class='ocrx_word' id='word_1_54' title='bbox 181 712 278 787; x_wconf 88' lang='lat' dir='ltr'>Sunt</span> <span class='ocrx_word' id='word_1_55' title='bbox 295 724 416 785; x_wconf 88' lang='lat' dir='ltr'>autem</span> <span class='ocrx_word' id='word_1_56' title='bbox 431 707 605 803; x_wconf 90' lang='lat' dir='ltr'>quaedam</span> <span class='ocrx_word' id='word_1_57' title='bbox 621 701 851 785; x_wconf 87' lang='lat' dir='ltr'>traditiones,</span> <span class='ocrx_word' id='word_1_58' title='bbox 875 721 967 793; x_wconf 88' lang='lat' dir='ltr'>quae</span> <span class='ocrx_word' id='word_1_59' title='bbox 982 695 1070 767; x_wconf 88' lang='lat' dir='ltr'>eitra</span> <span class='ocrx_word' id='word_1_60' title='bbox 1122 720 1264 767; x_wconf 87' lang='lat' dir='ltr'>causam</span> <span class='ocrx_word' id='word_1_61' title='bbox 1286 697 1552 789; x_wconf 80' lang='lat' dir='ltr'>complecterer,</span> <span class='ocrx_word' id='word_1_62' title='bbox 1575 697 1645 766; x_wconf 89' lang='lat' dir='ltr'>iam</span> <span class='ocrx_word' id='word_1_63' title='bbox 1672 711 1706 769; x_wconf 90' lang='lat' dir='ltr'>et</span> <span class='ocrx_word' id='word_1_64' title='bbox 1726 697 1835 769; x_wconf 79' lang='lat' dir='ltr'>officii</span> <span class='ocrx_word' id='word_1_65' title='bbox 1856 695 1928 766; x_wconf 86' lang='lat' dir='ltr'>mei</span> <span class='ocrx_word' id='word_1_66' title='bbox 1950 716 2023 765; x_wconf 85' lang='lat' dir='ltr'>esse</span> <span class='ocrx_word' id='word_1_67' title='bbox 2042 718 2111 787; x_wconf 90' lang='lat' dir='ltr'>pu·</span> 
     </span>
     <span class='ocr_line' id='line_1_6' title="bbox 86 795 2111 912; baseline -0.012 -22"><span class='ocrx_word' id='word_1_68' title='bbox 86 829 264 912; x_wconf 79' lang='lat' dir='ltr'>peecatum</span> <span class='ocrx_word' id='word_1_69' title='bbox 282 812 414 884; x_wconf 88' lang='lat' dir='ltr'>servari</span> <span class='ocrx_word' id='word_1_70' title='bbox 430 822 597 903; x_wconf 83' lang='lat' dir='ltr'>possunt,</span> <span class='ocrx_word' id='word_1_71' title='bbox 622 821 662 878; x_wconf 91' lang='lat' dir='ltr'>ut</span> <span class='ocrx_word' id='word_1_72' title='bbox 683 828 773 900; x_wconf 88' lang='lat' dir='ltr'>quae</span> <span class='ocrx_word' id='word_1_73' title='bbox 798 804 842 872; x_wconf 89' lang='lat' dir='ltr'>de</span> <span class='ocrx_word' id='word_1_74' title='bbox 862 801 992 871; x_wconf 88' lang='lat' dir='ltr'>vestito</span> <span class='ocrx_word' id='word_1_75' title='bbox 1014 797 1072 868; x_wconf 90' lang='lat' dir='ltr'>vel</span> <span class='ocrx_word' id='word_1_76' title='bbox 1122 797 1215 885; x_wconf 88' lang='lat' dir='ltr'>tavi,</span> <span class='ocrx_word' id='word_1_77' title='bbox 1237 822 1381 869; x_wconf 90' lang='lat' dir='ltr'>monere</span> <span class='ocrx_word' id='word_1_78' title='bbox 1400 820 1489 893; x_wconf 86' lang='lat' dir='ltr'>quae</span> <span class='ocrx_word' id='word_1_79' title='bbox 1504 813 1539 869; x_wconf 89' lang='lat' dir='ltr'>et</span> <span class='ocrx_word' id='word_1_80' title='bbox 1554 808 1635 870; x_wconf 82' lang='lat' dir='ltr'>tuoe</span> <span class='ocrx_word' id='word_1_81' title='bbox 1652 800 1776 870; x_wconf 87' lang='lat' dir='ltr'>salutis</span> <span class='ocrx_word' id='word_1_82' title='bbox 1794 802 1923 870; x_wconf 78' lang='lat' dir='ltr'>referre</span> <span class='ocrx_word' id='word_1_83' title='bbox 1939 795 2111 867; x_wconf 88' lang='lat' dir='ltr'>videban-</span> 
     </span>
     <span class='ocr_line' id='line_1_7' title="bbox 86 888 2111 1001; baseline -0.011 -7"><span class='ocrx_word' id='word_1_84' title='bbox 86 918 172 993; x_wconf 78' lang='lat' dir='ltr'>cibis</span> <span class='ocrx_word' id='word_1_85' title='bbox 200 931 263 991; x_wconf 89' lang='lat' dir='ltr'>aut</span> <span class='ocrx_word' id='word_1_86' title='bbox 291 914 468 985; x_wconf 74' lang='lat' dir='ltr'>similibus</span> <span class='ocrx_word' id='word_1_87' title='bbox 495 910 598 1001; x_wconf 91' lang='lat' dir='ltr'>nugis</span> <span class='ocrx_word' id='word_1_88' title='bbox 626 908 835 979; x_wconf 74' lang='lat' dir='ltr'>constitutae</span> <span class='ocrx_word' id='word_1_89' title='bbox 861 916 953 976; x_wconf 89' lang='lat' dir='ltr'>suut.</span> <span class='ocrx_word' id='word_1_90' title='bbox 1017 896 1072 968; x_wconf 92' lang='lat' dir='ltr'>De</span> <span class='ocrx_word' id='word_1_91' title='bbox 1122 916 1182 973; x_wconf 89' lang='lat' dir='ltr'>tur</span> <span class='ocrx_word' id='word_1_92' title='bbox 1211 915 1246 971; x_wconf 91' lang='lat' dir='ltr'>et</span> <span class='ocrx_word' id='word_1_93' title='bbox 1277 901 1438 994; x_wconf 88' lang='lat' dir='ltr'>publicae</span> <span class='ocrx_word' id='word_1_94' title='bbox 1467 900 1755 996; x_wconf 53' lang='lat' dir='ltr'>tranquillitatis.¹</span> <span class='ocrx_word' id='word_1_95' title='bbox 1815 896 1986 972; x_wconf 86' lang='lat' dir='ltr'>Horatius</span> <span class='ocrx_word' id='word_1_96' title='bbox 2013 888 2111 972; x_wconf 84' lang='lat' dir='ltr'>iubet</span> 
     </span>
     <span class='ocr_line' id='line_1_8' title="bbox 86 1003 2111 1103; baseline -0.009 -9"><span class='ocrx_word' id='word_1_97' title='bbox 86 1016 138 1093; x_wconf 82' lang='lat' dir='ltr'>his</span> <span class='ocrx_word' id='word_1_98' title='bbox 160 1019 247 1093; x_wconf 84' lang='lat' dir='ltr'>satis</span> <span class='ocrx_word' id='word_1_99' title='bbox 268 1029 320 1089; x_wconf 86' lang='lat' dir='ltr'>est</span> <span class='ocrx_word' id='word_1_100' title='bbox 337 1017 435 1088; x_wconf 82' lang='lat' dir='ltr'>iuxta</span> <span class='ocrx_word' id='word_1_101' title='bbox 450 1010 685 1103; x_wconf 85' lang='lat' dir='ltr'>Evangelium</span> <span class='ocrx_word' id='word_1_102' title='bbox 705 1007 854 1091; x_wconf 88' lang='lat' dir='ltr'>sentire,</span> <span class='ocrx_word' id='word_1_103' title='bbox 879 1005 976 1099; x_wconf 91' lang='lat' dir='ltr'>quod</span> <span class='ocrx_word' id='word_1_104' title='bbox 997 1025 1072 1071; x_wconf 93' lang='lat' dir='ltr'>nou</span> <span class='ocrx_word' id='word_1_105' title='bbox 1123 1003 1296 1095; x_wconf 75' lang='lat' dir='ltr'>aspicere,</span> <span class='ocrx_word' id='word_1_106' title='bbox 1339 1005 1444 1073; x_wconf 90' lang='lat' dir='ltr'>etiam</span> <span class='ocrx_word' id='word_1_107' title='bbox 1474 1003 1505 1073; x_wconf 88' lang='lat' dir='ltr'>si</span> <span class='ocrx_word' id='word_1_108' title='bbox 1536 1026 1660 1075; x_wconf 88' lang='lat' dir='ltr'>coecus</span> <span class='ocrx_word' id='word_1_109' title='bbox 1694 1005 1761 1075; x_wconf 88' lang='lat' dir='ltr'>iter</span> <span class='ocrx_word' id='word_1_110' title='bbox 1789 1019 1986 1077; x_wconf 87' lang='lat' dir='ltr'>monstrare</span> <span class='ocrx_word' id='word_1_111' title='bbox 2015 1003 2111 1075; x_wconf 81' lang='lat' dir='ltr'>velit.</span> 
     </span>
     <span class='ocr_line' id='line_1_9' title="bbox 86 1100 2204 1209; baseline -0.009 -16"><span class='ocrx_word' id='word_1_112' title='bbox 86 1122 469 1201; x_wconf 79' lang='lat' dir='ltr'>iustificentservatae,</span> <span class='ocrx_word' id='word_1_113' title='bbox 494 1139 609 1209; x_wconf 89' lang='lat' dir='ltr'>neque</span> <span class='ocrx_word' id='word_1_114' title='bbox 625 1111 744 1183; x_wconf 91' lang='lat' dir='ltr'>obsint</span> <span class='ocrx_word' id='word_1_115' title='bbox 759 1108 951 1199; x_wconf 83' lang='lat' dir='ltr'>neglectae,</span> <span class='ocrx_word' id='word_1_116' title='bbox 976 1105 1071 1174; x_wconf 79' lang='lat' dir='ltr'>iuxta</span> <span class='ocrx_word' id='word_1_117' title='bbox 1124 1104 1244 1195; x_wconf 86' lang='lat' dir='ltr'>Quare</span> <span class='ocrx_word' id='word_1_118' title='bbox 1271 1107 1316 1175; x_wconf 94' lang='lat' dir='ltr'>de</span> <span class='ocrx_word' id='word_1_119' title='bbox 1347 1131 1488 1200; x_wconf 90' lang='lat' dir='ltr'>quoque</span> <span class='ocrx_word' id='word_1_120' title='bbox 1515 1130 1618 1196; x_wconf 91' lang='lat' dir='ltr'>rogo,</span> <span class='ocrx_word' id='word_1_121' title='bbox 1659 1130 1705 1176; x_wconf 91' lang='lat' dir='ltr'>ne</span> <span class='ocrx_word' id='word_1_122' title='bbox 1736 1107 1782 1178; x_wconf 89' lang='lat' dir='ltr'>sit</span> <span class='ocrx_word' id='word_1_123' title='bbox 1810 1108 1997 1181; x_wconf 85' lang='lat' dir='ltr'>molestum</span> <span class='ocrx_word' id='word_1_124' title='bbox 2025 1100 2111 1178; x_wconf 89' lang='lat' dir='ltr'>haec</span> <span class='ocrx_word' id='word_1_125' title='bbox 2200 1100 2204 1107; x_wconf 73' lang='grc'>’</span> 
     </span>
     <span class='ocr_line' id='line_1_10' title="bbox 87 1204 2111 1303; baseline -0.01 -6"><span class='ocrx_word' id='word_1_126' title='bbox 87 1218 189 1297; x_wconf 78' lang='lat' dir='ltr'>Pauli</span> <span class='ocrx_word' id='word_1_127' title='bbox 202 1219 428 1294; x_wconf 86' lang='lat' dir='ltr'>sententiam:</span> <span class='ocrx_word' id='word_1_128' title='bbox 444 1214 498 1289; x_wconf 86' lang='lat' dir='ltr'>Ne</span> <span class='ocrx_word' id='word_1_129' title='bbox 512 1214 660 1288; x_wconf 86' lang='lat' dir='ltr'>decretis</span> <span class='ocrx_word' id='word_1_130' title='bbox 676 1210 864 1284; x_wconf 84' lang='lat' dir='ltr'>vexemini.</span> <span class='ocrx_word' id='word_1_131' title='bbox 896 1204 946 1279; x_wconf 87' lang='lat' dir='ltr'>Et</span> <span class='ocrx_word' id='word_1_132' title='bbox 954 1219 1073 1277; x_wconf 90' lang='lat' dir='ltr'>tamen</span> <span class='ocrx_word' id='word_1_133' title='bbox 1125 1231 1334 1299; x_wconf 81' lang='lat' dir='ltr'>cognoscere</span> <span class='ocrx_word' id='word_1_134' title='bbox 1360 1209 1637 1303; x_wconf 89' lang='lat' dir='ltr'>qualiacunque,</span> <span class='ocrx_word' id='word_1_135' title='bbox 1676 1233 1765 1302; x_wconf 90' lang='lat' dir='ltr'>quae</span> <span class='ocrx_word' id='word_1_136' title='bbox 1795 1223 1887 1281; x_wconf 89' lang='lat' dir='ltr'>certe</span> <span class='ocrx_word' id='word_1_137' title='bbox 1910 1210 1971 1301; x_wconf 87' lang='lat' dir='ltr'>pio</span> <span class='ocrx_word' id='word_1_138' title='bbox 1993 1208 2111 1280; x_wconf 88' lang='lat' dir='ltr'>studio</span> 
     </span>
     <span class='ocr_line' id='line_1_11' title="bbox 87 1308 2113 1421; baseline -0.01 -21"><span class='ocrx_word' id='word_1_139' title='bbox 87 1326 181 1421; x_wconf 76' lang='lat' dir='ltr'>pacis</span> <span class='ocrx_word' id='word_1_140' title='bbox 197 1325 315 1397; x_wconf 85' lang='lat' dir='ltr'>studio</span> <span class='ocrx_word' id='word_1_141' title='bbox 332 1319 494 1394; x_wconf 90' lang='lat' dir='ltr'>retulerit</span> <span class='ocrx_word' id='word_1_142' title='bbox 510 1318 645 1391; x_wconf 86' lang='lat' dir='ltr'>servari</span> <span class='ocrx_word' id='word_1_143' title='bbox 662 1314 831 1398; x_wconf 86' lang='lat' dir='ltr'>civiliter,</span> <span class='ocrx_word' id='word_1_144' title='bbox 856 1312 953 1382; x_wconf 87' lang='lat' dir='ltr'>iuxta</span> <span class='ocrx_word' id='word_1_145' title='bbox 969 1329 1071 1398; x_wconf 90' lang='lat' dir='ltr'>regu·</span> <span class='ocrx_word' id='word_1_146' title='bbox 1125 1311 1171 1381; x_wconf 91' lang='lat' dir='ltr'>ad</span> <span class='ocrx_word' id='word_1_147' title='bbox 1193 1325 1227 1382; x_wconf 92' lang='lat' dir='ltr'>te</span> <span class='ocrx_word' id='word_1_148' title='bbox 1249 1310 1449 1403; x_wconf 84' lang='lat' dir='ltr'>perscripsi.</span> <span class='ocrx_word' id='word_1_149' title='bbox 1495 1308 1606 1380; x_wconf 89' lang='lat' dir='ltr'>Vides</span> <span class='ocrx_word' id='word_1_150' title='bbox 1627 1334 1733 1404; x_wconf 89' lang='lat' dir='ltr'>quam</span> <span class='ocrx_word' id='word_1_151' title='bbox 1758 1311 2113 1404; x_wconf 74' lang='lat' dir='ltr'>periculosa=dissen-</span> 
     </span>
     <span class='ocr_line' id='line_1_12' title="bbox 87 1408 2112 1520; baseline -0.008 -20"><span class='ocrx_word' id='word_1_152' title='bbox 87 1428 172 1499; x_wconf 83' lang='lat' dir='ltr'>lam:</span> <span class='ocrx_word' id='word_1_153' title='bbox 199 1424 336 1520; x_wconf 88' lang='lat' dir='ltr'>Siquis</span> <span class='ocrx_word' id='word_1_154' title='bbox 355 1421 512 1514; x_wconf 81' lang='lat' dir='ltr'>adegerit</span> <span class='ocrx_word' id='word_1_155' title='bbox 532 1435 566 1492; x_wconf 88' lang='lat' dir='ltr'>te</span> <span class='ocrx_word' id='word_1_156' title='bbox 582 1421 627 1491; x_wconf 93' lang='lat' dir='ltr'>ad</span> <span class='ocrx_word' id='word_1_157' title='bbox 642 1418 741 1488; x_wconf 89' lang='lat' dir='ltr'>mille</span> <span class='ocrx_word' id='word_1_158' title='bbox 759 1436 898 1508; x_wconf 89' lang='lat' dir='ltr'>passus,</span> <span class='ocrx_word' id='word_1_159' title='bbox 923 1433 981 1480; x_wconf 92' lang='lat' dir='ltr'>eas</span> <span class='ocrx_word' id='word_1_160' title='bbox 1001 1433 1073 1479; x_wconf 91' lang='lat' dir='ltr'>uua</span> <span class='ocrx_word' id='word_1_161' title='bbox 1125 1412 1224 1482; x_wconf 89' lang='lat' dir='ltr'>sione</span> <span class='ocrx_word' id='word_1_162' title='bbox 1239 1411 1461 1484; x_wconf 82' lang='lat' dir='ltr'>conflictatur</span> <span class='ocrx_word' id='word_1_163' title='bbox 1476 1411 1573 1481; x_wconf 89' lang='lat' dir='ltr'>orbis</span> <span class='ocrx_word' id='word_1_164' title='bbox 1588 1425 1773 1486; x_wconf 89' lang='lat' dir='ltr'>terrarum.</span> <span class='ocrx_word' id='word_1_165' title='bbox 1807 1408 1856 1483; x_wconf 89' lang='lat' dir='ltr'>Et</span> <span class='ocrx_word' id='word_1_166' title='bbox 1871 1426 2024 1485; x_wconf 90' lang='lat' dir='ltr'>certatur</span> <span class='ocrx_word' id='word_1_167' title='bbox 2041 1415 2112 1485; x_wconf 87' lang='lat' dir='ltr'>sere</span> 
     </span>
     <span class='ocr_line' id='line_1_13' title="bbox 87 1511 2114 1613; baseline -0.009 -12"><span class='ocrx_word' id='word_1_168' title='bbox 87 1530 157 1601; x_wconf 88' lang='lat' dir='ltr'>duo</span> <span class='ocrx_word' id='word_1_169' title='bbox 172 1528 296 1599; x_wconf 90' lang='lat' dir='ltr'>millia.</span> <span class='ocrx_word' id='word_1_170' title='bbox 349 1523 453 1596; x_wconf 91' lang='lat' dir='ltr'>ltem:</span> <span class='ocrx_word' id='word_1_171' title='bbox 480 1522 555 1613; x_wconf 87' lang='lat' dir='ltr'>Qui</span> <span class='ocrx_word' id='word_1_172' title='bbox 580 1524 618 1591; x_wconf 89' lang='lat' dir='ltr'>in</span> <span class='ocrx_word' id='word_1_173' title='bbox 643 1517 907 1590; x_wconf 87' lang='lat' dir='ltr'>circumcisione</span> <span class='ocrx_word' id='word_1_174' title='bbox 931 1525 1073 1582; x_wconf 82' lang='lat' dir='ltr'>vocatus</span> <span class='ocrx_word' id='word_1_175' title='bbox 1125 1515 1169 1584; x_wconf 92' lang='lat' dir='ltr'>de</span> <span class='ocrx_word' id='word_1_176' title='bbox 1196 1514 1404 1583; x_wconf 87' lang='lat' dir='ltr'>ceremoniis</span> <span class='ocrx_word' id='word_1_177' title='bbox 1427 1527 1562 1585; x_wconf 90' lang='lat' dir='ltr'>tantum</span> <span class='ocrx_word' id='word_1_178' title='bbox 1589 1516 1688 1585; x_wconf 89' lang='lat' dir='ltr'>etde</span> <span class='ocrx_word' id='word_1_179' title='bbox 1713 1514 1963 1586; x_wconf 88' lang='lat' dir='ltr'>traditionibus</span> <span class='ocrx_word' id='word_1_180' title='bbox 1987 1511 2114 1587; x_wconf 90' lang='lat' dir='ltr'>huma-</span> 
     </span>
     <span class='ocr_line' id='line_1_14' title="bbox 87 1611 2114 1717; baseline -0.008 -14"><span class='ocrx_word' id='word_1_181' title='bbox 87 1645 155 1717; x_wconf 84' lang='lat' dir='ltr'>est,</span> <span class='ocrx_word' id='word_1_182' title='bbox 187 1654 263 1702; x_wconf 88' lang='lat' dir='ltr'>non</span> <span class='ocrx_word' id='word_1_183' title='bbox 286 1639 438 1699; x_wconf 87' lang='lat' dir='ltr'>accersat</span> <span class='ocrx_word' id='word_1_184' title='bbox 455 1623 697 1717; x_wconf 88' lang='lat' dir='ltr'>praeputium,</span> <span class='ocrx_word' id='word_1_185' title='bbox 728 1619 853 1713; x_wconf 91' lang='lat' dir='ltr'>quiin</span> <span class='ocrx_word' id='word_1_186' title='bbox 878 1611 1075 1708; x_wconf 89' lang='lat' dir='ltr'>praeputio,</span> <span class='ocrx_word' id='word_1_187' title='bbox 1125 1616 1193 1688; x_wconf 91' lang='lat' dir='ltr'>nis.</span> <span class='ocrx_word' id='word_1_188' title='bbox 1226 1613 1297 1686; x_wconf 93' lang='lat' dir='ltr'>Ubi</span> <span class='ocrx_word' id='word_1_189' title='bbox 1313 1615 1343 1682; x_wconf 88' lang='lat' dir='ltr'>si</span> <span class='ocrx_word' id='word_1_190' title='bbox 1358 1616 1610 1708; x_wconf 90' lang='lat' dir='ltr'>paulummodo</span> <span class='ocrx_word' id='word_1_191' title='bbox 1627 1639 1711 1685; x_wconf 93' lang='lat' dir='ltr'>sana</span> <span class='ocrx_word' id='word_1_192' title='bbox 1727 1616 1873 1686; x_wconf 90' lang='lat' dir='ltr'>consilia</span> <span class='ocrx_word' id='word_1_193' title='bbox 1888 1617 2114 1687; x_wconf 87' lang='lat' dir='ltr'>admitterent</span> 
     </span>
     <span class='ocr_line' id='line_1_15' title="bbox 87 1714 2115 1811; baseline -0.014 -7"><span class='ocrx_word' id='word_1_194' title='bbox 87 1757 161 1805; x_wconf 93' lang='lat' dir='ltr'>non</span> <span class='ocrx_word' id='word_1_195' title='bbox 174 1743 327 1803; x_wconf 90' lang='lat' dir='ltr'>accersat</span> <span class='ocrx_word' id='word_1_196' title='bbox 340 1727 655 1800; x_wconf 90' lang='lat' dir='ltr'>circumcisionem.</span> <span class='ocrx_word' id='word_1_197' title='bbox 706 1721 799 1793; x_wconf 89' lang='lat' dir='ltr'>Sunt</span> <span class='ocrx_word' id='word_1_198' title='bbox 814 1719 903 1788; x_wconf 91' lang='lat' dir='ltr'>aliae</span> <span class='ocrx_word' id='word_1_199' title='bbox 921 1738 1010 1811; x_wconf 90' lang='lat' dir='ltr'>quae</span> <span class='ocrx_word' id='word_1_200' title='bbox 1024 1714 1074 1783; x_wconf 91' lang='lat' dir='ltr'>ci·</span> <span class='ocrx_word' id='word_1_201' title='bbox 1127 1717 1319 1810; x_wconf 89' lang='lat' dir='ltr'>principes,</span> <span class='ocrx_word' id='word_1_202' title='bbox 1342 1717 1464 1786; x_wconf 91' lang='lat' dir='ltr'>sarciri</span> <span class='ocrx_word' id='word_1_203' title='bbox 1479 1741 1545 1808; x_wconf 81' lang='lat' dir='ltr'>pax</span> <span class='ocrx_word' id='word_1_204' title='bbox 1561 1732 1687 1810; x_wconf 73' lang='lat' dir='ltr'>posset,</span> <span class='ocrx_word' id='word_1_205' title='bbox 1732 1715 1928 1789; x_wconf 75' lang='lat' dir='ltr'>Multitudo</span> <span class='ocrx_word' id='word_1_206' title='bbox 1945 1743 2115 1791; x_wconf 76' lang='lat' dir='ltr'>nonnun.</span> 
     </span>
     <span class='ocr_line' id='line_1_16' title="bbox 87 1815 2114 1927; baseline -0.01 -17"><span class='ocrx_word' id='word_1_207' title='bbox 87 1852 140 1911; x_wconf 86' lang='lat' dir='ltr'>tra</span> <span class='ocrx_word' id='word_1_208' title='bbox 162 1847 345 1927; x_wconf 87' lang='lat' dir='ltr'>peccatum</span> <span class='ocrx_word' id='word_1_209' title='bbox 367 1829 501 1923; x_wconf 85' lang='lat' dir='ltr'>servari</span> <span class='ocrx_word' id='word_1_210' title='bbox 517 1853 562 1897; x_wconf 94' lang='lat' dir='ltr'>ne</span> <span class='ocrx_word' id='word_1_211' title='bbox 577 1837 725 1919; x_wconf 89' lang='lat' dir='ltr'>possunt</span> <span class='ocrx_word' id='word_1_212' title='bbox 739 1823 895 1916; x_wconf 90' lang='lat' dir='ltr'>quidem.</span> <span class='ocrx_word' id='word_1_213' title='bbox 945 1815 1074 1887; x_wconf 89' lang='lat' dir='ltr'>Cuius-</span> <span class='ocrx_word' id='word_1_214' title='bbox 1127 1844 1233 1914; x_wconf 91' lang='lat' dir='ltr'>quam</span> <span class='ocrx_word' id='word_1_215' title='bbox 1254 1820 1422 1912; x_wconf 89' lang='lat' dir='ltr'>utrinque</span> <span class='ocrx_word' id='word_1_216' title='bbox 1446 1818 1625 1904; x_wconf 88' lang='lat' dir='ltr'>irritatur,</span> <span class='ocrx_word' id='word_1_217' title='bbox 1649 1843 1668 1888; x_wconf 93' lang='lat' dir='ltr'>a</span> <span class='ocrx_word' id='word_1_218' title='bbox 1689 1819 1864 1890; x_wconf 87' lang='lat' dir='ltr'>seditiosis</span> <span class='ocrx_word' id='word_1_219' title='bbox 1885 1821 2114 1892; x_wconf 87' lang='lat' dir='ltr'>concionato-</span> 
     </span>
     <span class='ocr_line' id='line_1_17' title="bbox 88 1917 2115 2026; baseline -0.011 -16"><span class='ocrx_word' id='word_1_220' title='bbox 88 1937 185 2009; x_wconf 83' lang='lat' dir='ltr'>nrodi</span> <span class='ocrx_word' id='word_1_221' title='bbox 201 1948 253 2005; x_wconf 87' lang='lat' dir='ltr'>est</span> <span class='ocrx_word' id='word_1_222' title='bbox 267 1935 428 2026; x_wconf 90' lang='lat' dir='ltr'>impurus</span> <span class='ocrx_word' id='word_1_223' title='bbox 441 1933 503 2002; x_wconf 91' lang='lat' dir='ltr'>ille</span> <span class='ocrx_word' id='word_1_224' title='bbox 518 1930 725 2010; x_wconf 90' lang='lat' dir='ltr'>caelibatus,</span> <span class='ocrx_word' id='word_1_225' title='bbox 750 1924 811 2018; x_wconf 93' lang='lat' dir='ltr'>qui</span> <span class='ocrx_word' id='word_1_226' title='bbox 833 1920 1021 1992; x_wconf 89' lang='lat' dir='ltr'>crudeliter</span> <span class='ocrx_word' id='word_1_227' title='bbox 1042 1927 1076 1985; x_wconf 89' lang='lat' dir='ltr'>et</span> <span class='ocrx_word' id='word_1_228' title='bbox 1127 1922 1237 1991; x_wconf 91' lang='lat' dir='ltr'>ribus.</span> <span class='ocrx_word' id='word_1_229' title='bbox 1301 1918 1391 1990; x_wconf 90' lang='lat' dir='ltr'>Nam</span> <span class='ocrx_word' id='word_1_230' title='bbox 1417 1934 1451 1990; x_wconf 88' lang='lat' dir='ltr'>et</span> <span class='ocrx_word' id='word_1_231' title='bbox 1474 1920 1537 2013; x_wconf 90' lang='lat' dir='ltr'>qni</span> <span class='ocrx_word' id='word_1_232' title='bbox 1557 1917 1673 2013; x_wconf 87' lang='lat' dir='ltr'>Papae</span> <span class='ocrx_word' id='word_1_233' title='bbox 1700 1922 1968 2011; x_wconf 82' lang='lat' dir='ltr'>patrocinantur</span> <span class='ocrx_word' id='word_1_234' title='bbox 1996 1923 2115 2016; x_wconf 87' lang='lat' dir='ltr'>impiis</span> 
     </span>
     <span class='ocr_line' id='line_1_18' title="bbox 88 2017 2117 2131; baseline -0.007 -22"><span class='ocrx_word' id='word_1_235' title='bbox 88 2039 196 2131; x_wconf 92' lang='lat' dir='ltr'>impie</span> <span class='ocrx_word' id='word_1_236' title='bbox 215 2036 365 2128; x_wconf 80' lang='lat' dir='ltr'>exigitur</span> <span class='ocrx_word' id='word_1_237' title='bbox 387 2033 531 2124; x_wconf 87' lang='lat' dir='ltr'>aPapa.</span> <span class='ocrx_word' id='word_1_238' title='bbox 582 2025 632 2100; x_wconf 82' lang='lat' dir='ltr'>At</span> <span class='ocrx_word' id='word_1_239' title='bbox 646 2024 809 2099; x_wconf 91' lang='lat' dir='ltr'>Christus</span> <span class='ocrx_word' id='word_1_240' title='bbox 830 2036 935 2115; x_wconf 89' lang='lat' dir='ltr'>negat</span> <span class='ocrx_word' id='word_1_241' title='bbox 959 2017 1076 2091; x_wconf 80' lang='lat' dir='ltr'>omni·</span> <span class='ocrx_word' id='word_1_242' title='bbox 1128 2021 1360 2093; x_wconf 90' lang='lat' dir='ltr'>concionibus</span> <span class='ocrx_word' id='word_1_243' title='bbox 1377 2035 1411 2091; x_wconf 92' lang='lat' dir='ltr'>et</span> <span class='ocrx_word' id='word_1_244' title='bbox 1424 2022 1573 2103; x_wconf 89' lang='lat' dir='ltr'>libellis,</span> <span class='ocrx_word' id='word_1_245' title='bbox 1600 2036 1736 2092; x_wconf 89' lang='lat' dir='ltr'>tantum</span> <span class='ocrx_word' id='word_1_246' title='bbox 1755 2025 1962 2095; x_wconf 84' lang='lat' dir='ltr'>exacerbant</span> <span class='ocrx_word' id='word_1_247' title='bbox 1978 2024 2117 2095; x_wconf 89' lang='lat' dir='ltr'>animos</span> 
     </span>
     <span class='ocr_line' id='line_1_19' title="bbox 88 2119 2193 2220; baseline -0.011 -7"><span class='ocrx_word' id='word_1_248' title='bbox 88 2132 154 2213; x_wconf 87' lang='lat' dir='ltr'>hus</span> <span class='ocrx_word' id='word_1_249' title='bbox 174 2162 249 2211; x_wconf 88' lang='lat' dir='ltr'>esse</span> <span class='ocrx_word' id='word_1_250' title='bbox 269 2140 402 2209; x_wconf 90' lang='lat' dir='ltr'>datum.</span> <span class='ocrx_word' id='word_1_251' title='bbox 452 2132 501 2206; x_wconf 84' lang='lat' dir='ltr'>Et</span> <span class='ocrx_word' id='word_1_252' title='bbox 518 2131 652 2202; x_wconf 90' lang='lat' dir='ltr'>Paulus</span> <span class='ocrx_word' id='word_1_253' title='bbox 673 2129 830 2219; x_wconf 88' lang='lat' dir='ltr'>scripsit,</span> <span class='ocrx_word' id='word_1_254' title='bbox 853 2125 981 2194; x_wconf 91' lang='lat' dir='ltr'>melius</span> <span class='ocrx_word' id='word_1_255' title='bbox 1004 2143 1076 2190; x_wconf 90' lang='lat' dir='ltr'>csse</span> <span class='ocrx_word' id='word_1_256' title='bbox 1128 2120 1327 2195; x_wconf 90' lang='lat' dir='ltr'>hominum.</span> <span class='ocrx_word' id='word_1_257' title='bbox 1384 2120 1434 2193; x_wconf 88' lang='lat' dir='ltr'>Et</span> <span class='ocrx_word' id='word_1_258' title='bbox 1455 2123 1600 2217; x_wconf 90' lang='lat' dir='ltr'>quidam</span> <span class='ocrx_word' id='word_1_259' title='bbox 1623 2119 1935 2215; x_wconf 88' lang='lat' dir='ltr'>pseudolutherani</span> <span class='ocrx_word' id='word_1_260' title='bbox 1960 2121 2117 2220; x_wconf 86' lang='lat' dir='ltr'>propha.</span> <span class='ocrx_word' id='word_1_261' title='bbox 2188 2139 2193 2155; x_wconf 93' lang='grc'>·</span> 
     </span>
     <span class='ocr_line' id='line_1_20' title="bbox 88 2219 2117 2334; baseline -0.009 -19"><span class='ocrx_word' id='word_1_262' title='bbox 88 2243 223 2315; x_wconf 85' lang='lat' dir='ltr'>nubere</span> <span class='ocrx_word' id='word_1_263' title='bbox 244 2228 350 2334; x_wconf 89' lang='lat' dir='ltr'>quam</span> <span class='ocrx_word' id='word_1_264' title='bbox 368 2237 437 2310; x_wconf 91' lang='lat' dir='ltr'>uri.</span> <span class='ocrx_word' id='word_1_265' title='bbox 487 2234 644 2305; x_wconf 88' lang='lat' dir='ltr'>Proinde</span> <span class='ocrx_word' id='word_1_266' title='bbox 663 2226 756 2300; x_wconf 91' lang='lat' dir='ltr'>nihil</span> <span class='ocrx_word' id='word_1_267' title='bbox 779 2241 964 2298; x_wconf 89' lang='lat' dir='ltr'>morentur</span> <span class='ocrx_word' id='word_1_268' title='bbox 985 2219 1077 2292; x_wconf 89' lang='lat' dir='ltr'>hanc</span> <span class='ocrx_word' id='word_1_269' title='bbox 1128 2227 1185 2295; x_wconf 92' lang='lat' dir='ltr'>nis</span> <span class='ocrx_word' id='word_1_270' title='bbox 1202 2240 1235 2296; x_wconf 93' lang='lat' dir='ltr'>et</span> <span class='ocrx_word' id='word_1_271' title='bbox 1251 2225 1426 2294; x_wconf 88' lang='lat' dir='ltr'>seditiosis</span> <span class='ocrx_word' id='word_1_272' title='bbox 1443 2226 1656 2295; x_wconf 89' lang='lat' dir='ltr'>clamoribus</span> <span class='ocrx_word' id='word_1_273' title='bbox 1671 2228 1757 2296; x_wconf 92' lang='lat' dir='ltr'>dum</span> <span class='ocrx_word' id='word_1_274' title='bbox 1772 2227 2010 2316; x_wconf 84' lang='lat' dir='ltr'>gratificantur</span> <span class='ocrx_word' id='word_1_275' title='bbox 2023 2230 2117 2297; x_wconf 90' lang='lat' dir='ltr'>mul-</span> 
     </span>
     <span class='ocr_line' id='line_1_21' title="bbox 88 2323 2118 2432; baseline -0.009 -16"><span class='ocrx_word' id='word_1_276' title='bbox 88 2343 316 2419; x_wconf 87' lang='lat' dir='ltr'>traditionem</span> <span class='ocrx_word' id='word_1_277' title='bbox 334 2335 385 2424; x_wconf 92' lang='lat' dir='ltr'>hi,</span> <span class='ocrx_word' id='word_1_278' title='bbox 404 2361 555 2432; x_wconf 90' lang='lat' dir='ltr'>quorum</span> <span class='ocrx_word' id='word_1_279' title='bbox 572 2335 664 2403; x_wconf 89' lang='lat' dir='ltr'>vires</span> <span class='ocrx_word' id='word_1_280' title='bbox 680 2357 754 2402; x_wconf 92' lang='lat' dir='ltr'>non</span> <span class='ocrx_word' id='word_1_281' title='bbox 766 2342 957 2422; x_wconf 90' lang='lat' dir='ltr'>suppetunt</span> <span class='ocrx_word' id='word_1_282' title='bbox 972 2323 1078 2395; x_wconf 81' lang='lat' dir='ltr'>caeli·</span> <span class='ocrx_word' id='word_1_283' title='bbox 1129 2328 1274 2400; x_wconf 91' lang='lat' dir='ltr'>titudini</span> <span class='ocrx_word' id='word_1_284' title='bbox 1298 2327 1432 2421; x_wconf 87' lang='lat' dir='ltr'>alioqui</span> <span class='ocrx_word' id='word_1_285' title='bbox 1455 2327 1601 2420; x_wconf 88' lang='lat' dir='ltr'>cupidae</span> <span class='ocrx_word' id='word_1_286' title='bbox 1626 2351 1799 2397; x_wconf 91' lang='lat' dir='ltr'>novarum</span> <span class='ocrx_word' id='word_1_287' title='bbox 1824 2352 1961 2414; x_wconf 90' lang='lat' dir='ltr'>rerum,</span> <span class='ocrx_word' id='word_1_288' title='bbox 1987 2330 2118 2421; x_wconf 91' lang='lat' dir='ltr'>passim</span> 
     </span>
     <span class='ocr_line' id='line_1_22' title="bbox 88 2427 2157 2537; baseline -0.013 -19"><span class='ocrx_word' id='word_1_289' title='bbox 88 2445 200 2519; x_wconf 84' lang='lat' dir='ltr'>batui.</span> <span class='ocrx_word' id='word_1_290' title='bbox 249 2440 373 2537; x_wconf 88' lang='lat' dir='ltr'>Neque</span> <span class='ocrx_word' id='word_1_291' title='bbox 393 2441 487 2509; x_wconf 91' lang='lat' dir='ltr'>enim</span> <span class='ocrx_word' id='word_1_292' title='bbox 508 2438 582 2507; x_wconf 91' lang='lat' dir='ltr'>ulla</span> <span class='ocrx_word' id='word_1_293' title='bbox 607 2434 750 2506; x_wconf 90' lang='lat' dir='ltr'>traditio</span> <span class='ocrx_word' id='word_1_294' title='bbox 772 2428 928 2502; x_wconf 92' lang='lat' dir='ltr'>humana</span> <span class='ocrx_word' id='word_1_295' title='bbox 955 2440 1078 2498; x_wconf 88' lang='lat' dir='ltr'>contra</span> <span class='ocrx_word' id='word_1_296' title='bbox 1130 2430 1320 2501; x_wconf 89' lang='lat' dir='ltr'>seditiones</span> <span class='ocrx_word' id='word_1_297' title='bbox 1342 2429 1503 2500; x_wconf 88' lang='lat' dir='ltr'>excitant.</span> <span class='ocrx_word' id='word_1_298' title='bbox 1555 2427 1678 2522; x_wconf 88' lang='lat' dir='ltr'>Neque</span> <span class='ocrx_word' id='word_1_299' title='bbox 1702 2429 1795 2498; x_wconf 91' lang='lat' dir='ltr'>enim</span> <span class='ocrx_word' id='word_1_300' title='bbox 1820 2431 1896 2499; x_wconf 86' lang='lat' dir='ltr'>fieri</span> <span class='ocrx_word' id='word_1_301' title='bbox 1917 2445 2030 2523; x_wconf 84' lang='lat' dir='ltr'>potest</span> <span class='ocrx_word' id='word_1_302' title='bbox 2049 2455 2116 2502; x_wconf 86' lang='lat' dir='ltr'>un.</span> <span class='ocrx_word' id='word_1_303' title='bbox 2153 2505 2157 2511; x_wconf 88' lang='lat'>.</span> 
     </span>
     <span class='ocr_line' id='line_1_23' title="bbox 88 2528 2119 2632; baseline -0.014 -13"><span class='ocrx_word' id='word_1_304' title='bbox 88 2536 238 2619; x_wconf 79' lang='lat' dir='ltr'>verbum</span> <span class='ocrx_word' id='word_1_305' title='bbox 250 2542 319 2614; x_wconf 91' lang='lat' dir='ltr'>Dei</span> <span class='ocrx_word' id='word_1_306' title='bbox 339 2542 550 2613; x_wconf 90' lang='lat' dir='ltr'>constituere</span> <span class='ocrx_word' id='word_1_307' title='bbox 569 2550 693 2632; x_wconf 89' lang='lat' dir='ltr'>potest.</span> <span class='ocrx_word' id='word_1_308' title='bbox 743 2533 826 2604; x_wconf 87' lang='lat' dir='ltr'>Nou</span> <span class='ocrx_word' id='word_1_309' title='bbox 843 2546 893 2602; x_wconf 91' lang='lat' dir='ltr'>est</span> <span class='ocrx_word' id='word_1_310' title='bbox 915 2528 1079 2601; x_wconf 89' lang='lat' dir='ltr'>omnibus</span> <span class='ocrx_word' id='word_1_311' title='bbox 1131 2557 1254 2626; x_wconf 73' lang='lat' dir='ltr'>quam,</span> <span class='ocrx_word' id='word_1_312' title='bbox 1280 2532 1367 2625; x_wconf 88' lang='lat' dir='ltr'>quin</span> <span class='ocrx_word' id='word_1_313' title='bbox 1386 2531 1532 2624; x_wconf 92' lang='lat' dir='ltr'>privatis</span> <span class='ocrx_word' id='word_1_314' title='bbox 1547 2531 1798 2623; x_wconf 89' lang='lat' dir='ltr'>cupiditatibus</span> <span class='ocrx_word' id='word_1_315' title='bbox 1813 2556 1942 2602; x_wconf 91' lang='lat' dir='ltr'>nomen</span> <span class='ocrx_word' id='word_1_316' title='bbox 1956 2529 2119 2624; x_wconf 78' lang='lat' dir='ltr'>Evange.</span> 
     </span>
     <span class='ocr_line' id='line_1_24' title="bbox 89 2626 2119 2729; baseline -0.008 -7"><span class='ocrx_word' id='word_1_317' title='bbox 89 2651 223 2721; x_wconf 82' lang='lat' dir='ltr'>datum.</span> <span class='ocrx_word' id='word_1_318' title='bbox 273 2643 347 2717; x_wconf 89' lang='lat' dir='ltr'>Nec</span> <span class='ocrx_word' id='word_1_319' title='bbox 369 2657 452 2714; x_wconf 91' lang='lat' dir='ltr'>vota</span> <span class='ocrx_word' id='word_1_320' title='bbox 472 2641 589 2711; x_wconf 90' lang='lat' dir='ltr'>valent</span> <span class='ocrx_word' id='word_1_321' title='bbox 606 2636 662 2708; x_wconf 90' lang='lat' dir='ltr'>his</span> <span class='ocrx_word' id='word_1_322' title='bbox 683 2639 721 2707; x_wconf 91' lang='lat' dir='ltr'>in</span> <span class='ocrx_word' id='word_1_323' title='bbox 743 2637 866 2721; x_wconf 91' lang='lat' dir='ltr'>rebus,</span> <span class='ocrx_word' id='word_1_324' title='bbox 892 2656 981 2726; x_wconf 89' lang='lat' dir='ltr'>quae</span> <span class='ocrx_word' id='word_1_325' title='bbox 1005 2631 1079 2700; x_wconf 83' lang='lat' dir='ltr'>sine</span> <span class='ocrx_word' id='word_1_326' title='bbox 1131 2635 1173 2703; x_wconf 92' lang='lat' dir='ltr'>lii</span> <span class='ocrx_word' id='word_1_327' title='bbox 1188 2647 1419 2728; x_wconf 85' lang='lat' dir='ltr'>praetexatur.</span> <span class='ocrx_word' id='word_1_328' title='bbox 1471 2631 1557 2702; x_wconf 85' lang='lat' dir='ltr'>Vidi</span> <span class='ocrx_word' id='word_1_329' title='bbox 1573 2633 1633 2727; x_wconf 91' lang='lat' dir='ltr'>qui</span> <span class='ocrx_word' id='word_1_330' title='bbox 1648 2633 1815 2717; x_wconf 90' lang='lat' dir='ltr'>decimas,</span> <span class='ocrx_word' id='word_1_331' title='bbox 1840 2626 1908 2729; x_wconf 78' lang='lat' dir='ltr'>qui&#39;</span> <span class='ocrx_word' id='word_1_332' title='bbox 1923 2626 1992 2704; x_wconf 88' lang='lat' dir='ltr'>alia</span> <span class='ocrx_word' id='word_1_333' title='bbox 2013 2659 2119 2725; x_wconf 91' lang='lat' dir='ltr'>nega-</span> 
     </span>
     <span class='ocr_line' id='line_1_25' title="bbox 89 2731 2121 2847; baseline -0.007 -28"><span class='ocrx_word' id='word_1_334' title='bbox 89 2764 231 2847; x_wconf 84' lang='lat' dir='ltr'>peccato</span> <span class='ocrx_word' id='word_1_335' title='bbox 245 2747 417 2838; x_wconf 88' lang='lat' dir='ltr'>praestari</span> <span class='ocrx_word' id='word_1_336' title='bbox 431 2768 503 2814; x_wconf 93' lang='lat' dir='ltr'>non</span> <span class='ocrx_word' id='word_1_337' title='bbox 520 2753 679 2834; x_wconf 90' lang='lat' dir='ltr'>possunt.</span> <span class='ocrx_word' id='word_1_338' title='bbox 731 2737 828 2828; x_wconf 87' lang='lat' dir='ltr'>Quid</span> <span class='ocrx_word' id='word_1_339' title='bbox 849 2735 944 2805; x_wconf 86' lang='lat' dir='ltr'>enim</span> <span class='ocrx_word' id='word_1_340' title='bbox 966 2733 997 2802; x_wconf 83' lang='lat' dir='ltr'>si</span> <span class='ocrx_word' id='word_1_341' title='bbox 1016 2757 1080 2801; x_wconf 86' lang='lat' dir='ltr'>vo·</span> <span class='ocrx_word' id='word_1_342' title='bbox 1132 2738 1219 2807; x_wconf 88' lang='lat' dir='ltr'>baut</span> <span class='ocrx_word' id='word_1_343' title='bbox 1240 2735 1410 2828; x_wconf 89' lang='lat' dir='ltr'>praestari</span> <span class='ocrx_word' id='word_1_344' title='bbox 1436 2736 1563 2819; x_wconf 88' lang='lat' dir='ltr'>debere</span> <span class='ocrx_word' id='word_1_345' title='bbox 1587 2735 1848 2826; x_wconf 88' lang='lat' dir='ltr'>magistratibus</span> <span class='ocrx_word' id='word_1_346' title='bbox 1880 2749 1941 2806; x_wconf 92' lang='lat' dir='ltr'>aut</span> <span class='ocrx_word' id='word_1_347' title='bbox 1962 2731 2020 2825; x_wconf 65' lang='lat' dir='ltr'>his⁴</span> <span class='ocrx_word' id='word_1_348' title='bbox 2040 2738 2121 2831; x_wconf 91' lang='lat' dir='ltr'>qui-</span> 
     </span>
     <span class='ocr_line' id='line_1_26' title="bbox 89 2828 2230 2927; baseline -0.013 4"><span class='ocrx_word' id='word_1_349' title='bbox 89 2852 183 2925; x_wconf 73' lang='lat' dir='ltr'>veris</span> <span class='ocrx_word' id='word_1_350' title='bbox 198 2851 339 2921; x_wconf 72' lang='lat' dir='ltr'>caedem</span> <span class='ocrx_word' id='word_1_351' title='bbox 356 2862 389 2917; x_wconf 77' lang='lat' dir='ltr'>te</span> <span class='ocrx_word' id='word_1_352' title='bbox 404 2849 579 2917; x_wconf 73' lang='lat' dir='ltr'>faciurum</span> <span class='ocrx_word' id='word_1_353' title='bbox 598 2867 681 2912; x_wconf 79' lang='lat' dir='ltr'>esse·</span> <span class='ocrx_word' id='word_1_354' title='bbox 734 2838 783 2910; x_wconf 77' lang='lat' dir='ltr'>Al</span> <span class='ocrx_word' id='word_1_355' title='bbox 805 2840 844 2907; x_wconf 75' lang='lat' dir='ltr'>in</span> <span class='ocrx_word' id='word_1_356' title='bbox 872 2861 992 2907; x_wconf 78' lang='lat' dir='ltr'>eorum</span> <span class='ocrx_word' id='word_1_357' title='bbox 1016 2860 1080 2902; x_wconf 83' lang='lat' dir='ltr'>vo·</span> <span class='ocrx_word' id='word_1_358' title='bbox 1132 2841 1199 2909; x_wconf 92' lang='lat' dir='ltr'>bus</span> <span class='ocrx_word' id='word_1_359' title='bbox 1215 2839 1438 2927; x_wconf 88' lang='lat' dir='ltr'>magistratus</span> <span class='ocrx_word' id='word_1_360' title='bbox 1454 2837 1691 2927; x_wconf 88' lang='lat' dir='ltr'>adsignavere.</span> <span class='ocrx_word' id='word_1_361' title='bbox 1737 2835 1841 2917; x_wconf 84' lang='lat' dir='ltr'>Tales</span> <span class='ocrx_word' id='word_1_362' title='bbox 1856 2838 1987 2907; x_wconf 90' lang='lat' dir='ltr'>interea</span> <span class='ocrx_word' id='word_1_363' title='bbox 2005 2840 2121 2908; x_wconf 90' lang='lat' dir='ltr'>utrin-</span> <span class='ocrx_word' id='word_1_364' title='bbox 2227 2828 2230 2833; x_wconf 65' lang='grc'><strong>’</strong></span> 
     </span>
     <span class='ocr_line' id='line_1_27' title="bbox 89 2935 2121 3047; baseline -0.008 -23"><span class='ocrx_word' id='word_1_365' title='bbox 89 2952 152 3040; x_wconf 85' lang='lat' dir='ltr'>tis,</span> <span class='ocrx_word' id='word_1_366' title='bbox 179 2951 242 3047; x_wconf 89' lang='lat' dir='ltr'>qui</span> <span class='ocrx_word' id='word_1_367' title='bbox 256 2950 465 3021; x_wconf 90' lang='lat' dir='ltr'>caelibatum</span> <span class='ocrx_word' id='word_1_368' title='bbox 484 2961 657 3039; x_wconf 88' lang='lat' dir='ltr'>praestare</span> <span class='ocrx_word' id='word_1_369' title='bbox 682 2967 755 3011; x_wconf 92' lang='lat' dir='ltr'>non</span> <span class='ocrx_word' id='word_1_370' title='bbox 779 2952 946 3032; x_wconf 90' lang='lat' dir='ltr'>possunt,</span> <span class='ocrx_word' id='word_1_371' title='bbox 975 2935 1081 3030; x_wconf 76' lang='lat' dir='ltr'>quive</span> <span class='ocrx_word' id='word_1_372' title='bbox 1133 2964 1202 3035; x_wconf 91' lang='lat' dir='ltr'>que</span> <span class='ocrx_word' id='word_1_373' title='bbox 1223 2941 1488 3009; x_wconf 89' lang='lat' dir='ltr'>concionatores</span> <span class='ocrx_word' id='word_1_374' title='bbox 1509 2951 1721 3024; x_wconf 87' lang='lat' dir='ltr'>nascuntur,</span> <span class='ocrx_word' id='word_1_375' title='bbox 1750 2940 1834 3008; x_wconf 90' lang='lat' dir='ltr'>dum</span> <span class='ocrx_word' id='word_1_376' title='bbox 1858 2953 1993 3008; x_wconf 90' lang='lat' dir='ltr'>cessant</span> <span class='ocrx_word' id='word_1_377' title='bbox 2014 2938 2121 3009; x_wconf 91' lang='lat' dir='ltr'>Priu-</span> 
     </span>
     <span class='ocr_line' id='line_1_28' title="bbox 89 3035 2121 3151; baseline -0.01 -18"><span class='ocrx_word' id='word_1_378' title='bbox 89 3080 154 3151; x_wconf 74' lang='grc' dir='ltr'>ρετ</span> <span class='ocrx_word' id='word_1_379' title='bbox 175 3052 458 3124; x_wconf 73' lang='lat' dir='ltr'>observationem</span> <span class='ocrx_word' id='word_1_380' title='bbox 479 3048 577 3118; x_wconf 70' lang='lat' dir='ltr'>illum</span> <span class='ocrx_word' id='word_1_381' title='bbox 601 3045 817 3116; x_wconf 76' lang='lat' dir='ltr'>monasticen</span> <span class='ocrx_word' id='word_1_382' title='bbox 842 3064 877 3109; x_wconf 77' lang='lat' dir='ltr'>se</span> <span class='ocrx_word' id='word_1_383' title='bbox 902 3035 1081 3110; x_wconf 74' lang='lat' dir='ltr'>iustificari</span> <span class='ocrx_word' id='word_1_384' title='bbox 1133 3043 1227 3134; x_wconf 88' lang='lat' dir='ltr'>cipes</span> <span class='ocrx_word' id='word_1_385' title='bbox 1252 3036 1409 3110; x_wconf 90' lang='lat' dir='ltr'>honestis</span> <span class='ocrx_word' id='word_1_386' title='bbox 1433 3039 1590 3110; x_wconf 90' lang='lat' dir='ltr'>consiliis</span> <span class='ocrx_word' id='word_1_387' title='bbox 1610 3065 1711 3130; x_wconf 92' lang='lat' dir='ltr'>opem</span> <span class='ocrx_word' id='word_1_388' title='bbox 1736 3040 1872 3109; x_wconf 76' lang='lat' dir='ltr'>adferre</span> <span class='ocrx_word' id='word_1_389' title='bbox 1894 3040 2121 3131; x_wconf 89' lang='lat' dir='ltr'>reipublicae.</span> 
     </span>
     <span class='ocr_line' id='line_1_29' title="bbox 89 3137 2121 3247; baseline -0.014 -18"><span class='ocrx_word' id='word_1_390' title='bbox 89 3157 271 3241; x_wconf 90' lang='lat' dir='ltr'>iudicant,</span> <span class='ocrx_word' id='word_1_391' title='bbox 295 3167 477 3247; x_wconf 91' lang='lat' dir='ltr'>peccatum</span> <span class='ocrx_word' id='word_1_392' title='bbox 493 3163 554 3218; x_wconf 88' lang='lat' dir='ltr'>cst.</span> <span class='ocrx_word' id='word_1_393' title='bbox 605 3147 725 3235; x_wconf 83' lang='lat' dir='ltr'>Quare</span> <span class='ocrx_word' id='word_1_394' title='bbox 740 3143 971 3214; x_wconf 91' lang='lat' dir='ltr'>rescindenda</span> <span class='ocrx_word' id='word_1_395' title='bbox 987 3149 1081 3223; x_wconf 91' lang='lat' dir='ltr'>sunt,</span> <span class='ocrx_word' id='word_1_396' title='bbox 1133 3142 1224 3214; x_wconf 88' lang='lat' dir='ltr'>Nam</span> <span class='ocrx_word' id='word_1_397' title='bbox 1240 3142 1302 3236; x_wconf 90' lang='lat' dir='ltr'>qui</span> <span class='ocrx_word' id='word_1_398' title='bbox 1317 3141 1522 3233; x_wconf 91' lang='lat' dir='ltr'>simpliciter</span> <span class='ocrx_word' id='word_1_399' title='bbox 1536 3141 1736 3233; x_wconf 90' lang='lat' dir='ltr'>opprimere</span> <span class='ocrx_word' id='word_1_400' title='bbox 1743 3137 1978 3231; x_wconf 87' lang='lat' dir='ltr'>Evangelium</span> <span class='ocrx_word' id='word_1_401' title='bbox 1989 3167 2121 3213; x_wconf 83' lang='lat' dir='ltr'>conan.</span> 
     </span>
     <span class='ocr_line' id='line_1_30' title="bbox 89 3238 2122 3355; baseline -0.011 -23"><span class='ocrx_word' id='word_1_402' title='bbox 89 3257 297 3355; x_wconf 86' lang='lat' dir='ltr'>praesertim</span> <span class='ocrx_word' id='word_1_403' title='bbox 311 3280 391 3326; x_wconf 91' lang='lat' dir='ltr'>cum</span> <span class='ocrx_word' id='word_1_404' title='bbox 405 3253 537 3324; x_wconf 91' lang='lat' dir='ltr'>Paulus</span> <span class='ocrx_word' id='word_1_405' title='bbox 551 3263 669 3342; x_wconf 90' lang='lat' dir='ltr'>aperte</span> <span class='ocrx_word' id='word_1_406' title='bbox 685 3248 796 3330; x_wconf 88' lang='lat' dir='ltr'>dicat,</span> <span class='ocrx_word' id='word_1_407' title='bbox 813 3244 966 3336; x_wconf 90' lang='lat' dir='ltr'>Spiritus</span> <span class='ocrx_word' id='word_1_408' title='bbox 981 3263 1082 3309; x_wconf 91' lang='lat' dir='ltr'>meu·</span> <span class='ocrx_word' id='word_1_409' title='bbox 1134 3258 1202 3329; x_wconf 86' lang='lat' dir='ltr'>tur,</span> <span class='ocrx_word' id='word_1_410' title='bbox 1227 3238 1320 3312; x_wconf 91' lang='lat' dir='ltr'>nihil</span> <span class='ocrx_word' id='word_1_411' title='bbox 1338 3244 1608 3334; x_wconf 88' lang='lat' dir='ltr'>promovebunt.</span> <span class='ocrx_word' id='word_1_412' title='bbox 1658 3241 1697 3313; x_wconf 94' lang='lat' dir='ltr'>Si</span> <span class='ocrx_word' id='word_1_413' title='bbox 1713 3239 2024 3333; x_wconf 88' lang='lat' dir='ltr'>estEvangelium,</span> <span class='ocrx_word' id='word_1_414' title='bbox 2048 3270 2122 3316; x_wconf 87' lang='lat' dir='ltr'>non</span> 
     </span>
     <span class='ocr_line' id='line_1_31' title="bbox 90 3338 2123 3451; baseline -0.009 -17"><span class='ocrx_word' id='word_1_415' title='bbox 90 3365 194 3433; x_wconf 82' lang='lat' dir='ltr'>daces</span> <span class='ocrx_word' id='word_1_416' title='bbox 206 3382 291 3443; x_wconf 89' lang='lat' dir='ltr'>esse,</span> <span class='ocrx_word' id='word_1_417' title='bbox 306 3357 369 3451; x_wconf 91' lang='lat' dir='ltr'>qui</span> <span class='ocrx_word' id='word_1_418' title='bbox 381 3351 573 3447; x_wconf 90' lang='lat' dir='ltr'>prohibent</span> <span class='ocrx_word' id='word_1_419' title='bbox 588 3344 865 3421; x_wconf 88' lang='lat' dir='ltr'>matrimonium.</span> <span class='ocrx_word' id='word_1_420' title='bbox 892 3343 942 3417; x_wconf 86' lang='lat' dir='ltr'>At</span> <span class='ocrx_word' id='word_1_421' title='bbox 952 3338 1081 3413; x_wconf 88' lang='lat' dir='ltr'>horum</span> <span class='ocrx_word' id='word_1_422' title='bbox 1133 3357 1247 3439; x_wconf 89' lang='lat' dir='ltr'>potest</span> <span class='ocrx_word' id='word_1_423' title='bbox 1262 3340 1416 3415; x_wconf 91' lang='lat' dir='ltr'>humana</span> <span class='ocrx_word' id='word_1_424' title='bbox 1433 3345 1468 3414; x_wconf 88' lang='lat' dir='ltr'>vi</span> <span class='ocrx_word' id='word_1_425' title='bbox 1483 3344 1648 3437; x_wconf 89' lang='lat' dir='ltr'>opprimi.</span> <span class='ocrx_word' id='word_1_426' title='bbox 1685 3341 1826 3415; x_wconf 89' lang='lat' dir='ltr'>Rursus</span> <span class='ocrx_word' id='word_1_427' title='bbox 1841 3340 1878 3413; x_wconf 93' lang='lat' dir='ltr'>hi</span> <span class='ocrx_word' id='word_1_428' title='bbox 1896 3345 1958 3440; x_wconf 91' lang='lat' dir='ltr'>qui</span> <span class='ocrx_word' id='word_1_429' title='bbox 1972 3346 2123 3417; x_wconf 91' lang='lat' dir='ltr'>nimium</span> 
     </span>
     <span class='ocr_line' id='line_1_32' title="bbox 90 3446 2124 3559; baseline -0.008 -26"><span class='ocrx_word' id='word_1_430' title='bbox 90 3462 281 3559; x_wconf 78' lang='lat' dir='ltr'>spirituum</span> <span class='ocrx_word' id='word_1_431' title='bbox 312 3456 509 3551; x_wconf 90' lang='lat' dir='ltr'>principes,</span> <span class='ocrx_word' id='word_1_432' title='bbox 550 3453 611 3548; x_wconf 90' lang='lat' dir='ltr'>qui</span> <span class='ocrx_word' id='word_1_433' title='bbox 639 3466 784 3521; x_wconf 90' lang='lat' dir='ltr'>tuentur</span> <span class='ocrx_word' id='word_1_434' title='bbox 811 3447 927 3540; x_wconf 91' lang='lat' dir='ltr'>Papae</span> <span class='ocrx_word' id='word_1_435' title='bbox 960 3446 1082 3535; x_wconf 90' lang='lat' dir='ltr'>legem,</span> <span class='ocrx_word' id='word_1_436' title='bbox 1133 3446 1375 3533; x_wconf 88' lang='lat' dir='ltr'>multitudini,</span> <span class='ocrx_word' id='word_1_437' title='bbox 1421 3447 1477 3516; x_wconf 87' lang='lat' dir='ltr'>vel</span> <span class='ocrx_word' id='word_1_438' title='bbox 1512 3461 1607 3517; x_wconf 89' lang='lat' dir='ltr'>metu</span> <span class='ocrx_word' id='word_1_439' title='bbox 1641 3447 1696 3516; x_wconf 90' lang='lat' dir='ltr'>vel</span> <span class='ocrx_word' id='word_1_440' title='bbox 1726 3446 1872 3517; x_wconf 89' lang='lat' dir='ltr'>stultitia</span> <span class='ocrx_word' id='word_1_441' title='bbox 1905 3449 2124 3539; x_wconf 78' lang='lat' dir='ltr'>permittunt,</span> 
     </span>
     <span class='ocr_line' id='line_1_33' title="bbox 90 3543 2122 3647; baseline -0.013 -12"><span class='ocrx_word' id='word_1_442' title='bbox 90 3566 235 3636; x_wconf 88' lang='lat' dir='ltr'>lictores</span> <span class='ocrx_word' id='word_1_443' title='bbox 258 3574 293 3630; x_wconf 92' lang='lat' dir='ltr'>et</span> <span class='ocrx_word' id='word_1_444' title='bbox 314 3559 479 3629; x_wconf 92' lang='lat' dir='ltr'>satellites</span> <span class='ocrx_word' id='word_1_445' title='bbox 497 3571 589 3628; x_wconf 80' lang='lat' dir='ltr'>sunt.</span> <span class='ocrx_word' id='word_1_446' title='bbox 641 3551 689 3624; x_wconf 85' lang='lat' dir='ltr'>Et</span> <span class='ocrx_word' id='word_1_447' title='bbox 711 3550 1011 3647; x_wconf 89' lang='lat' dir='ltr'>quemadmodum</span> <span class='ocrx_word' id='word_1_448' title='bbox 1034 3545 1083 3614; x_wconf 89' lang='lat' dir='ltr'>ait</span> <span class='ocrx_word' id='word_1_449' title='bbox 1135 3574 1209 3619; x_wconf 86' lang='lat' dir='ltr'>non</span> <span class='ocrx_word' id='word_1_450' title='bbox 1237 3543 1439 3640; x_wconf 89' lang='lat' dir='ltr'>provehunt</span> <span class='ocrx_word' id='word_1_451' title='bbox 1460 3547 1714 3640; x_wconf 87' lang='lat' dir='ltr'>Evangelium,</span> <span class='ocrx_word' id='word_1_452' title='bbox 1755 3551 1821 3618; x_wconf 83' lang='lat' dir='ltr'>secl&#39;</span> <span class='ocrx_word' id='word_1_453' title='bbox 1840 3550 1940 3619; x_wconf 73' lang='lat' dir='ltr'>aliana</span> <span class='ocrx_word' id='word_1_454' title='bbox 1967 3552 2122 3621; x_wconf 70' lang='lat' dir='ltr'>furorem</span> 
     </span>
     <span class='ocr_line' id='line_1_34' title="bbox 90 3648 2123 3751; baseline -0.011 -14"><span class='ocrx_word' id='word_1_455' title='bbox 90 3660 250 3738; x_wconf 89' lang='lat' dir='ltr'>Michas:</span> <span class='ocrx_word' id='word_1_456' title='bbox 279 3660 448 3751; x_wconf 88' lang='lat' dir='ltr'>Princeps</span> <span class='ocrx_word' id='word_1_457' title='bbox 476 3658 642 3751; x_wconf 88' lang='lat' dir='ltr'>postulat,</span> <span class='ocrx_word' id='word_1_458' title='bbox 678 3669 711 3725; x_wconf 90' lang='lat' dir='ltr'>et</span> <span class='ocrx_word' id='word_1_459' title='bbox 735 3656 839 3724; x_wconf 87' lang='lat' dir='ltr'>iudex</span> <span class='ocrx_word' id='word_1_460' title='bbox 865 3648 1081 3743; x_wconf 88' lang='lat' dir='ltr'>obsequitur.</span> <span class='ocrx_word' id='word_1_461' title='bbox 1135 3651 1377 3722; x_wconf 87' lang='lat' dir='ltr'>multitudinis</span> <span class='ocrx_word' id='word_1_462' title='bbox 1409 3653 1447 3720; x_wconf 90' lang='lat' dir='ltr'>iu</span> <span class='ocrx_word' id='word_1_463' title='bbox 1479 3652 1656 3744; x_wconf 90' lang='lat' dir='ltr'>publicam</span> <span class='ocrx_word' id='word_1_464' title='bbox 1689 3650 1897 3741; x_wconf 80' lang='lat' dir='ltr'>perniciem.</span> <span class='ocrx_word' id='word_1_465' title='bbox 1962 3648 2010 3722; x_wconf 85' lang='lat' dir='ltr'>Et</span> <span class='ocrx_word' id='word_1_466' title='bbox 2044 3679 2123 3723; x_wconf 81' lang='lat' dir='ltr'>cum</span> 
     </span>
     <span class='ocr_line' id='line_1_35' title="bbox 91 3750 2124 3852; baseline -0.007 -14"><span class='ocrx_word' id='word_1_467' title='bbox 91 3765 382 3841; x_wconf 88' lang='lat' dir='ltr'>Omiserandam</span> <span class='ocrx_word' id='word_1_468' title='bbox 398 3760 705 3852; x_wconf 88' lang='lat' dir='ltr'>conspirationem.</span> <span class='ocrx_word' id='word_1_469' title='bbox 757 3752 794 3824; x_wconf 96' lang='grc' dir='ltr'><strong>Ο</strong></span> <span class='ocrx_word' id='word_1_470' title='bbox 812 3755 935 3823; x_wconf 81' lang='lat' dir='ltr'>infelix</span> <span class='ocrx_word' id='word_1_471' title='bbox 950 3753 1084 3834; x_wconf 59' lang='lat' dir='ltr'>foedus</span> <span class='ocrx_word' id='word_1_472' title='bbox 1135 3754 1293 3824; x_wconf 91' lang='lat' dir='ltr'>abutitur</span> <span class='ocrx_word' id='word_1_473' title='bbox 1315 3754 1505 3824; x_wconf 89' lang='lat' dir='ltr'>multitudo</span> <span class='ocrx_word' id='word_1_474' title='bbox 1530 3753 1638 3821; x_wconf 83' lang='lat' dir='ltr'>verbo</span> <span class='ocrx_word' id='word_1_475' title='bbox 1657 3750 1741 3837; x_wconf 89' lang='lat' dir='ltr'>Dei,</span> <span class='ocrx_word' id='word_1_476' title='bbox 1775 3754 1855 3845; x_wconf 91' lang='lat' dir='ltr'>plus</span> <span class='ocrx_word' id='word_1_477' title='bbox 1877 3754 1986 3823; x_wconf 91' lang='lat' dir='ltr'>laedit</span> <span class='ocrx_word' id='word_1_478' title='bbox 2002 3750 2124 3824; x_wconf 88' lang='lat' dir='ltr'>Evan-</span> 
     </span>
     <span class='ocr_line' id='line_1_36' title="bbox 92 3853 2124 3957; baseline -0.007 -18"><span class='ocrx_word' id='word_1_479' title='bbox 92 3893 176 3941; x_wconf 88' lang='lat' dir='ltr'>cnm</span> <span class='ocrx_word' id='word_1_480' title='bbox 191 3869 337 3936; x_wconf 89' lang='lat' dir='ltr'>videant</span> <span class='ocrx_word' id='word_1_481' title='bbox 350 3865 527 3957; x_wconf 91' lang='lat' dir='ltr'>principes</span> <span class='ocrx_word' id='word_1_482' title='bbox 539 3860 670 3952; x_wconf 87' lang='lat' dir='ltr'>Papam</span> <span class='ocrx_word' id='word_1_483' title='bbox 687 3882 766 3927; x_wconf 91' lang='lat' dir='ltr'>cum</span> <span class='ocrx_word' id='word_1_484' title='bbox 780 3854 857 3926; x_wconf 92' lang='lat' dir='ltr'>Deo</span> <span class='ocrx_word' id='word_1_485' title='bbox 874 3854 989 3946; x_wconf 86' lang='lat' dir='ltr'>palam</span> <span class='ocrx_word' id='word_1_486' title='bbox 1008 3853 1084 3920; x_wconf 90' lang='lat' dir='ltr'>bel·</span> <span class='ocrx_word' id='word_1_487' title='bbox 1136 3855 1218 3947; x_wconf 91' lang='lat' dir='ltr'>gelii</span> <span class='ocrx_word' id='word_1_488' title='bbox 1249 3855 1396 3945; x_wconf 87' lang='lat' dir='ltr'>glorium</span> <span class='ocrx_word' id='word_1_489' title='bbox 1428 3880 1533 3949; x_wconf 87' lang='lat' dir='ltr'>quam</span> <span class='ocrx_word' id='word_1_490' title='bbox 1564 3855 1625 3947; x_wconf 92' lang='lat' dir='ltr'>qui</span> <span class='ocrx_word' id='word_1_491' title='bbox 1656 3855 1896 3925; x_wconf 89' lang='lat' dir='ltr'>adversantur.</span> <span class='ocrx_word' id='word_1_492' title='bbox 1968 3853 2124 3926; x_wconf 88' lang='lat' dir='ltr'>Proinde</span> 
     </span>
     <span class='ocr_line' id='line_1_37' title="bbox 91 3953 2123 4060; baseline -0.009 -18"><span class='ocrx_word' id='word_1_493' title='bbox 91 3974 171 4044; x_wconf 90' lang='lat' dir='ltr'>lum</span> <span class='ocrx_word' id='word_1_494' title='bbox 193 3992 332 4060; x_wconf 91' lang='lat' dir='ltr'>gerere,</span> <span class='ocrx_word' id='word_1_495' title='bbox 355 3974 435 4035; x_wconf 82' lang='lat' dir='ltr'>cuin</span> <span class='ocrx_word' id='word_1_496' title='bbox 462 3966 501 4032; x_wconf 94' lang='lat' dir='ltr'>in</span> <span class='ocrx_word' id='word_1_497' title='bbox 514 3962 701 4054; x_wconf 89' lang='lat' dir='ltr'>propatulo</span> <span class='ocrx_word' id='word_1_498' title='bbox 717 3960 762 4029; x_wconf 91' lang='lat' dir='ltr'>sit</span> <span class='ocrx_word' id='word_1_499' title='bbox 778 3957 986 4049; x_wconf 87' lang='lat' dir='ltr'>simpliciter</span> <span class='ocrx_word' id='word_1_500' title='bbox 999 3953 1084 4024; x_wconf 91' lang='lat' dir='ltr'>reli·</span> <span class='ocrx_word' id='word_1_501' title='bbox 1135 3957 1318 4048; x_wconf 89' lang='lat' dir='ltr'>Principes</span> <span class='ocrx_word' id='word_1_502' title='bbox 1335 3958 1491 4050; x_wconf 89' lang='lat' dir='ltr'>oportuit</span> <span class='ocrx_word' id='word_1_503' title='bbox 1509 3969 1541 4024; x_wconf 91' lang='lat' dir='ltr'>ct</span> <span class='ocrx_word' id='word_1_504' title='bbox 1556 3959 1668 4025; x_wconf 83' lang='lat' dir='ltr'>facere</span> <span class='ocrx_word' id='word_1_505' title='bbox 1684 3955 1821 4046; x_wconf 91' lang='lat' dir='ltr'>copiam</span> <span class='ocrx_word' id='word_1_506' title='bbox 1836 3956 1987 4026; x_wconf 93' lang='lat' dir='ltr'>docendi</span> <span class='ocrx_word' id='word_1_507' title='bbox 2003 3954 2123 4027; x_wconf 88' lang='lat' dir='ltr'>Evan-</span> 
     </span>
     <span class='ocr_line' id='line_1_38' title="bbox 91 4055 2124 4165; baseline -0.014 -21"><span class='ocrx_word' id='word_1_508' title='bbox 91 4074 237 4165; x_wconf 90' lang='lat' dir='ltr'>giouem</span> <span class='ocrx_word' id='word_1_509' title='bbox 260 4071 306 4139; x_wconf 92' lang='lat' dir='ltr'>ab</span> <span class='ocrx_word' id='word_1_510' title='bbox 330 4067 392 4137; x_wconf 92' lang='lat' dir='ltr'>illu</span> <span class='ocrx_word' id='word_1_511' title='bbox 419 4063 614 4147; x_wconf 89' lang='lat' dir='ltr'>contemni,</span> <span class='ocrx_word' id='word_1_512' title='bbox 649 4086 723 4131; x_wconf 92' lang='lat' dir='ltr'>non</span> <span class='ocrx_word' id='word_1_513' title='bbox 741 4070 1010 4130; x_wconf 88' lang='lat' dir='ltr'>commoventur</span> <span class='ocrx_word' id='word_1_514' title='bbox 1031 4070 1082 4125; x_wconf 88' lang='lat' dir='ltr'>ta·</span> <span class='ocrx_word' id='word_1_515' title='bbox 1136 4059 1218 4149; x_wconf 90' lang='lat' dir='ltr'>gelii</span> <span class='ocrx_word' id='word_1_516' title='bbox 1237 4055 1348 4152; x_wconf 92' lang='lat' dir='ltr'>(quod</span> <span class='ocrx_word' id='word_1_517' title='bbox 1365 4084 1443 4129; x_wconf 90' lang='lat' dir='ltr'>cum</span> <span class='ocrx_word' id='word_1_518' title='bbox 1457 4072 1549 4128; x_wconf 90' lang='lat' dir='ltr'>recte</span> <span class='ocrx_word' id='word_1_519' title='bbox 1565 4055 1735 4142; x_wconf 89' lang='lat' dir='ltr'>traditur,</span> <span class='ocrx_word' id='word_1_520' title='bbox 1761 4082 1880 4148; x_wconf 90' lang='lat' dir='ltr'>pacem</span> <span class='ocrx_word' id='word_1_521' title='bbox 1899 4071 1934 4128; x_wconf 90' lang='lat' dir='ltr'>et</span> <span class='ocrx_word' id='word_1_522' title='bbox 1948 4061 2124 4152; x_wconf 82' lang='lat' dir='ltr'>tranquil.</span> 
     </span>
     <span class='ocr_line' id='line_1_39' title="bbox 91 4155 2125 4259; baseline -0.008 -13"><span class='ocrx_word' id='word_1_523' title='bbox 91 4199 190 4259; x_wconf 90' lang='lat' dir='ltr'>men,</span> <span class='ocrx_word' id='word_1_524' title='bbox 205 4187 247 4242; x_wconf 88' lang='lat' dir='ltr'>ut</span> <span class='ocrx_word' id='word_1_525' title='bbox 261 4194 342 4240; x_wconf 90' lang='lat' dir='ltr'>suae</span> <span class='ocrx_word' id='word_1_526' title='bbox 359 4169 463 4237; x_wconf 90' lang='lat' dir='ltr'>saluti</span> <span class='ocrx_word' id='word_1_527' title='bbox 483 4166 600 4258; x_wconf 90' lang='lat' dir='ltr'>potius</span> <span class='ocrx_word' id='word_1_528' title='bbox 615 4163 801 4233; x_wconf 90' lang='lat' dir='ltr'>consulant</span> <span class='ocrx_word' id='word_1_529' title='bbox 812 4185 916 4256; x_wconf 87' lang='lat' dir='ltr'>quam</span> <span class='ocrx_word' id='word_1_530' title='bbox 931 4161 1085 4228; x_wconf 90' lang='lat' dir='ltr'>serviant</span> <span class='ocrx_word' id='word_1_531' title='bbox 1135 4160 1269 4230; x_wconf 88' lang='lat' dir='ltr'>litatem</span> <span class='ocrx_word' id='word_1_532' title='bbox 1285 4162 1403 4244; x_wconf 89' lang='lat' dir='ltr'>docet,</span> <span class='ocrx_word' id='word_1_533' title='bbox 1426 4185 1499 4230; x_wconf 94' lang='lat' dir='ltr'>non</span> <span class='ocrx_word' id='word_1_534' title='bbox 1519 4160 1643 4229; x_wconf 84' lang='lat' dir='ltr'>excitat</span> <span class='ocrx_word' id='word_1_535' title='bbox 1656 4157 1862 4253; x_wconf 85' lang='lat' dir='ltr'>seditiones)</span> <span class='ocrx_word' id='word_1_536' title='bbox 1884 4172 1918 4228; x_wconf 92' lang='lat' dir='ltr'>et</span> <span class='ocrx_word' id='word_1_537' title='bbox 1940 4155 2125 4230; x_wconf 87' lang='lat' dir='ltr'>cohercere</span> 
     </span>
     <span class='ocr_line' id='line_1_40' title="bbox 93 4259 2125 4357; baseline -0.008 -10"><span class='ocrx_word' id='word_1_538' title='bbox 93 4278 193 4347; x_wconf 89' lang='lat' dir='ltr'>illius</span> <span class='ocrx_word' id='word_1_539' title='bbox 216 4272 340 4343; x_wconf 79' lang='lat' dir='ltr'>furori.</span> <span class='ocrx_word' id='word_1_540' title='bbox 406 4269 515 4339; x_wconf 79' lang='lat' dir='ltr'>Saxca</span> <span class='ocrx_word' id='word_1_541' title='bbox 537 4279 677 4357; x_wconf 89' lang='lat' dir='ltr'>pectora</span> <span class='ocrx_word' id='word_1_542' title='bbox 702 4265 871 4332; x_wconf 90' lang='lat' dir='ltr'>nimirum</span> <span class='ocrx_word' id='word_1_543' title='bbox 897 4262 967 4329; x_wconf 91' lang='lat' dir='ltr'>illis</span> <span class='ocrx_word' id='word_1_544' title='bbox 993 4273 1085 4342; x_wconf 79' lang='lat' dir='ltr'>sucu,</span> <span class='ocrx_word' id='word_1_545' title='bbox 1136 4264 1293 4332; x_wconf 83' lang='lat' dir='ltr'>sororem</span> <span class='ocrx_word' id='word_1_546' title='bbox 1310 4260 1561 4345; x_wconf 90' lang='lat' dir='ltr'>multitudinis,</span> <span class='ocrx_word' id='word_1_547' title='bbox 1584 4284 1672 4352; x_wconf 89' lang='lat' dir='ltr'>quae</span> <span class='ocrx_word' id='word_1_548' title='bbox 1689 4260 1797 4352; x_wconf 91' lang='lat' dir='ltr'>impio</span> <span class='ocrx_word' id='word_1_549' title='bbox 1814 4259 2125 4353; x_wconf 84' lang='lat' dir='ltr'>praetextuEvan-</span> 
     </span>
     <span class='ocr_line' id='line_1_41' title="bbox 93 4360 2124 4474; baseline -0.011 -26"><span class='ocrx_word' id='word_1_550' title='bbox 93 4378 159 4474; x_wconf 90' lang='lat' dir='ltr'>qui</span> <span class='ocrx_word' id='word_1_551' title='bbox 176 4374 245 4446; x_wconf 92' lang='lat' dir='ltr'>Dei</span> <span class='ocrx_word' id='word_1_552' title='bbox 263 4375 480 4442; x_wconf 84' lang='lat' dir='ltr'>voluntatem</span> <span class='ocrx_word' id='word_1_553' title='bbox 500 4393 610 4460; x_wconf 90' lang='lat' dir='ltr'>usque</span> <span class='ocrx_word' id='word_1_554' title='bbox 628 4368 714 4435; x_wconf 87' lang='lat' dir='ltr'>adeo</span> <span class='ocrx_word' id='word_1_555' title='bbox 731 4360 823 4433; x_wconf 90' lang='lat' dir='ltr'>nihil</span> <span class='ocrx_word' id='word_1_556' title='bbox 840 4378 1034 4434; x_wconf 87' lang='lat' dir='ltr'>morantur.</span> <span class='ocrx_word' id='word_1_557' title='bbox 1138 4363 1219 4453; x_wconf 85' lang='lat' dir='ltr'>gelli</span> <span class='ocrx_word' id='word_1_558' title='bbox 1241 4364 1494 4447; x_wconf 87' lang='lat' dir='ltr'>tumultuatur,</span> <span class='ocrx_word' id='word_1_559' title='bbox 1527 4386 1567 4430; x_wconf 90' lang='lat' dir='ltr'>ac</span> <span class='ocrx_word' id='word_1_560' title='bbox 1593 4363 1629 4429; x_wconf 93' lang='lat' dir='ltr'>iu</span> <span class='ocrx_word' id='word_1_561' title='bbox 1652 4363 1803 4433; x_wconf 88' lang='lat' dir='ltr'>aliorum</span> <span class='ocrx_word' id='word_1_562' title='bbox 1827 4363 1987 4432; x_wconf 80' lang='lat' dir='ltr'>fortunas</span> <span class='ocrx_word' id='word_1_563' title='bbox 2008 4362 2124 4456; x_wconf 73' lang='lat' dir='ltr'>impe.¹</span> 
     </span>
     <span class='ocr_line' id='line_1_42' title="bbox 202 4460 2125 4568; baseline -0.006 -20"><span class='ocrx_word' id='word_1_564' title='bbox 202 4476 368 4568; x_wconf 84' lang='lat' dir='ltr'>Superest</span> <span class='ocrx_word' id='word_1_565' title='bbox 387 4497 441 4542; x_wconf 89' lang='lat' dir='ltr'>res</span> <span class='ocrx_word' id='word_1_566' title='bbox 459 4469 635 4551; x_wconf 89' lang='lat' dir='ltr'>missaria,</span> <span class='ocrx_word' id='word_1_567' title='bbox 657 4470 700 4536; x_wconf 94' lang='lat' dir='ltr'>de</span> <span class='ocrx_word' id='word_1_568' title='bbox 715 4492 783 4560; x_wconf 89' lang='lat' dir='ltr'>qua</span> <span class='ocrx_word' id='word_1_569' title='bbox 801 4462 858 4533; x_wconf 92' lang='lat' dir='ltr'>hic</span> <span class='ocrx_word' id='word_1_570' title='bbox 873 4490 947 4532; x_wconf 92' lang='lat' dir='ltr'>non</span> <span class='ocrx_word' id='word_1_571' title='bbox 961 4464 1085 4534; x_wconf 86' lang='lat' dir='ltr'>attinet</span> <span class='ocrx_word' id='word_1_572' title='bbox 1138 4479 1212 4535; x_wconf 88' lang='lat' dir='ltr'>tum</span> <span class='ocrx_word' id='word_1_573' title='bbox 1229 4466 1435 4537; x_wconf 88' lang='lat' dir='ltr'>seminatur</span> <span class='ocrx_word' id='word_1_574' title='bbox 1452 4466 1632 4534; x_wconf 79' lang='lat' dir='ltr'>[astruam.</span> <span class='ocrx_word' id='word_1_575' title='bbox 1685 4462 1775 4533; x_wconf 88' lang='lat' dir='ltr'>Nam</span> <span class='ocrx_word' id='word_1_576' title='bbox 1791 4464 1828 4533; x_wconf 91' lang='lat' dir='ltr'>in</span> <span class='ocrx_word' id='word_1_577' title='bbox 1843 4460 1910 4533; x_wconf 86' lang='lat' dir='ltr'>hoc</span> <span class='ocrx_word' id='word_1_578' title='bbox 1927 4482 2052 4553; x_wconf 75' lang='lat' dir='ltr'>gemant</span> <span class='ocrx_word' id='word_1_579' title='bbox 2068 4491 2125 4536; x_wconf 91' lang='lat' dir='ltr'>ar-</span> 
     </span>
     <span class='ocr_line' id='line_1_43' title="bbox 92 4558 2132 4674; baseline -0.008 -21"><span class='ocrx_word' id='word_1_580' title='bbox 92 4583 297 4674; x_wconf 87' lang='lat' dir='ltr'>disputare,</span> <span class='ocrx_word' id='word_1_581' title='bbox 320 4600 398 4645; x_wconf 90' lang='lat' dir='ltr'>cum</span> <span class='ocrx_word' id='word_1_582' title='bbox 416 4572 693 4662; x_wconf 82' lang='lat' dir='ltr'>negociationem</span> <span class='ocrx_word' id='word_1_583' title='bbox 708 4570 744 4635; x_wconf 91' lang='lat' dir='ltr'>iu</span> <span class='ocrx_word' id='word_1_584' title='bbox 766 4567 881 4635; x_wconf 89' lang='lat' dir='ltr'>missis</span> <span class='ocrx_word' id='word_1_585' title='bbox 904 4580 938 4635; x_wconf 90' lang='lat' dir='ltr'>et</span> <span class='ocrx_word' id='word_1_586' title='bbox 964 4590 1085 4635; x_wconf 89' lang='lat' dir='ltr'>eorum</span> <span class='ocrx_word' id='word_1_587' title='bbox 1138 4592 1195 4636; x_wconf 92' lang='lat' dir='ltr'>ma</span> <span class='ocrx_word' id='word_1_588' title='bbox 1215 4564 1414 4659; x_wconf 87' lang='lat' dir='ltr'>Principes,</span> <span class='ocrx_word' id='word_1_589' title='bbox 1447 4578 1487 4635; x_wconf 92' lang='lat' dir='ltr'>ut</span> <span class='ocrx_word' id='word_1_590' title='bbox 1510 4566 1580 4635; x_wconf 91' lang='lat' dir='ltr'>siut</span> <span class='ocrx_word' id='word_1_591' title='bbox 1607 4565 1727 4634; x_wconf 90' lang='lat' dir='ltr'>timori</span> <span class='ocrx_word' id='word_1_592' title='bbox 1749 4565 1843 4634; x_wconf 91' lang='lat' dir='ltr'>malo</span> <span class='ocrx_word' id='word_1_593' title='bbox 1869 4568 1977 4658; x_wconf 89' lang='lat' dir='ltr'>operi.</span> <span class='ocrx_word' id='word_1_594' title='bbox 2039 4558 2132 4639; x_wconf 71' lang='lat' dir='ltr'>Utar?</span> 
     </span>
     <span class='ocr_line' id='line_1_44' title="bbox 94 4664 2126 4772; baseline -0.011 -12"><span class='ocrx_word' id='word_1_595' title='bbox 94 4704 234 4765; x_wconf 85' lang='lat' dir='ltr'>mores,</span> <span class='ocrx_word' id='word_1_596' title='bbox 261 4678 415 4772; x_wconf 84' lang='lat' dir='ltr'>quirem</span> <span class='ocrx_word' id='word_1_597' title='bbox 433 4673 629 4743; x_wconf 76' lang='lat' dir='ltr'>missorium</span> <span class='ocrx_word' id='word_1_598' title='bbox 648 4665 892 4761; x_wconf 78' lang='lat' dir='ltr'>prophanam,</span> <span class='ocrx_word' id='word_1_599' title='bbox 917 4691 962 4735; x_wconf 84' lang='lat' dir='ltr'>ne</span> <span class='ocrx_word' id='word_1_600' title='bbox 986 4667 1087 4760; x_wconf 87' lang='lat' dir='ltr'>papi·</span> <span class='ocrx_word' id='word_1_601' title='bbox 1140 4668 1233 4738; x_wconf 89' lang='lat' dir='ltr'>enim</span> <span class='ocrx_word' id='word_1_602' title='bbox 1248 4665 1351 4738; x_wconf 80' lang='lat' dir='ltr'>Pauli</span> <span class='ocrx_word' id='word_1_603' title='bbox 1368 4668 1496 4740; x_wconf 83' lang='lat' dir='ltr'>verbis.</span> <span class='ocrx_word' id='word_1_604' title='bbox 1520 4664 1586 4737; x_wconf 83' lang='lat' dir='ltr'>Dei</span> <span class='ocrx_word' id='word_1_605' title='bbox 1603 4670 1735 4736; x_wconf 84' lang='lat' dir='ltr'>‹tonum</span> <span class='ocrx_word' id='word_1_606' title='bbox 1750 4693 1816 4758; x_wconf 84' lang='lat' dir='ltr'>pax</span> <span class='ocrx_word' id='word_1_607' title='bbox 1832 4681 1893 4751; x_wconf 86' lang='lat' dir='ltr'>est,</span> <span class='ocrx_word' id='word_1_608' title='bbox 1909 4682 1943 4738; x_wconf 87' lang='lat' dir='ltr'>et</span> <span class='ocrx_word' id='word_1_609' title='bbox 1959 4670 2126 4739; x_wconf 82' lang='lat' dir='ltr'>eximium</span> 
     </span>
     <span class='ocr_line' id='line_1_45' title="bbox 93 4768 2125 4876; baseline -0.011 -20"><span class='ocrx_word' id='word_1_610' title='bbox 93 4800 170 4857; x_wconf 84' lang='lat' dir='ltr'>stae</span> <span class='ocrx_word' id='word_1_611' title='bbox 186 4782 330 4876; x_wconf 83' lang='lat' dir='ltr'>quidem</span> <span class='ocrx_word' id='word_1_612' title='bbox 343 4780 408 4870; x_wconf 90' lang='lat' dir='ltr'>ipsi</span> <span class='ocrx_word' id='word_1_613' title='bbox 426 4779 573 4869; x_wconf 88' lang='lat' dir='ltr'>probare</span> <span class='ocrx_word' id='word_1_614' title='bbox 592 4773 736 4863; x_wconf 87' lang='lat' dir='ltr'>possint.</span> <span class='ocrx_word' id='word_1_615' title='bbox 779 4768 827 4840; x_wconf 87' lang='lat' dir='ltr'>Et</span> <span class='ocrx_word' id='word_1_616' title='bbox 843 4784 958 4838; x_wconf 89' lang='lat' dir='ltr'>tamen</span> <span class='ocrx_word' id='word_1_617' title='bbox 973 4793 1087 4863; x_wconf 90' lang='lat' dir='ltr'>neque</span> <span class='ocrx_word' id='word_1_618' title='bbox 1139 4770 1303 4863; x_wconf 89' lang='lat' dir='ltr'>quidem,</span> <span class='ocrx_word' id='word_1_619' title='bbox 1323 4795 1387 4843; x_wconf 87' lang='lat' dir='ltr'>nec</span> <span class='ocrx_word' id='word_1_620' title='bbox 1405 4768 1534 4861; x_wconf 89' lang='lat' dir='ltr'>poterit</span> <span class='ocrx_word' id='word_1_621' title='bbox 1550 4770 1768 4855; x_wconf 89' lang='lat' dir='ltr'>conservari,</span> <span class='ocrx_word' id='word_1_622' title='bbox 1795 4770 1875 4837; x_wconf 90' lang='lat' dir='ltr'>siin</span> <span class='ocrx_word' id='word_1_623' title='bbox 1892 4773 2125 4861; x_wconf 82' lang='lat' dir='ltr'>opprimendo</span> 
     </span>
     <span class='ocr_line' id='line_1_46' title="bbox 95 4868 2124 4972; baseline -0.008 -15"><span class='ocrx_word' id='word_1_624' title='bbox 95 4887 191 4959; x_wconf 88' lang='lat' dir='ltr'>hanc</span> <span class='ocrx_word' id='word_1_625' title='bbox 208 4882 334 4971; x_wconf 89' lang='lat' dir='ltr'>corrigi</span> <span class='ocrx_word' id='word_1_626' title='bbox 351 4881 544 4972; x_wconf 86' lang='lat' dir='ltr'>patiuntur.</span> <span class='ocrx_word' id='word_1_627' title='bbox 1138 4868 1332 4961; x_wconf 80' lang='lat' dir='ltr'>Evangelio</span> <span class='ocrx_word' id='word_1_628' title='bbox 1354 4872 1531 4965; x_wconf 90' lang='lat' dir='ltr'>principes</span> <span class='ocrx_word' id='word_1_629' title='bbox 1545 4868 1661 4940; x_wconf 90' lang='lat' dir='ltr'>Deum</span> <span class='ocrx_word' id='word_1_630' title='bbox 1677 4896 1697 4940; x_wconf 93' lang='lat' dir='ltr'>a</span> <span class='ocrx_word' id='word_1_631' title='bbox 1713 4895 1749 4940; x_wconf 90' lang='lat' dir='ltr'>se</span> <span class='ocrx_word' id='word_1_632' title='bbox 1764 4871 1964 4944; x_wconf 89' lang='lat' dir='ltr'>alienariut.</span> <span class='ocrx_word' id='word_1_633' title='bbox 1999 4870 2124 4941; x_wconf 87' lang='lat' dir='ltr'>Sacrae</span> 
     </span>
     <span class='ocr_line' id='line_1_47' title="bbox 201 4968 2126 5075; baseline -0.006 -22"><span class='ocrx_word' id='word_1_634' title='bbox 201 4983 321 5054; x_wconf 87' lang='lat' dir='ltr'>Habes</span> <span class='ocrx_word' id='word_1_635' title='bbox 336 4983 422 5075; x_wconf 93' lang='lat' dir='ltr'>quid</span> <span class='ocrx_word' id='word_1_636' title='bbox 440 4981 587 5048; x_wconf 86' lang='lat' dir='ltr'>sentiam</span> <span class='ocrx_word' id='word_1_637' title='bbox 604 4979 647 5047; x_wconf 93' lang='lat' dir='ltr'>de</span> <span class='ocrx_word' id='word_1_638' title='bbox 666 4988 831 5045; x_wconf 82' lang='lat' dir='ltr'>renovata</span> <span class='ocrx_word' id='word_1_639' title='bbox 846 4969 1086 5042; x_wconf 86' lang='lat' dir='ltr'>Ecclesiastica</span> <span class='ocrx_word' id='word_1_640' title='bbox 1138 4969 1308 5043; x_wconf 89' lang='lat' dir='ltr'>historiae</span> <span class='ocrx_word' id='word_1_641' title='bbox 1323 4998 1440 5064; x_wconf 90' lang='lat' dir='ltr'>regem</span> <span class='ocrx_word' id='word_1_642' title='bbox 1456 4968 1619 5063; x_wconf 90' lang='lat' dir='ltr'>losaphat</span> <span class='ocrx_word' id='word_1_643' title='bbox 1636 4973 1859 5064; x_wconf 90' lang='lat' dir='ltr'>praedicant,</span> <span class='ocrx_word' id='word_1_644' title='bbox 1885 4975 1980 5065; x_wconf 92' lang='lat' dir='ltr'>quod</span> <span class='ocrx_word' id='word_1_645' title='bbox 1995 4975 2126 5043; x_wconf 86' lang='lat' dir='ltr'>cousti-</span> 
     </span>
     <span class='ocr_line' id='line_1_48' title="bbox 95 5072 2210 5176; baseline -0.009 -16"><span class='ocrx_word' id='word_1_646' title='bbox 95 5088 273 5163; x_wconf 87' lang='lat' dir='ltr'>doctriua.</span> <span class='ocrx_word' id='word_1_647' title='bbox 334 5082 456 5176; x_wconf 81' lang='lat' dir='ltr'>Neque</span> <span class='ocrx_word' id='word_1_648' title='bbox 478 5106 554 5149; x_wconf 91' lang='lat' dir='ltr'>sum</span> <span class='ocrx_word' id='word_1_649' title='bbox 580 5080 778 5148; x_wconf 89' lang='lat' dir='ltr'>veritusne</span> <span class='ocrx_word' id='word_1_650' title='bbox 804 5075 957 5165; x_wconf 87' lang='lat' dir='ltr'>graviter</span> <span class='ocrx_word' id='word_1_651' title='bbox 979 5076 1087 5143; x_wconf 84' lang='lat' dir='ltr'>ferres</span> <span class='ocrx_word' id='word_1_652' title='bbox 1139 5074 1246 5145; x_wconf 90' lang='lat' dir='ltr'>tuerit</span> <span class='ocrx_word' id='word_1_653' title='bbox 1269 5072 1429 5159; x_wconf 82' lang='lat' dir='ltr'>Levitae,</span> <span class='ocrx_word' id='word_1_654' title='bbox 1463 5075 1524 5168; x_wconf 93' lang='lat' dir='ltr'>qui</span> <span class='ocrx_word' id='word_1_655' title='bbox 1552 5075 1757 5164; x_wconf 90' lang='lat' dir='ltr'>religionem</span> <span class='ocrx_word' id='word_1_656' title='bbox 1783 5075 1957 5146; x_wconf 88' lang='lat' dir='ltr'>docerent.</span> <span class='ocrx_word' id='word_1_657' title='bbox 2009 5072 2126 5146; x_wconf 90' lang='lat' dir='ltr'>lluius</span> <span class='ocrx_word' id='word_1_658' title='bbox 2207 5144 2210 5149; x_wconf 80' lang='grc'><em>,</em></span> 
     </span>
     <span class='ocr_line' id='line_1_49' title="bbox 94 5175 2128 5269; baseline -0.009 -5"><span class='ocrx_word' id='word_1_659' title='bbox 94 5190 186 5264; x_wconf 89' lang='lat' dir='ltr'>haec</span> <span class='ocrx_word' id='word_1_660' title='bbox 203 5190 244 5259; x_wconf 88' lang='lat' dir='ltr'>ad</span> <span class='ocrx_word' id='word_1_661' title='bbox 263 5201 296 5256; x_wconf 89' lang='lat' dir='ltr'>tc</span> <span class='ocrx_word' id='word_1_662' title='bbox 309 5187 430 5268; x_wconf 88' lang='lat' dir='ltr'>scribi,</span> <span class='ocrx_word' id='word_1_663' title='bbox 456 5208 535 5252; x_wconf 92' lang='lat' dir='ltr'>cum</span> <span class='ocrx_word' id='word_1_664' title='bbox 554 5184 596 5251; x_wconf 90' lang='lat' dir='ltr'>de</span> <span class='ocrx_word' id='word_1_665' title='bbox 614 5179 783 5269; x_wconf 87' lang='lat' dir='ltr'>religione</span> <span class='ocrx_word' id='word_1_666' title='bbox 801 5180 919 5246; x_wconf 87' lang='lat' dir='ltr'>deceat</span> <span class='ocrx_word' id='word_1_667' title='bbox 934 5175 1088 5246; x_wconf 88' lang='lat' dir='ltr'>cuiusvis</span> <span class='ocrx_word' id='word_1_668' title='bbox 1140 5176 1298 5267; x_wconf 82' lang='lat' dir='ltr'>exemplo</span> <span class='ocrx_word' id='word_1_669' title='bbox 1323 5179 1499 5247; x_wconf 87' lang='lat' dir='ltr'>debebant</span> <span class='ocrx_word' id='word_1_670' title='bbox 1524 5175 1701 5268; x_wconf 87' lang='lat' dir='ltr'>principes</span> <span class='ocrx_word' id='word_1_671' title='bbox 1725 5199 1846 5245; x_wconf 90' lang='lat' dir='ltr'>curare</span> <span class='ocrx_word' id='word_1_672' title='bbox 1869 5178 2068 5248; x_wconf 88' lang='lat' dir='ltr'>moderatos</span> <span class='ocrx_word' id='word_1_673' title='bbox 2093 5193 2128 5247; x_wconf 91' lang='lat' dir='ltr'>et</span> 
     </span>
     <span class='ocr_line' id='line_1_50' title="bbox 96 5274 2126 5377; baseline -0.01 -10"><span class='ocrx_word' id='word_1_674' title='bbox 96 5292 273 5367; x_wconf 89' lang='lat' dir='ltr'>iudicium</span> <span class='ocrx_word' id='word_1_675' title='bbox 295 5308 522 5377; x_wconf 88' lang='lat' dir='ltr'>cognoscere,</span> <span class='ocrx_word' id='word_1_676' title='bbox 549 5297 582 5353; x_wconf 91' lang='lat' dir='ltr'>et</span> <span class='ocrx_word' id='word_1_677' title='bbox 601 5297 641 5354; x_wconf 90' lang='lat' dir='ltr'>tu</span> <span class='ocrx_word' id='word_1_678' title='bbox 656 5284 806 5350; x_wconf 89' lang='lat' dir='ltr'>iusseras</span> <span class='ocrx_word' id='word_1_679' title='bbox 826 5293 865 5349; x_wconf 92' lang='lat' dir='ltr'>ut</span> <span class='ocrx_word' id='word_1_680' title='bbox 888 5279 932 5346; x_wconf 89' lang='lat' dir='ltr'>ad</span> <span class='ocrx_word' id='word_1_681' title='bbox 955 5290 988 5346; x_wconf 89' lang='lat' dir='ltr'>te</span> <span class='ocrx_word' id='word_1_682' title='bbox 1005 5301 1087 5370; x_wconf 89' lang='lat' dir='ltr'>per·</span> <span class='ocrx_word' id='word_1_683' title='bbox 1139 5280 1253 5348; x_wconf 90' lang='lat' dir='ltr'>bonos</span> <span class='ocrx_word' id='word_1_684' title='bbox 1276 5279 1389 5360; x_wconf 91' lang='lat' dir='ltr'>viros,</span> <span class='ocrx_word' id='word_1_685' title='bbox 1416 5278 1477 5374; x_wconf 90' lang='lat' dir='ltr'>qui</span> <span class='ocrx_word' id='word_1_686' title='bbox 1498 5301 1595 5348; x_wconf 90' lang='lat' dir='ltr'>sacra</span> <span class='ocrx_word' id='word_1_687' title='bbox 1614 5279 1790 5351; x_wconf 89' lang='lat' dir='ltr'>docerent.</span> <span class='ocrx_word' id='word_1_688' title='bbox 1842 5274 1914 5348; x_wconf 90' lang='lat' dir='ltr'>Nec</span> <span class='ocrx_word' id='word_1_689' title='bbox 1939 5281 2042 5371; x_wconf 88' lang='lat' dir='ltr'>pueri</span> <span class='ocrx_word' id='word_1_690' title='bbox 2064 5303 2126 5349; x_wconf 90' lang='lat' dir='ltr'>ne-</span> 
     </span>
     <span class='ocr_line' id='line_1_51' title="bbox 95 5377 2126 5482; baseline -0.01 -17"><span class='ocrx_word' id='word_1_691' title='bbox 95 5395 309 5473; x_wconf 86' lang='lat' dir='ltr'>scriberem,</span> <span class='ocrx_word' id='word_1_692' title='bbox 334 5401 545 5482; x_wconf 87' lang='lat' dir='ltr'>peccaretne,</span> <span class='ocrx_word' id='word_1_693' title='bbox 569 5377 865 5477; x_wconf 88' lang='lat' dir='ltr'>quiEucharistia</span> <span class='ocrx_word' id='word_1_694' title='bbox 880 5403 955 5448; x_wconf 92' lang='lat' dir='ltr'>non</span> <span class='ocrx_word' id='word_1_695' title='bbox 972 5393 1087 5450; x_wconf 88' lang='lat' dir='ltr'>utere.-</span> <span class='ocrx_word' id='word_1_696' title='bbox 1139 5379 1295 5469; x_wconf 89' lang='lat' dir='ltr'>gligendi</span> <span class='ocrx_word' id='word_1_697' title='bbox 1317 5394 1433 5466; x_wconf 89' lang='lat' dir='ltr'>erant,</span> <span class='ocrx_word' id='word_1_698' title='bbox 1464 5381 1561 5474; x_wconf 91' lang='lat' dir='ltr'>quod</span> <span class='ocrx_word' id='word_1_699' title='bbox 1583 5403 1624 5450; x_wconf 91' lang='lat' dir='ltr'>ea</span> <span class='ocrx_word' id='word_1_700' title='bbox 1644 5394 1740 5452; x_wconf 89' lang='lat' dir='ltr'>aetas</span> <span class='ocrx_word' id='word_1_701' title='bbox 1760 5403 1881 5451; x_wconf 89' lang='lat' dir='ltr'>rerum</span> <span class='ocrx_word' id='word_1_702' title='bbox 1904 5382 2126 5475; x_wconf 84' lang='lat' dir='ltr'>publicarum</span> 
     </span>
    </p>
   </div>
   <div class='ocr_carea' id='block_1_3' title="bbox 1291 5475 1387 5551">
    <p class='ocr_par' dir='ltr' id='par_1_3' title="bbox 1291 5475 1387 5551">
     <span class='ocr_line' id='line_1_52' title="bbox 1291 5475 1387 5551; baseline -0.01 0"><span class='ocrx_word' id='word_1_703' title='bbox 1291 5475 1387 5551; x_wconf 76' lang='lat'>45*</span> 
     </span>
    </p>
   </div>
   <div class='ocr_carea' id='block_1_4' title="bbox 0 0 2265 5780">
    <p class='ocr_par' dir='ltr' id='par_1_4' title="bbox 0 0 2265 5780">
     <span class='ocr_line' id='line_1_53' title="bbox 0 0 2265 5780; baseline 0 0"><span class='ocrx_word' id='word_1_704' title='bbox 0 0 2265 5780; x_wconf 95' lang='lat' dir='ltr'> </span> 
     </span>
    </p>
   </div>
  </div>
 </body>
</html>
