<?xml version="1.0" encoding="UTF-8"?>
<!DOCTYPE html PUBLIC "-//W3C//DTD XHTML 1.0 Transitional//EN"
    "http://www.w3.org/TR/xhtml1/DTD/xhtml1-transitional.dtd">
<html xmlns="http://www.w3.org/1999/xhtml" xml:lang="en" lang="en">
 <head>
  <title>
</title>
<meta http-equiv="Content-Type" content="text/html;charset=utf-8" />
  <meta name='ocr-system' content='tesseract 3.04.00' />
  <meta name='ocr-capabilities' content='ocr_page ocr_carea ocr_par ocr_line ocrx_word'/>
</head>
<body>
  <div class='ocr_page' id='page_1' title='image "./corpusreformato07melagoog/corpusreformato07melagoog_0425.png"; bbox 0 0 4500 5782; ppageno 0'>
   <div class='ocr_carea' id='block_1_1' title="bbox 62 238 2140 361">
    <p class='ocr_par' dir='ltr' id='par_1_1' title="bbox 62 238 2140 361">
     <span class='ocr_line' id='line_1_1' title="bbox 62 238 2140 361; baseline -0.007 -33"><span class='ocrx_word' id='word_1_1' title='bbox 62 238 189 329; x_wconf 81' lang='lat' dir='ltr'>&#39;sse</span> <span class='ocrx_word' id='word_1_2' title='bbox 682 241 1387 325; x_wconf 67' lang='lat' dir='ltr'>transmittentium.</span> <span class='ocrx_word' id='word_1_3' title='bbox 1439 242 1573 321; x_wconf 73' lang='lat'>1524.</span> <span class='ocrx_word' id='word_1_4' title='bbox 1698 348 1706 361; x_wconf 23' lang='grc' dir='ltr'>ι</span> <span class='ocrx_word' id='word_1_5' title='bbox 1854 250 1858 256; x_wconf 95' lang='grc'><strong><em>·</em></strong></span> <span class='ocrx_word' id='word_1_6' title='bbox 2070 246 2140 349; x_wconf 75' lang='lat' dir='ltr'>aaa</span> 
     </span>
    </p>
   </div>
   <div class='ocr_carea' id='block_1_2' title="bbox 10 386 2145 614">
    <p class='ocr_par' dir='ltr' id='par_1_2' title="bbox 10 386 2145 614">
     <span class='ocr_line' id='line_1_2' title="bbox 10 386 2145 512; baseline -0.001 -19"><span class='ocrx_word' id='word_1_7' title='bbox 10 422 13 429; x_wconf 82' lang='lat'>&#39;</span> <span class='ocrx_word' id='word_1_8' title='bbox 125 423 192 497; x_wconf 91' lang='lat' dir='ltr'>No.</span> <span class='ocrx_word' id='word_1_9' title='bbox 207 422 296 497; x_wconf 76' lang='lat'>278.</span> <span class='ocrx_word' id='word_1_10' title='bbox 940 425 998 491; x_wconf 83' lang='lat'>16.</span> <span class='ocrx_word' id='word_1_11' title='bbox 1016 419 1086 485; x_wconf 87' lang='lat' dir='ltr'>lun.</span> <span class='ocrx_word' id='word_1_12' title='bbox 1156 411 1343 507; x_wconf 79' lang='lat' dir='ltr'>pulchrius</span> <span class='ocrx_word' id='word_1_13' title='bbox 1359 416 1633 512; x_wconf 82' lang='lat' dir='ltr'>amabiliusque,</span> <span class='ocrx_word' id='word_1_14' title='bbox 1657 433 1699 490; x_wconf 90' lang='lat' dir='ltr'>ut</span> <span class='ocrx_word' id='word_1_15' title='bbox 1718 432 1754 489; x_wconf 94' lang='lat' dir='ltr'>et</span> <span class='ocrx_word' id='word_1_16' title='bbox 1775 419 1900 511; x_wconf 89' lang='lat' dir='ltr'>pmeul</span> <span class='ocrx_word' id='word_1_17' title='bbox 1916 442 1936 499; x_wconf 81' lang='lat' dir='ltr'>e</span> <span class='ocrx_word' id='word_1_18' title='bbox 1950 419 2052 511; x_wconf 80' lang='lat' dir='ltr'>vulgi</span> <span class='ocrx_word' id='word_1_19' title='bbox 2066 386 2145 491; x_wconf 65' lang='lat' dir='ltr'>oen</span> 
     </span>
     <span class='ocr_line' id='line_1_3' title="bbox 121 511 2144 614; baseline -0 -21"><span class='ocrx_word' id='word_1_20' title='bbox 121 520 295 557; x_wconf 53' lang='lat' dir='ltr'>&#39;‘s&#39;‘</span> <span class='ocrx_word' id='word_1_21' title='bbox 926 511 1099 591; x_wconf 53' lang='lat'>“⁰‘&#39;</span> <span class='ocrx_word' id='word_1_22' title='bbox 1156 518 1434 605; x_wconf 85' lang='lat' dir='ltr'>lisdiscesserit,</span> <span class='ocrx_word' id='word_1_23' title='bbox 1459 533 1587 614; x_wconf 84' lang='lat' dir='ltr'>estque</span> <span class='ocrx_word' id='word_1_24' title='bbox 1601 513 1693 590; x_wconf 88' lang='lat' dir='ltr'>mibi</span> <span class='ocrx_word' id='word_1_25' title='bbox 1714 533 1850 591; x_wconf 88' lang='lat' dir='ltr'>certum</span> <span class='ocrx_word' id='word_1_26' title='bbox 1873 521 1920 591; x_wconf 91' lang='lat' dir='ltr'>ab</span> <span class='ocrx_word' id='word_1_27' title='bbox 1943 515 2012 592; x_wconf 86' lang='lat' dir='ltr'>hac</span> <span class='ocrx_word' id='word_1_28' title='bbox 2037 516 2144 593; x_wconf 90' lang='lat' dir='ltr'>hone·</span> 
     </span>
    </p>
   </div>
   <div class='ocr_carea' id='block_1_3' title="bbox 117 559 2144 745">
    <p class='ocr_par' dir='ltr' id='par_1_3' title="bbox 117 559 2144 745">
     <span class='ocr_line' id='line_1_4' title="bbox 117 559 2144 745; baseline 0.014 -77"><span class='ocrx_word' id='word_1_29' title='bbox 117 559 165 743; x_wconf 19' lang='grc' dir='ltr'>ι,</span> <span class='ocrx_word' id='word_1_30' title='bbox 212 642 217 655; x_wconf 90' lang='lat'><strong>·</strong></span> <span class='ocrx_word' id='word_1_31' title='bbox 226 623 514 745; x_wconf 50' lang='lat' dir='ltr'>Burcwdm</span> <span class='ocrx_word' id='word_1_32' title='bbox 552 619 615 706; x_wconf 71' lang='lat' dir='ltr'>ad</span> <span class='ocrx_word' id='word_1_33' title='bbox 656 584 991 735; x_wconf 59' lang='lat' dir='ltr'>Melanthopipm,</span> <span class='ocrx_word' id='word_1_34' title='bbox 1157 621 1309 692; x_wconf 87' lang='lat' dir='ltr'>stissima</span> <span class='ocrx_word' id='word_1_35' title='bbox 1323 622 1497 693; x_wconf 89' lang='lat' dir='ltr'>sententia</span> <span class='ocrx_word' id='word_1_36' title='bbox 1511 622 1664 711; x_wconf 79' lang='lat' dir='ltr'>digitum</span> <span class='ocrx_word' id='word_1_37' title='bbox 1679 623 1914 720; x_wconf 72' lang='lat' dir='ltr'>nusquam*).</span> <span class='ocrx_word' id='word_1_38' title='bbox 1941 619 2144 717; x_wconf 83' lang='lat' dir='ltr'>Aeqniesci·</span> 
     </span>
    </p>
   </div>
   <div class='ocr_carea' id='block_1_4' title="bbox 7 715 2145 5192">
    <p class='ocr_par' dir='ltr' id='par_1_4' title="bbox 7 715 2145 5101">
     <span class='ocr_line' id='line_1_5' title="bbox 970 715 2145 819; baseline 0.003 -26"><span class='ocrx_word' id='word_1_39' title='bbox 970 796 973 805; x_wconf 71' lang='grc'>,</span> <span class='ocrx_word' id='word_1_40' title='bbox 1156 746 1235 792; x_wconf 87' lang='lat' dir='ltr'>mus</span> <span class='ocrx_word' id='word_1_41' title='bbox 1249 722 1395 795; x_wconf 87' lang='lat' dir='ltr'>interim</span> <span class='ocrx_word' id='word_1_42' title='bbox 1411 748 1475 815; x_wconf 82' lang='lat' dir='ltr'>ego</span> <span class='ocrx_word' id='word_1_43' title='bbox 1490 715 1700 794; x_wconf 83' lang='lat' dir='ltr'>etCarinus</span> <span class='ocrx_word' id='word_1_44' title='bbox 1711 725 1752 795; x_wconf 92' lang='lat' dir='ltr'>in</span> <span class='ocrx_word' id='word_1_45' title='bbox 1766 723 1986 817; x_wconf 90' lang='lat' dir='ltr'>optimorum</span> <span class='ocrx_word' id='word_1_46' title='bbox 1999 726 2145 819; x_wconf 81' lang='lat' dir='ltr'>scripto·</span> 
     </span>
     <span class='ocr_line' id='line_1_6' title="bbox 182 822 2144 924; baseline -0.014 -28"><span class='ocrx_word' id='word_1_47' title='bbox 182 840 260 924; x_wconf 62' lang='lat' dir='ltr'>Hir</span> <span class='ocrx_word' id='word_1_48' title='bbox 280 834 445 908; x_wconf 80' lang='lat' dir='ltr'>autographo</span> <span class='ocrx_word' id='word_1_49' title='bbox 464 827 562 889; x_wconf 80' lang='lat' dir='ltr'>Fraus.</span> <span class='ocrx_word' id='word_1_50' title='bbox 577 829 730 887; x_wconf 77' lang='lat' dir='ltr'>vinariens.</span> <span class='ocrx_word' id='word_1_51' title='bbox 748 829 778 884; x_wconf 89' lang='lat' dir='ltr'>in</span> <span class='ocrx_word' id='word_1_52' title='bbox 798 828 869 923; x_wconf 72' lang='lat' dir='ltr'>Coti.</span> <span class='ocrx_word' id='word_1_53' title='bbox 890 827 973 887; x_wconf 77' lang='lat' dir='ltr'>Basil.</span> <span class='ocrx_word' id='word_1_54' title='bbox 993 828 1023 882; x_wconf 80' lang='lat' dir='ltr'>F.</span> <span class='ocrx_word' id='word_1_55' title='bbox 1042 828 1103 921; x_wconf 70' lang='lat' dir='ltr'>lot.</span> <span class='ocrx_word' id='word_1_56' title='bbox 1155 847 1235 894; x_wconf 73' lang='lat' dir='ltr'>rum</span> <span class='ocrx_word' id='word_1_57' title='bbox 1266 825 1429 895; x_wconf 63' lang='lat' dir='ltr'>lectione,</span> <span class='ocrx_word' id='word_1_58' title='bbox 1491 822 1689 911; x_wconf 63' lang='lat' dir='ltr'>Homerum</span> <span class='ocrx_word' id='word_1_59' title='bbox 1717 826 1759 895; x_wconf 65' lang='lat' dir='ltr'>in</span> <span class='ocrx_word' id='word_1_60' title='bbox 1789 834 1915 896; x_wconf 59' lang='lat' dir='ltr'>manus</span> <span class='ocrx_word' id='word_1_61' title='bbox 1947 828 2144 912; x_wconf 54' lang='lat' dir='ltr'>summm,</span> 
     </span>
     <span class='ocr_line' id='line_1_7' title="bbox 218 907 2145 1019; baseline -0.002 -15"><span class='ocrx_word' id='word_1_62' title='bbox 218 916 294 980; x_wconf 42' lang='lat'>‘⁹¹⁸2</span> <span class='ocrx_word' id='word_1_63' title='bbox 308 907 352 967; x_wconf 75' lang='lat'>⁷²·</span> <span class='ocrx_word' id='word_1_64' title='bbox 1156 928 1217 995; x_wconf 89' lang='lat' dir='ltr'>sed</span> <span class='ocrx_word' id='word_1_65' title='bbox 1234 927 1321 1019; x_wconf 91' lang='lat' dir='ltr'>quid</span> <span class='ocrx_word' id='word_1_66' title='bbox 1337 925 1497 997; x_wconf 83' lang='lat' dir='ltr'>effecturi</span> <span class='ocrx_word' id='word_1_67' title='bbox 1506 927 1617 998; x_wconf 87' lang='lat' dir='ltr'>simus</span> <span class='ocrx_word' id='word_1_68' title='bbox 1631 926 1816 1018; x_wconf 88' lang='lat' dir='ltr'>superisin</span> <span class='ocrx_word' id='word_1_69' title='bbox 1828 951 1938 998; x_wconf 89' lang='lat' dir='ltr'>manu</span> <span class='ocrx_word' id='word_1_70' title='bbox 1955 940 2019 1000; x_wconf 83' lang='lat' dir='ltr'>est.</span> <span class='ocrx_word' id='word_1_71' title='bbox 2055 928 2145 1001; x_wconf 77' lang='lat' dir='ltr'>ano</span> 
     </span>
     <span class='ocr_line' id='line_1_8' title="bbox 1154 1023 2143 1123; baseline 0.002 -25"><span class='ocrx_word' id='word_1_72' title='bbox 1154 1024 1304 1101; x_wconf 81' lang='lat' dir='ltr'>Calend.</span> <span class='ocrx_word' id='word_1_73' title='bbox 1322 1023 1472 1099; x_wconf 80' lang='lat' dir='ltr'><strong>Octobr.</strong></span> <span class='ocrx_word' id='word_1_74' title='bbox 1492 1030 1537 1097; x_wconf 93' lang='lat' dir='ltr'>ad</span> <span class='ocrx_word' id='word_1_75' title='bbox 1556 1053 1620 1098; x_wconf 83' lang='lat' dir='ltr'>vos</span> <span class='ocrx_word' id='word_1_76' title='bbox 1635 1028 1753 1098; x_wconf 86' lang='lat' dir='ltr'>redire</span> <span class='ocrx_word' id='word_1_77' title='bbox 1768 1052 1974 1123; x_wconf 77' lang='lat' dir='ltr'>quanquam</span> <span class='ocrx_word' id='word_1_78' title='bbox 1995 1031 2143 1101; x_wconf 83' lang='lat' dir='ltr'>maxime</span> 
     </span>
     <span class='ocr_line' id='line_1_9' title="bbox 1155 1121 2143 1221; baseline 0.004 -23"><span class='ocrx_word' id='word_1_79' title='bbox 1155 1130 1313 1221; x_wconf 88' lang='lat' dir='ltr'>cupiam,</span> <span class='ocrx_word' id='word_1_80' title='bbox 1343 1154 1419 1200; x_wconf 91' lang='lat' dir='ltr'>non</span> <span class='ocrx_word' id='word_1_81' title='bbox 1447 1144 1582 1221; x_wconf 86' lang='lat' dir='ltr'>potero.</span> <span class='ocrx_word' id='word_1_82' title='bbox 1648 1121 1834 1200; x_wconf 81' lang='lat' dir='ltr'>Carinum</span> <span class='ocrx_word' id='word_1_83' title='bbox 1854 1132 1970 1216; x_wconf 89' lang='lat' dir='ltr'>enim,</span> <span class='ocrx_word' id='word_1_84' title='bbox 2002 1145 2045 1202; x_wconf 91' lang='lat' dir='ltr'>ut</span> <span class='ocrx_word' id='word_1_85' title='bbox 2071 1132 2143 1215; x_wconf 83' lang='lat' dir='ltr'>scis,</span> 
     </span>
     <span class='ocr_line' id='line_1_10' title="bbox 1076 1232 2141 1325; baseline 0.002 -25"><span class='ocrx_word' id='word_1_86' title='bbox 1076 1254 1079 1259; x_wconf 90' lang='lat'>·</span> <span class='ocrx_word' id='word_1_87' title='bbox 1155 1246 1296 1323; x_wconf 86' lang='lat' dir='ltr'>expecto</span> <span class='ocrx_word' id='word_1_88' title='bbox 1310 1233 1374 1324; x_wconf 92' lang='lat' dir='ltr'>qui</span> <span class='ocrx_word' id='word_1_89' title='bbox 1388 1244 1470 1300; x_wconf 89' lang='lat' dir='ltr'>ante</span> <span class='ocrx_word' id='word_1_90' title='bbox 1486 1233 1524 1300; x_wconf 91' lang='lat' dir='ltr'>id</span> <span class='ocrx_word' id='word_1_91' title='bbox 1539 1232 1708 1324; x_wconf 88' lang='lat' dir='ltr'>temporis</span> <span class='ocrx_word' id='word_1_92' title='bbox 1718 1255 1895 1325; x_wconf 89' lang='lat' dir='ltr'>nusquam</span> <span class='ocrx_word' id='word_1_93' title='bbox 1908 1233 1962 1302; x_wconf 86' lang='lat' dir='ltr'>ire</span> <span class='ocrx_word' id='word_1_94' title='bbox 1976 1233 2141 1303; x_wconf 86' lang='lat' dir='ltr'>inanimo</span> 
     </span>
     <span class='ocr_line' id='line_1_11' title="bbox 7 1319 2140 1429; baseline -0.003 -16"><span class='ocrx_word' id='word_1_95' title='bbox 7 1380 11 1387; x_wconf 94' lang='lat'>·</span> <span class='ocrx_word' id='word_1_96' title='bbox 112 1319 159 1411; x_wconf 81' lang='lat' dir='ltr'>S.</span> <span class='ocrx_word' id='word_1_97' title='bbox 210 1336 339 1429; x_wconf 85' lang='lat' dir='ltr'>Accepi</span> <span class='ocrx_word' id='word_1_98' title='bbox 361 1333 481 1403; x_wconf 76' lang='lat' dir='ltr'>literas</span> <span class='ocrx_word' id='word_1_99' title='bbox 497 1343 609 1417; x_wconf 70' lang='lat' dir='ltr'>tuas,</span> <span class='ocrx_word' id='word_1_100' title='bbox 628 1353 716 1425; x_wconf 89' lang='lat' dir='ltr'>quas</span> <span class='ocrx_word' id='word_1_101' title='bbox 738 1353 779 1398; x_wconf 84' lang='lat' dir='ltr'>ex</span> <span class='ocrx_word' id='word_1_102' title='bbox 799 1321 934 1398; x_wconf 81' lang='lat' dir='ltr'>Giessa</span> <span class='ocrx_word' id='word_1_103' title='bbox 954 1324 1102 1398; x_wconf 88' lang='lat' dir='ltr'>Hassiae</span> <span class='ocrx_word' id='word_1_104' title='bbox 1155 1346 1215 1403; x_wconf 86' lang='lat' dir='ltr'>est.</span> <span class='ocrx_word' id='word_1_105' title='bbox 1273 1331 1354 1425; x_wconf 86' lang='lat' dir='ltr'>lpse</span> <span class='ocrx_word' id='word_1_106' title='bbox 1375 1356 1432 1402; x_wconf 87' lang='lat' dir='ltr'>me</span> <span class='ocrx_word' id='word_1_107' title='bbox 1452 1324 1950 1426; x_wconf 84' lang='lat' dir='ltr'>tibi·commendo&#39;·,·-oroque,</span> <span class='ocrx_word' id='word_1_108' title='bbox 1976 1346 2019 1406; x_wconf 87' lang='grc' dir='ltr'>ιιι</span> <span class='ocrx_word' id='word_1_109' title='bbox 2042 1331 2140 1406; x_wconf 80' lang='lat' dir='ltr'>isthic</span> 
     </span>
     <span class='ocr_line' id='line_1_12' title="bbox 15 1424 2141 1535; baseline -0.005 -20"><span class='ocrx_word' id='word_1_110' title='bbox 15 1490 18 1495; x_wconf 94' lang='lat'>-</span> <span class='ocrx_word' id='word_1_111' title='bbox 113 1441 243 1514; x_wconf 87' lang='lat' dir='ltr'>dedisti</span> <span class='ocrx_word' id='word_1_112' title='bbox 256 1432 315 1535; x_wconf 75' lang='lat'>*),</span> <span class='ocrx_word' id='word_1_113' title='bbox 337 1437 460 1529; x_wconf 86' lang='lat' dir='ltr'>plenas</span> <span class='ocrx_word' id='word_1_114' title='bbox 475 1432 605 1503; x_wconf 90' lang='lat' dir='ltr'>amoris</span> <span class='ocrx_word' id='word_1_115' title='bbox 619 1454 847 1524; x_wconf 85' lang='lat' dir='ltr'>summaeque</span> <span class='ocrx_word' id='word_1_116' title='bbox 862 1431 901 1499; x_wconf 90' lang='lat' dir='ltr'>in</span> <span class='ocrx_word' id='word_1_117' title='bbox 920 1454 978 1499; x_wconf 86' lang='lat' dir='ltr'>me</span> <span class='ocrx_word' id='word_1_118' title='bbox 999 1431 1103 1500; x_wconf 84' lang='lat' dir='ltr'>beni·</span> <span class='ocrx_word' id='word_1_119' title='bbox 1153 1458 1232 1505; x_wconf 88' lang='lat' dir='ltr'>mea</span> <span class='ocrx_word' id='word_1_120' title='bbox 1255 1435 1322 1506; x_wconf 89' lang='lat' dir='ltr'>tibi</span> <span class='ocrx_word' id='word_1_121' title='bbox 1349 1435 1470 1505; x_wconf 91' lang='lat' dir='ltr'>omnia</span> <span class='ocrx_word' id='word_1_122' title='bbox 1495 1456 1599 1504; x_wconf 89' lang='lat' dir='ltr'>curae</span> <span class='ocrx_word' id='word_1_123' title='bbox 1621 1437 1704 1506; x_wconf 80' lang='lat' dir='ltr'>sint.</span> <span class='ocrx_word' id='word_1_124' title='bbox 1760 1424 1848 1506; x_wconf 70' lang='lat' dir='ltr'>Erit</span> <span class='ocrx_word' id='word_1_125' title='bbox 1871 1438 2024 1507; x_wconf 86' lang='lat' dir='ltr'>daturus</span> <span class='ocrx_word' id='word_1_126' title='bbox 2045 1439 2092 1507; x_wconf 86' lang='lat' dir='ltr'>ad</span> <span class='ocrx_word' id='word_1_127' title='bbox 2112 1450 2141 1506; x_wconf 85' lang='lat' dir='ltr'>te</span> 
     </span>
     <span class='ocr_line' id='line_1_13' title="bbox 111 1526 2141 1630; baseline -0.01 -15"><span class='ocrx_word' id='word_1_128' title='bbox 111 1543 288 1615; x_wconf 85' lang='lat' dir='ltr'>velentiae</span> <span class='ocrx_word' id='word_1_129' title='bbox 302 1554 393 1611; x_wconf 85' lang='lat' dir='ltr'>tuae.</span> <span class='ocrx_word' id='word_1_130' title='bbox 442 1534 586 1607; x_wconf 88' lang='lat' dir='ltr'>Demea</span> <span class='ocrx_word' id='word_1_131' title='bbox 602 1535 697 1604; x_wconf 89' lang='lat' dir='ltr'>enim</span> <span class='ocrx_word' id='word_1_132' title='bbox 711 1531 915 1603; x_wconf 80' lang='lat' dir='ltr'>valetudine</span> <span class='ocrx_word' id='word_1_133' title='bbox 930 1544 964 1601; x_wconf 89' lang='lat' dir='ltr'>te</span> <span class='ocrx_word' id='word_1_134' title='bbox 978 1532 1102 1602; x_wconf 84' lang='lat' dir='ltr'>admo·</span> <span class='ocrx_word' id='word_1_135' title='bbox 1154 1536 1229 1628; x_wconf 88' lang='lat' dir='ltr'>ipse</span> <span class='ocrx_word' id='word_1_136' title='bbox 1252 1561 1394 1630; x_wconf 89' lang='lat' dir='ltr'>quoque</span> <span class='ocrx_word' id='word_1_137' title='bbox 1414 1538 1535 1606; x_wconf 85' lang='lat' dir='ltr'>literas</span> <span class='ocrx_word' id='word_1_138' title='bbox 1554 1530 1738 1622; x_wconf 84' lang='lat' dir='ltr'>Carinus,</span> <span class='ocrx_word' id='word_1_139' title='bbox 1765 1526 1827 1606; x_wconf 83' lang='lat' dir='ltr'>sed</span> <span class='ocrx_word' id='word_1_140' title='bbox 1849 1538 1998 1624; x_wconf 85' lang='lat' dir='ltr'>accidit,</span> <span class='ocrx_word' id='word_1_141' title='bbox 2026 1553 2068 1610; x_wconf 74' lang='lat' dir='ltr'>ut</span> <span class='ocrx_word' id='word_1_142' title='bbox 2088 1546 2141 1608; x_wconf 72' lang='grc' dir='ltr'>ω.</span> 
     </span>
     <span class='ocr_line' id='line_1_14' title="bbox 111 1632 2140 1737; baseline -0.004 -18"><span class='ocrx_word' id='word_1_143' title='bbox 111 1648 199 1719; x_wconf 90' lang='lat' dir='ltr'>dum</span> <span class='ocrx_word' id='word_1_144' title='bbox 225 1667 298 1713; x_wconf 90' lang='lat' dir='ltr'>esse</span> <span class='ocrx_word' id='word_1_145' title='bbox 317 1638 510 1737; x_wconf 85' lang='lat' dir='ltr'>sollicitum</span> <span class='ocrx_word' id='word_1_146' title='bbox 531 1637 722 1733; x_wconf 84' lang='lat' dir='ltr'>significas,</span> <span class='ocrx_word' id='word_1_147' title='bbox 760 1657 957 1729; x_wconf 88' lang='lat' dir='ltr'>cupereque</span> <span class='ocrx_word' id='word_1_148' title='bbox 983 1633 1101 1727; x_wconf 88' lang='lat' dir='ltr'>primo</span> <span class='ocrx_word' id='word_1_149' title='bbox 1153 1642 1233 1708; x_wconf 90' lang='lat' dir='ltr'>dem</span> <span class='ocrx_word' id='word_1_150' title='bbox 1249 1639 1307 1708; x_wconf 91' lang='lat' dir='ltr'>die</span> <span class='ocrx_word' id='word_1_151' title='bbox 1320 1632 1566 1730; x_wconf 77' lang='lat' dir='ltr'>Leodigerius</span> <span class='ocrx_word' id='word_1_152' title='bbox 1589 1639 1657 1708; x_wconf 87' lang='lat' dir='ltr'>iter</span> <span class='ocrx_word' id='word_1_153' title='bbox 1679 1640 1811 1730; x_wconf 89' lang='lat' dir='ltr'>ceperit</span> <span class='ocrx_word' id='word_1_154' title='bbox 1832 1640 1871 1708; x_wconf 91' lang='lat' dir='ltr'>in</span> <span class='ocrx_word' id='word_1_155' title='bbox 1890 1639 2061 1730; x_wconf 87' lang='lat' dir='ltr'>patriam,</span> <span class='ocrx_word' id='word_1_156' title='bbox 2090 1641 2140 1710; x_wconf 88' lang='lat' dir='ltr'>cui</span> 
     </span>
     <span class='ocr_line' id='line_1_15' title="bbox 111 1735 2139 1843; baseline -0.004 -25"><span class='ocrx_word' id='word_1_157' title='bbox 111 1770 253 1843; x_wconf 88' lang='lat' dir='ltr'>quoque</span> <span class='ocrx_word' id='word_1_158' title='bbox 269 1759 428 1834; x_wconf 88' lang='lat' dir='ltr'>tempore</span> <span class='ocrx_word' id='word_1_159' title='bbox 442 1739 627 1810; x_wconf 85' lang='lat' dir='ltr'>certiorem</span> <span class='ocrx_word' id='word_1_160' title='bbox 640 1738 733 1822; x_wconf 89' lang='lat' dir='ltr'>fieri,</span> <span class='ocrx_word' id='word_1_161' title='bbox 759 1762 829 1831; x_wconf 87' lang='lat' dir='ltr'>quo</span> <span class='ocrx_word' id='word_1_162' title='bbox 855 1736 893 1804; x_wconf 92' lang='lat' dir='ltr'>in</span> <span class='ocrx_word' id='word_1_163' title='bbox 913 1740 1005 1805; x_wconf 84' lang='lat' dir='ltr'>statu</span> <span class='ocrx_word' id='word_1_164' title='bbox 1030 1735 1102 1804; x_wconf 91' lang='lat' dir='ltr'>sint</span> <span class='ocrx_word' id='word_1_165' title='bbox 1153 1742 1270 1812; x_wconf 88' lang='lat' dir='ltr'>danda</span> <span class='ocrx_word' id='word_1_166' title='bbox 1292 1741 1362 1811; x_wconf 89' lang='lat' dir='ltr'>fuit</span> <span class='ocrx_word' id='word_1_167' title='bbox 1383 1741 1514 1815; x_wconf 82' lang='lat' dir='ltr'>afferri.</span> <span class='ocrx_word' id='word_1_168' title='bbox 1564 1736 1713 1811; x_wconf 85' lang='lat' dir='ltr'>Interim</span> <span class='ocrx_word' id='word_1_169' title='bbox 1729 1754 1847 1810; x_wconf 86' lang='lat' dir='ltr'>tamen</span> <span class='ocrx_word' id='word_1_170' title='bbox 1865 1741 1986 1827; x_wconf 90' lang='lat' dir='ltr'>iussit,</span> <span class='ocrx_word' id='word_1_171' title='bbox 2012 1757 2053 1812; x_wconf 91' lang='lat' dir='ltr'>ut</span> <span class='ocrx_word' id='word_1_172' title='bbox 2073 1742 2139 1811; x_wconf 88' lang='lat' dir='ltr'>eius</span> 
     </span>
     <span class='ocr_line' id='line_1_16' title="bbox 110 1837 2138 1936; baseline -0.001 -22"><span class='ocrx_word' id='word_1_173' title='bbox 110 1871 234 1920; x_wconf 81' lang='lat' dir='ltr'>omnes</span> <span class='ocrx_word' id='word_1_174' title='bbox 256 1868 311 1917; x_wconf 85' lang='lat' dir='ltr'>res</span> <span class='ocrx_word' id='word_1_175' title='bbox 328 1867 437 1914; x_wconf 83' lang='lat' dir='ltr'>meae.</span> <span class='ocrx_word' id='word_1_176' title='bbox 487 1837 564 1932; x_wconf 84' lang='lat' dir='ltr'>Ego</span> <span class='ocrx_word' id='word_1_177' title='bbox 584 1864 689 1924; x_wconf 88' lang='lat' dir='ltr'>vero,</span> <span class='ocrx_word' id='word_1_178' title='bbox 712 1839 858 1910; x_wconf 90' lang='lat' dir='ltr'>suaviss.</span> <span class='ocrx_word' id='word_1_179' title='bbox 884 1850 1100 1929; x_wconf 86' lang='lat' dir='ltr'>praeceptor,</span> <span class='ocrx_word' id='word_1_180' title='bbox 1152 1843 1297 1912; x_wconf 89' lang='lat' dir='ltr'>nomine</span> <span class='ocrx_word' id='word_1_181' title='bbox 1313 1856 1348 1911; x_wconf 89' lang='lat' dir='ltr'>te</span> <span class='ocrx_word' id='word_1_182' title='bbox 1363 1842 1504 1911; x_wconf 88' lang='lat' dir='ltr'>iubeam</span> <span class='ocrx_word' id='word_1_183' title='bbox 1522 1843 1675 1915; x_wconf 87' lang='lat' dir='ltr'>salutare</span> <span class='ocrx_word' id='word_1_184' title='bbox 1691 1844 1887 1935; x_wconf 83' lang='lat' dir='ltr'>scripturus</span> <span class='ocrx_word' id='word_1_185' title='bbox 1905 1843 2138 1936; x_wconf 85' lang='lat' dir='ltr'>copiosissime</span> 
     </span>
     <span class='ocr_line' id='line_1_17' title="bbox 109 1933 2139 2047; baseline -0.006 -23"><span class='ocrx_word' id='word_1_186' title='bbox 109 1963 305 2039; x_wconf 70' lang='lat' dir='ltr'>nunctum</span> <span class='ocrx_word' id='word_1_187' title='bbox 325 1940 420 2015; x_wconf 78' lang='lat' dir='ltr'>nihil</span> <span class='ocrx_word' id='word_1_188' title='bbox 444 1943 569 2029; x_wconf 73' lang='lat' dir='ltr'>velim,</span> <span class='ocrx_word' id='word_1_189' title='bbox 591 1965 707 2037; x_wconf 79' lang='lat' dir='ltr'>quam</span> <span class='ocrx_word' id='word_1_190' title='bbox 733 1939 801 2010; x_wconf 77' lang='lat' dir='ltr'>tibi</span> <span class='ocrx_word' id='word_1_191' title='bbox 827 1934 897 2029; x_wconf 76' lang='lat' dir='ltr'>hoc</span> <span class='ocrx_word' id='word_1_192' title='bbox 922 1939 1099 2033; x_wconf 76' lang='lat' dir='ltr'>quidquid</span> <span class='ocrx_word' id='word_1_193' title='bbox 1151 1968 1214 2038; x_wconf 74' lang='lat' dir='ltr'>per</span> <span class='ocrx_word' id='word_1_194' title='bbox 1229 1937 1548 2035; x_wconf 76' lang='lat' dir='ltr'>Gloubergerinm.</span> <span class='ocrx_word' id='word_1_195' title='bbox 1599 1943 1779 2015; x_wconf 85' lang='lat' dir='ltr'>Salutabis</span> <span class='ocrx_word' id='word_1_196' title='bbox 1794 1969 1835 2014; x_wconf 87' lang='lat' dir='ltr'>ex</span> <span class='ocrx_word' id='word_1_197' title='bbox 1848 1967 1907 2012; x_wconf 87' lang='lat' dir='ltr'>me</span> <span class='ocrx_word' id='word_1_198' title='bbox 1928 1933 2087 2047; x_wconf 63' lang='lat' dir='ltr'>amicos,¹</span> <span class='ocrx_word' id='word_1_199' title='bbox 2100 1940 2139 2013; x_wconf 88' lang='lat' dir='ltr'>D.</span> 
     </span>
     <span class='ocr_line' id='line_1_18' title="bbox 108 2034 2137 2146; baseline -0.003 -23"><span class='ocrx_word' id='word_1_200' title='bbox 108 2054 177 2124; x_wconf 83' lang='lat' dir='ltr'>luit</span> <span class='ocrx_word' id='word_1_201' title='bbox 191 2052 369 2146; x_wconf 89' lang='lat' dir='ltr'>reliquum</span> <span class='ocrx_word' id='word_1_202' title='bbox 383 2046 521 2116; x_wconf 87' lang='lat' dir='ltr'>itineris</span> <span class='ocrx_word' id='word_1_203' title='bbox 538 2068 578 2114; x_wconf 86' lang='lat' dir='ltr'>ex</span> <span class='ocrx_word' id='word_1_204' title='bbox 595 2038 768 2114; x_wconf 82' lang='lat' dir='ltr'>sententia</span> <span class='ocrx_word' id='word_1_205' title='bbox 783 2042 1007 2125; x_wconf 78' lang='lat' dir='ltr'>successisse,-</span> <span class='ocrx_word' id='word_1_206' title='bbox 1028 2040 1100 2109; x_wconf 84' lang='lat' dir='ltr'>sal·</span> <span class='ocrx_word' id='word_1_207' title='bbox 1151 2040 1356 2130; x_wconf 82' lang='lat' dir='ltr'>Nescnum,</span> <span class='ocrx_word' id='word_1_208' title='bbox 1380 2037 1639 2139; x_wconf 68' lang='lat' dir='ltr'>Iodrkimnm,</span> <span class='ocrx_word' id='word_1_209' title='bbox 1665 2041 1731 2121; x_wconf 81' lang='grc' dir='ltr'>καὶ</span> <span class='ocrx_word' id='word_1_210' title='bbox 1752 2041 1821 2135; x_wconf 76' lang='grc' dir='ltr'>τὸνΙ</span> <span class='ocrx_word' id='word_1_211' title='bbox 1845 2039 1958 2139; x_wconf 81' lang='grc' dir='ltr'>ὑμῶν</span> <span class='ocrx_word' id='word_1_212' title='bbox 1982 2034 2137 2141; x_wconf 65' lang='grc' dir='ltr'><em>Σῳὲερἅ-</em></span> 
     </span>
     <span class='ocr_line' id='line_1_19' title="bbox 109 2139 2138 2249; baseline -0.006 -25"><span class='ocrx_word' id='word_1_213' title='bbox 109 2178 268 2249; x_wconf 64' lang='grc' dir='ltr'>ιἰιιιιιῙιιιιΙ</span> <span class='ocrx_word' id='word_1_214' title='bbox 289 2175 371 2222; x_wconf 90' lang='lat' dir='ltr'>cum</span> <span class='ocrx_word' id='word_1_215' title='bbox 395 2144 540 2219; x_wconf 81' lang='lat' dir='ltr'>caeteris</span> <span class='ocrx_word' id='word_1_216' title='bbox 564 2144 731 2217; x_wconf 90' lang='lat' dir='ltr'>omnibus</span> <span class='ocrx_word' id='word_1_217' title='bbox 759 2144 803 2213; x_wconf 89' lang='lat' dir='ltr'>ad</span> <span class='ocrx_word' id='word_1_218' title='bbox 832 2156 912 2214; x_wconf 87' lang='lat' dir='ltr'>tuos</span> <span class='ocrx_word' id='word_1_219' title='bbox 942 2142 1099 2212; x_wconf 86' lang='lat' dir='ltr'>rediisse.</span> <span class='ocrx_word' id='word_1_220' title='bbox 1149 2173 1237 2241; x_wconf 75' lang='grc' dir='ltr'><strong><em>την,</em></strong></span> <span class='ocrx_word' id='word_1_221' title='bbox 1275 2139 1525 2228; x_wconf 77' lang='lat' dir='ltr'>Michaelcm,</span> <span class='ocrx_word' id='word_1_222' title='bbox 1539 2146 1544 2153; x_wconf 79' lang='grc'><strong>“</strong></span> <span class='ocrx_word' id='word_1_223' title='bbox 1559 2142 1783 2228; x_wconf 78' lang='lat' dir='ltr'>Sebaldur&#39;n,</span> <span class='ocrx_word' id='word_1_224' title='bbox 1815 2144 1874 2217; x_wconf 88' lang='lat' dir='ltr'>cni</span> <span class='ocrx_word' id='word_1_225' title='bbox 1903 2144 2016 2217; x_wconf 81' lang='lat' dir='ltr'>velim</span> <span class='ocrx_word' id='word_1_226' title='bbox 2043 2150 2138 2219; x_wconf 77' lang='lat' dir='ltr'>&#39;curae</span> 
     </span>
     <span class='ocr_line' id='line_1_20' title="bbox 108 2245 2137 2349; baseline -0.008 -16"><span class='ocrx_word' id='word_1_227' title='bbox 108 2254 188 2349; x_wconf 86' lang='lat' dir='ltr'>lpse</span> <span class='ocrx_word' id='word_1_228' title='bbox 203 2255 351 2349; x_wconf 79' lang='lat' dir='ltr'>quidem</span> <span class='ocrx_word' id='word_1_229' title='bbox 367 2248 570 2341; x_wconf 80' lang='lat' dir='ltr'>gravissime</span> <span class='ocrx_word' id='word_1_230' title='bbox 591 2248 677 2334; x_wconf 89' lang='lat' dir='ltr'>tuli,</span> <span class='ocrx_word' id='word_1_231' title='bbox 699 2249 738 2315; x_wconf 90' lang='lat' dir='ltr'>in</span> <span class='ocrx_word' id='word_1_232' title='bbox 761 2245 879 2314; x_wconf 89' lang='lat' dir='ltr'>medio</span> <span class='ocrx_word' id='word_1_233' title='bbox 896 2245 976 2314; x_wconf 78' lang='lat' dir='ltr'>&#39;lece</span> <span class='ocrx_word' id='word_1_234' title='bbox 994 2256 1099 2315; x_wconf 86' lang='lat' dir='ltr'>cursu</span> <span class='ocrx_word' id='word_1_235' title='bbox 1151 2273 1224 2318; x_wconf 86' lang='lat' dir='ltr'>esse</span> <span class='ocrx_word' id='word_1_236' title='bbox 1240 2274 1292 2334; x_wconf 91' lang='lat' dir='ltr'>ea,</span> <span class='ocrx_word' id='word_1_237' title='bbox 1317 2245 1558 2343; x_wconf 81' lang='lat' dir='ltr'>quaeSecerio</span> <span class='ocrx_word' id='word_1_238' title='bbox 1575 2273 1612 2319; x_wconf 88' lang='lat' dir='ltr'>se</span> <span class='ocrx_word' id='word_1_239' title='bbox 1628 2250 1872 2340; x_wconf 74' lang='lat' dir='ltr'>praebiturum</span> <span class='ocrx_word' id='word_1_240' title='bbox 1884 2249 2068 2340; x_wconf 86' lang='lat' dir='ltr'>pollicitus</span> <span class='ocrx_word' id='word_1_241' title='bbox 2085 2264 2137 2333; x_wconf 87' lang='lat' dir='ltr'>est,</span> 
     </span>
     <span class='ocr_line' id='line_1_21' title="bbox 109 2344 2136 2453; baseline -0.005 -25"><span class='ocrx_word' id='word_1_242' title='bbox 109 2372 184 2428; x_wconf 88' lang='lat' dir='ltr'>ate</span> <span class='ocrx_word' id='word_1_243' title='bbox 208 2353 378 2438; x_wconf 88' lang='lat' dir='ltr'>convelli,</span> <span class='ocrx_word' id='word_1_244' title='bbox 409 2365 442 2423; x_wconf 92' lang='lat' dir='ltr'>et</span> <span class='ocrx_word' id='word_1_245' title='bbox 463 2364 638 2444; x_wconf 77' lang='lat' dir='ltr'>tamquam¹</span> <span class='ocrx_word' id='word_1_246' title='bbox 654 2348 694 2417; x_wconf 89' lang='lat' dir='ltr'>in</span> <span class='ocrx_word' id='word_1_247' title='bbox 716 2345 880 2431; x_wconf 83' lang='lat' dir='ltr'>exilium,</span> <span class='ocrx_word' id='word_1_248' title='bbox 910 2347 982 2416; x_wconf 89' lang='lat' dir='ltr'>nisi</span> <span class='ocrx_word' id='word_1_249' title='bbox 1004 2370 1098 2416; x_wconf 85' lang='lat' dir='ltr'>unus</span> <span class='ocrx_word' id='word_1_250' title='bbox 1150 2348 1431 2432; x_wconf 78' lang='lat' dir='ltr'>Sebastianum,</span> <span class='ocrx_word' id='word_1_251' title='bbox 1472 2344 1737 2453; x_wconf 80' lang='lat' dir='ltr'>Reiffcnstein,</span> <span class='ocrx_word' id='word_1_252' title='bbox 1786 2365 1820 2422; x_wconf 92' lang='lat' dir='ltr'>et</span> <span class='ocrx_word' id='word_1_253' title='bbox 1855 2352 1972 2421; x_wconf 91' lang='lat' dir='ltr'>honos</span> <span class='ocrx_word' id='word_1_254' title='bbox 2012 2375 2136 2421; x_wconf 84' lang='lat' dir='ltr'>omnes.</span> 
     </span>
     <span class='ocr_line' id='line_1_22' title="bbox 109 2443 2134 2551; baseline -0.003 -25"><span class='ocrx_word' id='word_1_255' title='bbox 109 2473 170 2530; x_wconf 85' lang='lat' dir='ltr'>aut</span> <span class='ocrx_word' id='word_1_256' title='bbox 188 2459 277 2529; x_wconf 87' lang='lat' dir='ltr'>alter</span> <span class='ocrx_word' id='word_1_257' title='bbox 299 2457 431 2526; x_wconf 87' lang='lat' dir='ltr'>bonam</span> <span class='ocrx_word' id='word_1_258' title='bbox 453 2504 588 2527; x_wconf 91' lang='grc'><strong>......</strong></span> <span class='ocrx_word' id='word_1_259' title='bbox 603 2443 664 2551; x_wconf 75' lang='lat'>**)</span> <span class='ocrx_word' id='word_1_260' title='bbox 686 2464 824 2545; x_wconf 87' lang='lat' dir='ltr'>partem</span> <span class='ocrx_word' id='word_1_261' title='bbox 844 2447 1010 2534; x_wconf 89' lang='lat' dir='ltr'>levasset,</span> <span class='ocrx_word' id='word_1_262' title='bbox 1036 2450 1099 2518; x_wconf 91' lang='lat' dir='ltr'>de-</span> <span class='ocrx_word' id='word_1_263' title='bbox 1151 2452 1238 2523; x_wconf 87' lang='lat' dir='ltr'>Vale</span> <span class='ocrx_word' id='word_1_264' title='bbox 1254 2475 1295 2521; x_wconf 85' lang='lat' dir='ltr'>ex</span> <span class='ocrx_word' id='word_1_265' title='bbox 1309 2452 1538 2523; x_wconf 83' lang='lat' dir='ltr'>Francoford.</span> <span class='ocrx_word' id='word_1_266' title='bbox 1556 2450 1636 2521; x_wconf 71' lang='lat' dir='ltr'>XV,</span> <span class='ocrx_word' id='word_1_267' title='bbox 1655 2451 1761 2526; x_wconf 86' lang='lat' dir='ltr'>lunii.</span> <span class='ocrx_word' id='word_1_268' title='bbox 1806 2451 1950 2543; x_wconf 23' lang='lat' dir='ltr'>Literas·</span> <span class='ocrx_word' id='word_1_269' title='bbox 1958 2476 2049 2546; x_wconf 87' lang='lat' dir='ltr'>quas</span> <span class='ocrx_word' id='word_1_270' title='bbox 2064 2472 2134 2522; x_wconf 84' lang='lat' dir='ltr'>cum</span> 
     </span>
     <span class='ocr_line' id='line_1_23' title="bbox 107 2550 1950 2646; baseline -0.006 -15"><span class='ocrx_word' id='word_1_271' title='bbox 107 2560 198 2634; x_wconf 59' lang='lat' dir='ltr'>seri.v</span> <span class='ocrx_word' id='word_1_272' title='bbox 236 2558 306 2629; x_wconf 87' lang='lat' dir='ltr'>Sed</span> <span class='ocrx_word' id='word_1_273' title='bbox 330 2582 410 2627; x_wconf 90' lang='lat' dir='ltr'>eum</span> <span class='ocrx_word' id='word_1_274' title='bbox 428 2555 531 2624; x_wconf 89' lang='lat' dir='ltr'>aliter</span> <span class='ocrx_word' id='word_1_275' title='bbox 552 2552 629 2623; x_wconf 83' lang='lat' dir='ltr'>lieri</span> <span class='ocrx_word' id='word_1_276' title='bbox 653 2574 728 2623; x_wconf 86' lang='lat' dir='ltr'>non</span> <span class='ocrx_word' id='word_1_277' title='bbox 749 2550 905 2643; x_wconf 87' lang='lat' dir='ltr'>potuisse</span> <span class='ocrx_word' id='word_1_278' title='bbox 927 2550 1098 2640; x_wconf 82' lang='lat' dir='ltr'>intelligo,</span> <span class='ocrx_word' id='word_1_279' title='bbox 1149 2557 1237 2625; x_wconf 89' lang='lat' dir='ltr'>meis</span> <span class='ocrx_word' id='word_1_280' title='bbox 1251 2556 1369 2646; x_wconf 89' lang='lat' dir='ltr'>accepi</span> <span class='ocrx_word' id='word_1_281' title='bbox 1386 2553 1660 2644; x_wconf 80' lang='lat' dir='ltr'>Heidelbergam</span> <span class='ocrx_word' id='word_1_282' title='bbox 1680 2555 1774 2625; x_wconf 89' lang='lat' dir='ltr'>mitti</span> <span class='ocrx_word' id='word_1_283' title='bbox 1789 2555 1950 2623; x_wconf 80' lang='lat' dir='ltr'>mmvi.&#39;</span> 
     </span>
     <span class='ocr_line' id='line_1_24' title="bbox 108 2650 2120 2752; baseline -0.011 -19"><span class='ocrx_word' id='word_1_284' title='bbox 108 2663 195 2733; x_wconf 89' lang='lat' dir='ltr'>boni</span> <span class='ocrx_word' id='word_1_285' title='bbox 212 2685 319 2752; x_wconf 81' lang='lat' dir='ltr'>cogor</span> <span class='ocrx_word' id='word_1_286' title='bbox 336 2657 540 2731; x_wconf 84' lang='lat' dir='ltr'>consulere.&#39;</span> <span class='ocrx_word' id='word_1_287' title='bbox 583 2653 706 2725; x_wconf 84' lang='lat' dir='ltr'>Se&#39;ntio</span> <span class='ocrx_word' id='word_1_288' title='bbox 731 2652 827 2735; x_wconf 85' lang='lat' dir='ltr'>enim</span> <span class='ocrx_word' id='word_1_289' title='bbox 847 2654 1002 2722; x_wconf 90' lang='lat' dir='ltr'>omnino·</span> <span class='ocrx_word' id='word_1_290' title='bbox 1022 2676 1097 2721; x_wconf 90' lang='lat' dir='ltr'>non</span> <span class='ocrx_word' id='word_1_291' title='bbox 1151 2698 1154 2702; x_wconf 95' lang='lat'>-</span> <span class='ocrx_word' id='word_1_292' title='bbox 1264 2690 1281 2699; x_wconf 91' lang='lat'>··</span> <span class='ocrx_word' id='word_1_293' title='bbox 1499 2734 1502 2739; x_wconf 27' lang='grc' dir='ltr'>Ι</span> <span class='ocrx_word' id='word_1_294' title='bbox 1594 2670 1633 2681; x_wconf 81' lang='grc'>·’</span> <span class='ocrx_word' id='word_1_295' title='bbox 1675 2656 1680 2695; x_wconf 86' lang='grc'>·“</span> <span class='ocrx_word' id='word_1_296' title='bbox 1719 2650 2120 2729; x_wconf 59' lang='grc' dir='ltr'>’Τωιῆᾑςὶςρῃς,·</span> 
     </span>
     <span class='ocr_line' id='line_1_25' title="bbox 107 2742 1941 2848; baseline -0.006 -14"><span class='ocrx_word' id='word_1_297' title='bbox 107 2765 309 2834; x_wconf 82' lang='lat' dir='ltr'>faciendum</span> <span class='ocrx_word' id='word_1_298' title='bbox 322 2760 449 2845; x_wconf 87' lang='lat' dir='ltr'>fuisse,</span> <span class='ocrx_word' id='word_1_299' title='bbox 473 2772 514 2829; x_wconf 89' lang='lat' dir='ltr'>ut</span> <span class='ocrx_word' id='word_1_300' title='bbox 528 2780 585 2826; x_wconf 88' lang='lat' dir='ltr'>me</span> <span class='ocrx_word' id='word_1_301' title='bbox 600 2758 862 2848; x_wconf 75' lang='lat' dir='ltr'>ingravescente</span> <span class='ocrx_word' id='word_1_302' title='bbox 879 2755 950 2825; x_wconf 90' lang='lat' dir='ltr'>iam</span> <span class='ocrx_word' id='word_1_303' title='bbox 969 2750 1096 2824; x_wconf 86' lang='lat' dir='ltr'>morbo</span> <span class='ocrx_word' id='word_1_304' title='bbox 1251 2757 1390 2829; x_wconf 87' lang='lat' dir='ltr'>Salutat</span> <span class='ocrx_word' id='word_1_305' title='bbox 1403 2773 1437 2829; x_wconf 88' lang='lat' dir='ltr'>te</span> <span class='ocrx_word' id='word_1_306' title='bbox 1451 2742 1640 2829; x_wconf 69' lang='lat' dir='ltr'>Contad&#39;us</span> <span class='ocrx_word' id='word_1_307' title='bbox 1657 2754 1941 2830; x_wconf 76' lang='lat' dir='ltr'>et‘Clame&#39;rns&#39;.··</span> 
     </span>
     <span class='ocr_line' id='line_1_26' title="bbox 106 2852 2104 2952; baseline -0.012 -15"><span class='ocrx_word' id='word_1_308' title='bbox 106 2879 206 2937; x_wconf 89' lang='lat' dir='ltr'>tanto</span> <span class='ocrx_word' id='word_1_309' title='bbox 229 2864 350 2934; x_wconf 87' lang='lat' dir='ltr'>itineri</span> <span class='ocrx_word' id='word_1_310' title='bbox 373 2860 658 2932; x_wconf 51' lang='lat' dir='ltr'>committerem,</span> <span class='ocrx_word' id='word_1_311' title='bbox 687 2854 737 2928; x_wconf 84' lang='lat' dir='ltr'>Et</span> <span class='ocrx_word' id='word_1_312' title='bbox 761 2859 856 2952; x_wconf 91' lang='lat' dir='ltr'>quod</span> <span class='ocrx_word' id='word_1_313' title='bbox 878 2857 986 2927; x_wconf 82' lang='lat' dir='ltr'>luerit</span> <span class='ocrx_word' id='word_1_314' title='bbox 1006 2852 1097 2924; x_wconf 88' lang='lat' dir='ltr'>mihi</span> <span class='ocrx_word' id='word_1_315' title='bbox 1689 2892 1693 2901; x_wconf 91' lang='lat'>·</span> <span class='ocrx_word' id='word_1_316' title='bbox 1827 2872 1831 2879; x_wconf 90' lang='lat'>·</span> <span class='ocrx_word' id='word_1_317' title='bbox 1887 2886 1892 2899; x_wconf 90' lang='lat'><strong>·</strong></span> <span class='ocrx_word' id='word_1_318' title='bbox 2099 2860 2104 2867; x_wconf 90' lang='lat'>&#39;</span> 
     </span>
     <span class='ocr_line' id='line_1_27' title="bbox 107 2959 2016 3060; baseline -0.011 -22"><span class='ocrx_word' id='word_1_319' title='bbox 107 2992 213 3060; x_wconf 79' lang='lat' dir='ltr'>grave</span> <span class='ocrx_word' id='word_1_320' title='bbox 230 2968 269 3036; x_wconf 91' lang='lat' dir='ltr'>in</span> <span class='ocrx_word' id='word_1_321' title='bbox 282 2963 408 3036; x_wconf 89' lang='lat' dir='ltr'>Hassia</span> <span class='ocrx_word' id='word_1_322' title='bbox 425 2962 557 3033; x_wconf 88' lang='lat' dir='ltr'>alicubi</span> <span class='ocrx_word' id='word_1_323' title='bbox 575 2961 805 3045; x_wconf 85' lang='lat' dir='ltr'>decumbere,</span> <span class='ocrx_word' id='word_1_324' title='bbox 830 2973 931 3049; x_wconf 89' lang='lat' dir='ltr'>putes</span> <span class='ocrx_word' id='word_1_325' title='bbox 951 2960 1026 3051; x_wconf 90' lang='lat' dir='ltr'>ipse</span> <span class='ocrx_word' id='word_1_326' title='bbox 1044 2959 1098 3026; x_wconf 90' lang='lat' dir='ltr'>fa·</span> <span class='ocrx_word' id='word_1_327' title='bbox 1718 3020 1720 3025; x_wconf 83' lang='grc'>,</span> <span class='ocrx_word' id='word_1_328' title='bbox 1769 3020 1772 3027; x_wconf 83' lang='grc'>,</span> <span class='ocrx_word' id='word_1_329' title='bbox 1965 3030 1970 3039; x_wconf 28' lang='lat'><strong><em>¹</em></strong></span> <span class='ocrx_word' id='word_1_330' title='bbox 2012 3042 2016 3049; x_wconf 26' lang='grc'><strong><em>1</em></strong></span> 
     </span>
     <span class='ocr_line' id='line_1_28' title="bbox 108 3061 2091 3193; baseline -0.012 -52"><span class='ocrx_word' id='word_1_331' title='bbox 108 3069 238 3141; x_wconf 90' lang='lat' dir='ltr'>cillime</span> <span class='ocrx_word' id='word_1_332' title='bbox 264 3067 450 3138; x_wconf 83' lang='lat' dir='ltr'>coniicere.</span> <span class='ocrx_word' id='word_1_333' title='bbox 504 3063 610 3136; x_wconf 89' lang='lat' dir='ltr'>Nune</span> <span class='ocrx_word' id='word_1_334' title='bbox 637 3076 778 3159; x_wconf 75' lang='lat' dir='ltr'>tamen,</span> <span class='ocrx_word' id='word_1_335' title='bbox 818 3086 925 3156; x_wconf 90' lang='lat' dir='ltr'>quam</span> <span class='ocrx_word' id='word_1_336' title='bbox 953 3061 1097 3152; x_wconf 89' lang='lat' dir='ltr'>possim,</span> <span class='ocrx_word' id='word_1_337' title='bbox 1199 3091 1509 3190; x_wconf 58' lang='lat' dir='ltr'>(Melanthos</span> <span class='ocrx_word' id='word_1_338' title='bbox 1546 3093 1686 3166; x_wconf 53' lang='lat' dir='ltr'><em>rediit</em></span> <span class='ocrx_word' id='word_1_339' title='bbox 1718 3078 2091 3193; x_wconf 45' lang='lat' dir='ltr'>me&#39;ergamq</span> 
     </span>
     <span class='ocr_line' id='line_1_29' title="bbox 21 3161 1968 3257; baseline -0.011 -16"><span class='ocrx_word' id='word_1_340' title='bbox 21 3214 24 3219; x_wconf 91' lang='lat'>-</span> <span class='ocrx_word' id='word_1_341' title='bbox 106 3196 164 3240; x_wconf 89' lang='lat' dir='ltr'>me</span> <span class='ocrx_word' id='word_1_342' title='bbox 192 3172 278 3240; x_wconf 86' lang='lat' dir='ltr'>seies&#39;</span> <span class='ocrx_word' id='word_1_343' title='bbox 306 3192 429 3239; x_wconf 89' lang='lat' dir='ltr'>curare</span> <span class='ocrx_word' id='word_1_344' title='bbox 451 3165 709 3250; x_wconf 86' lang='lat' dir='ltr'>valetudinem,</span> <span class='ocrx_word' id='word_1_345' title='bbox 747 3188 863 3257; x_wconf 88' lang='lat' dir='ltr'>neque</span> <span class='ocrx_word' id='word_1_346' title='bbox 887 3174 1005 3233; x_wconf 82' lang='lat' dir='ltr'>tamen</span> <span class='ocrx_word' id='word_1_347' title='bbox 1028 3161 1096 3231; x_wconf 88' lang='lat' dir='ltr'>nisi</span> <span class='ocrx_word' id='word_1_348' title='bbox 1777 3228 1792 3241; x_wconf 20' lang='grc' dir='ltr'>Η</span> <span class='ocrx_word' id='word_1_349' title='bbox 1876 3220 1880 3227; x_wconf 89' lang='grc'><strong>,</strong></span> <span class='ocrx_word' id='word_1_350' title='bbox 1962 3234 1968 3241; x_wconf 29' lang='grc' dir='ltr'>ι</span> 
     </span>
     <span class='ocr_line' id='line_1_30' title="bbox 107 3262 2131 3346; baseline -0.011 -3"><span class='ocrx_word' id='word_1_351' title='bbox 107 3275 214 3346; x_wconf 86' lang='lat' dir='ltr'>diem.</span> <span class='ocrx_word' id='word_1_352' title='bbox 263 3269 355 3340; x_wconf 90' lang='lat' dir='ltr'>Nam</span> <span class='ocrx_word' id='word_1_353' title='bbox 372 3268 590 3339; x_wconf 86' lang='lat' dir='ltr'>medicorum</span> <span class='ocrx_word' id='word_1_354' title='bbox 606 3262 724 3335; x_wconf 88' lang='lat' dir='ltr'>adhuc</span> <span class='ocrx_word' id='word_1_355' title='bbox 738 3266 898 3335; x_wconf 88' lang='lat' dir='ltr'>nondum</span> <span class='ocrx_word' id='word_1_356' title='bbox 913 3270 991 3335; x_wconf 79' lang='lat' dir='ltr'>s‘um</span> <span class='ocrx_word' id='word_1_357' title='bbox 1011 3287 1097 3333; x_wconf 89' lang='lat' dir='ltr'>usus</span> <span class='ocrx_word' id='word_1_358' title='bbox 1147 3296 2131 3339; x_wconf 43' lang='lat' dir='ltr'>mmmmm—*m</span> 
     </span>
     <span class='ocr_line' id='line_1_31' title="bbox 107 3362 1096 3466; baseline -0.011 -21"><span class='ocrx_word' id='word_1_359' title='bbox 107 3397 233 3466; x_wconf 86' lang='lat' dir='ltr'>opera,</span> <span class='ocrx_word' id='word_1_360' title='bbox 260 3367 373 3441; x_wconf 90' lang='lat' dir='ltr'>ethis</span> <span class='ocrx_word' id='word_1_361' title='bbox 399 3370 550 3439; x_wconf 85' lang='lat' dir='ltr'>menon</span> <span class='ocrx_word' id='word_1_362' title='bbox 573 3382 703 3438; x_wconf 88' lang='lat' dir='ltr'>temere</span> <span class='ocrx_word' id='word_1_363' title='bbox 724 3367 953 3439; x_wconf 86' lang='lat' dir='ltr'>committam.</span> <span class='ocrx_word' id='word_1_364' title='bbox 976 3362 1096 3436; x_wconf 89' lang='lat' dir='ltr'>··Novi</span> 
     </span>
     <span class='ocr_line' id='line_1_32' title="bbox 109 3462 1096 3561; baseline -0.01 -15"><span class='ocrx_word' id='word_1_365' title='bbox 109 3477 204 3546; x_wconf 88' lang='lat' dir='ltr'>enim</span> <span class='ocrx_word' id='word_1_366' title='bbox 227 3473 312 3545; x_wconf 89' lang='lat' dir='ltr'>istos</span> <span class='ocrx_word' id='word_1_367' title='bbox 329 3462 563 3556; x_wconf 76' lang='lat' dir='ltr'>nolvntidote,</span> <span class='ocrx_word' id='word_1_368' title='bbox 590 3482 713 3540; x_wconf 87' lang='lat' dir='ltr'>tenent</span> <span class='ocrx_word' id='word_1_369' title='bbox 735 3469 874 3561; x_wconf 87' lang='lat' dir='ltr'>siquid</span> <span class='ocrx_word' id='word_1_370' title='bbox 898 3468 1096 3559; x_wconf 81' lang='lat' dir='ltr'>attigerint3</span> 
     </span>
     <span class='ocr_line' id='line_1_33' title="bbox 108 3571 1096 3669; baseline -0.011 -21"><span class='ocrx_word' id='word_1_371' title='bbox 108 3579 249 3669; x_wconf 87' lang='lat' dir='ltr'>iamque</span> <span class='ocrx_word' id='word_1_372' title='bbox 262 3577 362 3659; x_wconf 90' lang='lat' dir='ltr'>adeo,</span> <span class='ocrx_word' id='word_1_373' title='bbox 383 3574 421 3643; x_wconf 92' lang='lat' dir='ltr'>id</span> <span class='ocrx_word' id='word_1_374' title='bbox 437 3575 532 3665; x_wconf 90' lang='lat' dir='ltr'>quod</span> <span class='ocrx_word' id='word_1_375' title='bbox 547 3572 682 3663; x_wconf 89' lang='lat' dir='ltr'>superis</span> <span class='ocrx_word' id='word_1_376' title='bbox 697 3585 877 3660; x_wconf 88' lang='lat' dir='ltr'>acceptum</span> <span class='ocrx_word' id='word_1_377' title='bbox 894 3571 1019 3654; x_wconf 83' lang='lat' dir='ltr'>resero,</span> <span class='ocrx_word' id='word_1_378' title='bbox 1039 3594 1096 3637; x_wconf 90' lang='lat' dir='ltr'>me</span> 
     </span>
     <span class='ocr_line' id='line_1_34' title="bbox 107 3669 1097 3773; baseline -0.011 -24"><span class='ocrx_word' id='word_1_379' title='bbox 107 3680 214 3773; x_wconf 89' lang='lat' dir='ltr'>paulo</span> <span class='ocrx_word' id='word_1_380' title='bbox 228 3677 355 3747; x_wconf 86' lang='lat' dir='ltr'>melius</span> <span class='ocrx_word' id='word_1_381' title='bbox 373 3674 473 3766; x_wconf 87' lang='lat' dir='ltr'>coepi</span> <span class='ocrx_word' id='word_1_382' title='bbox 487 3669 634 3758; x_wconf 90' lang='lat' dir='ltr'>habere,</span> <span class='ocrx_word' id='word_1_383' title='bbox 661 3695 833 3766; x_wconf 87' lang='lat' dir='ltr'>speroque</span> <span class='ocrx_word' id='word_1_384' title='bbox 851 3695 908 3740; x_wconf 88' lang='lat' dir='ltr'>me</span> <span class='ocrx_word' id='word_1_385' title='bbox 928 3672 1029 3742; x_wconf 85' lang='lat' dir='ltr'>brevi</span> <span class='ocrx_word' id='word_1_386' title='bbox 1048 3671 1097 3740; x_wconf 87' lang='lat' dir='ltr'>ita</span> 
     </span>
     <span class='ocr_line' id='line_1_35' title="bbox 107 3772 2129 3879; baseline -0.009 -31"><span class='ocrx_word' id='word_1_387' title='bbox 107 3779 346 3852; x_wconf 88' lang='lat' dir='ltr'>valetudinem</span> <span class='ocrx_word' id='word_1_388' title='bbox 375 3778 609 3859; x_wconf 86' lang='lat' dir='ltr'>refecturum,</span> <span class='ocrx_word' id='word_1_389' title='bbox 647 3798 719 3868; x_wconf 88' lang='lat' dir='ltr'>qno</span> <span class='ocrx_word' id='word_1_390' title='bbox 741 3772 962 3843; x_wconf 84' lang='lat' dir='ltr'>multissimis</span> <span class='ocrx_word' id='word_1_391' title='bbox 992 3773 1098 3844; x_wconf 91' lang='lat' dir='ltr'>etiam</span> <span class='ocrx_word' id='word_1_392' title='bbox 1217 3806 1300 3878; x_wconf 71' lang='lat' dir='ltr'>Epist</span> <span class='ocrx_word' id='word_1_393' title='bbox 1316 3804 1426 3861; x_wconf 50' lang='lat' dir='ltr'>mm,</span> <span class='ocrx_word' id='word_1_394' title='bbox 1453 3826 1481 3879; x_wconf 84' lang='lat' dir='ltr'>p.</span> <span class='ocrx_word' id='word_1_395' title='bbox 1494 3805 1540 3860; x_wconf 72' lang='lat'>⁴5.</span> <span class='ocrx_word' id='word_1_396' title='bbox 1558 3832 1593 3850; x_wconf 72' lang='grc'>,,</span> <span class='ocrx_word' id='word_1_397' title='bbox 1628 3804 2063 3878; x_wconf 62' lang='lat' dir='ltr'>Nuncmntogrsptoiqcod.</span> <span class='ocrx_word' id='word_1_398' title='bbox 2080 3805 2129 3860; x_wconf 52' lang='lat' dir='ltr'>M,</span> 
     </span>
     <span class='ocr_line' id='line_1_36' title="bbox 108 3866 2012 3953; baseline -0.006 -1"><span class='ocrx_word' id='word_1_399' title='bbox 108 3882 291 3953; x_wconf 85' lang='lat' dir='ltr'>laboribus</span> <span class='ocrx_word' id='word_1_400' title='bbox 315 3878 510 3949; x_wconf 79' lang='lat' dir='ltr'>tolerandis</span> <span class='ocrx_word' id='word_1_401' title='bbox 533 3874 715 3947; x_wconf 83' lang='lat' dir='ltr'>sufficiam.</span> <span class='ocrx_word' id='word_1_402' title='bbox 771 3866 1099 3945; x_wconf 81' lang='lat' dir='ltr'>Carinofamilia-</span> <span class='ocrx_word' id='word_1_403' title='bbox 1251 3875 1353 3935; x_wconf 58' lang='lat' dir='ltr'>nant.</span> <span class='ocrx_word' id='word_1_404' title='bbox 1372 3873 1456 3948; x_wconf 57' lang='lat' dir='ltr'>tol·</span> <span class='ocrx_word' id='word_1_405' title='bbox 1555 3946 1559 3952; x_wconf 78' lang='grc'><strong><em>,</em></strong></span> <span class='ocrx_word' id='word_1_406' title='bbox 1664 3920 1668 3951; x_wconf 80' lang='grc'>;</span> <span class='ocrx_word' id='word_1_407' title='bbox 1856 3922 1859 3931; x_wconf 89' lang='grc'>-</span> <span class='ocrx_word' id='word_1_408' title='bbox 1997 3870 2012 3907; x_wconf 79' lang='grc'>’·</span> 
     </span>
     <span class='ocr_line' id='line_1_37' title="bbox 107 3974 1187 4076; baseline -0.009 -22"><span class='ocrx_word' id='word_1_409' title='bbox 107 3984 245 4054; x_wconf 90' lang='lat' dir='ltr'>rissime</span> <span class='ocrx_word' id='word_1_410' title='bbox 260 3994 362 4066; x_wconf 86' lang='lat' dir='ltr'>utor,</span> <span class='ocrx_word' id='word_1_411' title='bbox 381 3982 445 4076; x_wconf 90' lang='lat' dir='ltr'>qui</span> <span class='ocrx_word' id='word_1_412' title='bbox 464 3974 556 4049; x_wconf 91' lang='lat' dir='ltr'>mihi</span> <span class='ocrx_word' id='word_1_413' title='bbox 571 3974 668 4055; x_wconf 77' lang='lat' dir='ltr'>nihil</span> <span class='ocrx_word' id='word_1_414' title='bbox 688 4001 763 4047; x_wconf 91' lang='lat' dir='ltr'>non</span> <span class='ocrx_word' id='word_1_415' title='bbox 783 3978 978 4073; x_wconf 82' lang='lat' dir='ltr'>liberaliter</span> <span class='ocrx_word' id='word_1_416' title='bbox 993 3984 1098 4069; x_wconf 85' lang='lat' dir='ltr'>&#39;prae-</span> <span class='ocrx_word' id='word_1_417' title='bbox 1182 4014 1187 4023; x_wconf 91' lang='lat'><strong>·</strong></span> 
     </span>
     <span class='ocr_line' id='line_1_38' title="bbox 109 4072 2054 4178; baseline -0.011 -21"><span class='ocrx_word' id='word_1_418' title='bbox 109 4101 194 4171; x_wconf 91' lang='lat' dir='ltr'>stat,</span> <span class='ocrx_word' id='word_1_419' title='bbox 219 4106 353 4178; x_wconf 80' lang='lat' dir='ltr'>egoque</span> <span class='ocrx_word' id='word_1_420' title='bbox 368 4085 491 4153; x_wconf 85' lang='lat' dir='ltr'>sedulo</span> <span class='ocrx_word' id='word_1_421' title='bbox 508 4104 653 4173; x_wconf 85' lang='lat' dir='ltr'>operam</span> <span class='ocrx_word' id='word_1_422' title='bbox 667 4080 784 4165; x_wconf 81' lang='lat' dir='ltr'>dabo,</span> <span class='ocrx_word' id='word_1_423' title='bbox 809 4104 855 4149; x_wconf 87' lang='lat' dir='ltr'>ne</span> <span class='ocrx_word' id='word_1_424' title='bbox 870 4078 926 4148; x_wconf 90' lang='lat' dir='ltr'>illi</span> <span class='ocrx_word' id='word_1_425' title='bbox 942 4072 1097 4148; x_wconf 73' lang='lat' dir='ltr'>vicissim</span> <span class='ocrx_word' id='word_1_426' title='bbox 1863 4158 1866 4175; x_wconf 41' lang='grc' dir='ltr'>Ι</span> <span class='ocrx_word' id='word_1_427' title='bbox 2049 4156 2054 4161; x_wconf 30' lang='lat'>¹</span> 
     </span>
     <span class='ocr_line' id='line_1_39' title="bbox 108 4163 2131 4277; baseline -0.003 -19"><span class='ocrx_word' id='word_1_428' title='bbox 108 4190 147 4258; x_wconf 89' lang='lat' dir='ltr'>in</span> <span class='ocrx_word' id='word_1_429' title='bbox 173 4188 245 4259; x_wconf 88' lang='lat' dir='ltr'>ulla</span> <span class='ocrx_word' id='word_1_430' title='bbox 270 4185 378 4257; x_wconf 88' lang='lat' dir='ltr'>officii</span> <span class='ocrx_word' id='word_1_431' title='bbox 400 4196 498 4277; x_wconf 84' lang='lat' dir='ltr'>parte</span> <span class='ocrx_word' id='word_1_432' title='bbox 519 4182 671 4253; x_wconf 81' lang='lat' dir='ltr'>defuisse</span> <span class='ocrx_word' id='word_1_433' title='bbox 691 4182 824 4254; x_wconf 87' lang='lat' dir='ltr'>videar.</span> <span class='ocrx_word' id='word_1_434' title='bbox 886 4178 978 4252; x_wconf 85' lang='lat' dir='ltr'>Nam</span> <span class='ocrx_word' id='word_1_435' title='bbox 1003 4183 1098 4274; x_wconf 89' lang='lat' dir='ltr'>quod</span> <span class='ocrx_word' id='word_1_436' title='bbox 1149 4163 1194 4254; x_wconf 82' lang='lat' dir='ltr'>S</span> <span class='ocrx_word' id='word_1_437' title='bbox 1243 4182 1344 4255; x_wconf 91' lang='lat' dir='ltr'>Bona</span> <span class='ocrx_word' id='word_1_438' title='bbox 1361 4207 1440 4276; x_wconf 87' lang='lat' dir='ltr'>spes</span> <span class='ocrx_word' id='word_1_439' title='bbox 1458 4199 1554 4268; x_wconf 84' lang='lat' dir='ltr'>erat,</span> <span class='ocrx_word' id='word_1_440' title='bbox 1572 4185 1751 4272; x_wconf 80' lang='lat' dir='ltr'>fore,·ut,</span> <span class='ocrx_word' id='word_1_441' title='bbox 1774 4195 1961 4277; x_wconf 86' lang='lat' dir='ltr'>postquam</span> <span class='ocrx_word' id='word_1_442' title='bbox 1985 4209 2006 4255; x_wconf 85' lang='lat' dir='ltr'>e</span> <span class='ocrx_word' id='word_1_443' title='bbox 2032 4183 2131 4276; x_wconf 86' lang='lat' dir='ltr'>patria</span> 
     </span>
     <span class='ocr_line' id='line_1_40' title="bbox 109 4281 2130 4382; baseline -0.002 -21"><span class='ocrx_word' id='word_1_444' title='bbox 109 4294 155 4361; x_wconf 88' lang='lat' dir='ltr'>ad</span> <span class='ocrx_word' id='word_1_445' title='bbox 178 4283 318 4382; x_wconf 77' lang='grc' dir='ltr'><strong><em>σχόλαν</em></strong></span> <span class='ocrx_word' id='word_1_446' title='bbox 339 4287 481 4370; x_wconf 90' lang='lat' dir='ltr'>attinet,</span> <span class='ocrx_word' id='word_1_447' title='bbox 507 4294 680 4377; x_wconf 88' lang='lat' dir='ltr'>quantum</span> <span class='ocrx_word' id='word_1_448' title='bbox 703 4298 767 4374; x_wconf 91' lang='lat' dir='ltr'>per</span> <span class='ocrx_word' id='word_1_449' title='bbox 788 4283 1030 4377; x_wconf 83' lang='lat' dir='ltr'>valetudinem</span> <span class='ocrx_word' id='word_1_450' title='bbox 1054 4283 1101 4350; x_wconf 87' lang='lat' dir='ltr'>li-</span> <span class='ocrx_word' id='word_1_451' title='bbox 1150 4287 1351 4370; x_wconf 86' lang='lat' dir='ltr'>rediissem,</span> <span class='ocrx_word' id='word_1_452' title='bbox 1378 4284 1628 4376; x_wconf 78' lang='lat' dir='ltr'>Wittobergae</span> <span class='ocrx_word' id='word_1_453' title='bbox 1652 4300 1686 4356; x_wconf 93' lang='lat' dir='ltr'>te</span> <span class='ocrx_word' id='word_1_454' title='bbox 1711 4285 1922 4360; x_wconf 84' lang='lat' dir='ltr'>invenirem.</span> <span class='ocrx_word' id='word_1_455' title='bbox 1974 4281 2031 4355; x_wconf 85' lang='lat' dir='ltr'>Ea</span> <span class='ocrx_word' id='word_1_456' title='bbox 2054 4287 2130 4357; x_wconf 85' lang='lat' dir='ltr'>adeo</span> 
     </span>
     <span class='ocr_line' id='line_1_41' title="bbox 110 4386 2132 4483; baseline -0.004 -21"><span class='ocrx_word' id='word_1_457' title='bbox 110 4392 218 4476; x_wconf 89' lang='lat' dir='ltr'>eebit,</span> <span class='ocrx_word' id='word_1_458' title='bbox 243 4413 428 4483; x_wconf 86' lang='lat' dir='ltr'>nunquam</span> <span class='ocrx_word' id='word_1_459' title='bbox 441 4388 502 4456; x_wconf 89' lang='lat' dir='ltr'>ille</span> <span class='ocrx_word' id='word_1_460' title='bbox 520 4386 734 4457; x_wconf 88' lang='lat' dir='ltr'>desiderabit</span> <span class='ocrx_word' id='word_1_461' title='bbox 747 4408 862 4456; x_wconf 90' lang='lat' dir='ltr'>meam</span> <span class='ocrx_word' id='word_1_462' title='bbox 878 4386 917 4453; x_wconf 91' lang='lat' dir='ltr'>in</span> <span class='ocrx_word' id='word_1_463' title='bbox 937 4406 1102 4453; x_wconf 85' lang='lat' dir='ltr'>exercen-</span> <span class='ocrx_word' id='word_1_464' title='bbox 1151 4388 1294 4471; x_wconf 83' lang='lat' dir='ltr'>fefellit,</span> <span class='ocrx_word' id='word_1_465' title='bbox 1317 4388 1493 4459; x_wconf 78' lang='lat' dir='ltr'>utliteras</span> <span class='ocrx_word' id='word_1_466' title='bbox 1507 4389 1611 4465; x_wconf 82' lang='lat' dir='ltr'>etiam</span> <span class='ocrx_word' id='word_1_467' title='bbox 1631 4387 1681 4456; x_wconf 91' lang='lat' dir='ltr'>ibi</span> <span class='ocrx_word' id='word_1_468' title='bbox 1698 4387 1921 4477; x_wconf 84' lang='lat' dir='ltr'>acceperim,¹</span> <span class='ocrx_word' id='word_1_469' title='bbox 1936 4388 2070 4480; x_wconf 87' lang='lat' dir='ltr'>quihus</span> <span class='ocrx_word' id='word_1_470' title='bbox 2086 4407 2132 4455; x_wconf 83' lang='lat' dir='ltr'>mt</span> 
     </span>
     <span class='ocr_line' id='line_1_42' title="bbox 111 4484 2133 4585; baseline -0.004 -22"><span class='ocrx_word' id='word_1_471' title='bbox 111 4493 167 4564; x_wconf 90' lang='lat' dir='ltr'>dis</span> <span class='ocrx_word' id='word_1_472' title='bbox 182 4492 301 4585; x_wconf 86' lang='lat' dir='ltr'>pueris</span> <span class='ocrx_word' id='word_1_473' title='bbox 319 4514 473 4581; x_wconf 89' lang='lat' dir='ltr'>operam.</span> <span class='ocrx_word' id='word_1_474' title='bbox 523 4484 647 4583; x_wconf 87' lang='lat' dir='ltr'>Neque</span> <span class='ocrx_word' id='word_1_475' title='bbox 664 4487 760 4555; x_wconf 90' lang='lat' dir='ltr'>enim</span> <span class='ocrx_word' id='word_1_476' title='bbox 776 4487 964 4581; x_wconf 87' lang='lat' dir='ltr'>quicquam</span> <span class='ocrx_word' id='word_1_477' title='bbox 981 4511 1100 4557; x_wconf 86' lang='lat' dir='ltr'>rerum</span> <span class='ocrx_word' id='word_1_478' title='bbox 1151 4486 1399 4581; x_wconf 79' lang='lat' dir='ltr'>Noribergam</span> <span class='ocrx_word' id='word_1_479' title='bbox 1421 4489 1561 4559; x_wconf 81' lang='lat' dir='ltr'>invitas.</span> <span class='ocrx_word' id='word_1_480' title='bbox 1614 4488 1728 4560; x_wconf 67' lang='lat' dir='ltr'>Video</span> <span class='ocrx_word' id='word_1_481' title='bbox 1749 4488 1854 4578; x_wconf 84' lang='lat' dir='ltr'>plane</span> <span class='ocrx_word' id='word_1_482' title='bbox 1877 4501 1912 4565; x_wconf 87' lang='lat' dir='ltr'>te</span> <span class='ocrx_word' id='word_1_483' title='bbox 1935 4489 2039 4559; x_wconf 89' lang='lat' dir='ltr'>domi</span> <span class='ocrx_word' id='word_1_484' title='bbox 2057 4484 2133 4559; x_wconf 79' lang='lat' dir='ltr'>hae·</span> 
     </span>
     <span class='ocr_line' id='line_1_43' title="bbox 110 4588 2134 4684; baseline -0.004 -18"><span class='ocrx_word' id='word_1_485' title='bbox 110 4595 273 4666; x_wconf 89' lang='lat' dir='ltr'>omnium</span> <span class='ocrx_word' id='word_1_486' title='bbox 298 4592 412 4684; x_wconf 87' lang='lat' dir='ltr'>pluris</span> <span class='ocrx_word' id='word_1_487' title='bbox 434 4590 525 4661; x_wconf 85' lang='lat' dir='ltr'>facio</span> <span class='ocrx_word' id='word_1_488' title='bbox 549 4591 731 4659; x_wconf 90' lang='lat' dir='ltr'>literarum</span> <span class='ocrx_word' id='word_1_489' title='bbox 754 4588 893 4674; x_wconf 68' lang='lat' dir='ltr'>studio,</span> <span class='ocrx_word' id='word_1_490' title='bbox 927 4588 1102 4682; x_wconf 89' lang='lat' dir='ltr'>cupioque</span> <span class='ocrx_word' id='word_1_491' title='bbox 1152 4616 1275 4663; x_wconf 88' lang='lat' dir='ltr'>surum</span> <span class='ocrx_word' id='word_1_492' title='bbox 1298 4614 1390 4675; x_wconf 88' lang='lat' dir='ltr'>esse,</span> <span class='ocrx_word' id='word_1_493' title='bbox 1422 4592 1519 4683; x_wconf 88' lang='lat' dir='ltr'>quod</span> <span class='ocrx_word' id='word_1_494' title='bbox 1540 4592 1635 4661; x_wconf 87' lang='lat' dir='ltr'>bono</span> <span class='ocrx_word' id='word_1_495' title='bbox 1657 4589 1816 4682; x_wconf 88' lang='lat' dir='ltr'>optarim·</span> <span class='ocrx_word' id='word_1_496' title='bbox 1832 4602 1894 4660; x_wconf 89' lang='lat' dir='ltr'>tuo</span> <span class='ocrx_word' id='word_1_497' title='bbox 1918 4589 2012 4663; x_wconf 73' lang='lat' dir='ltr'>fieri.</span> <span class='ocrx_word' id='word_1_498' title='bbox 2075 4588 2134 4661; x_wconf 81' lang='lat' dir='ltr'>Per</span> 
     </span>
     <span class='ocr_line' id='line_1_44' title="bbox 110 4688 2134 4787; baseline -0.005 -17"><span class='ocrx_word' id='word_1_499' title='bbox 110 4698 206 4770; x_wconf 91' lang='lat' dir='ltr'>ultro</span> <span class='ocrx_word' id='word_1_500' title='bbox 224 4720 314 4775; x_wconf 91' lang='lat' dir='ltr'>mea,</span> <span class='ocrx_word' id='word_1_501' title='bbox 338 4693 368 4763; x_wconf 90' lang='lat' dir='ltr'>si</span> <span class='ocrx_word' id='word_1_502' title='bbox 386 4708 537 4787; x_wconf 90' lang='lat' dir='ltr'>quaest,</span> <span class='ocrx_word' id='word_1_503' title='bbox 560 4688 746 4777; x_wconf 87' lang='lat' dir='ltr'>industria,</span> <span class='ocrx_word' id='word_1_504' title='bbox 771 4692 1100 4761; x_wconf 85' lang='lat' dir='ltr'>bonosomnesad-</span> <span class='ocrx_word' id='word_1_505' title='bbox 1153 4688 1323 4764; x_wconf 83' lang='lat' dir='ltr'>Francos</span> <span class='ocrx_word' id='word_1_506' title='bbox 1342 4716 1418 4761; x_wconf 92' lang='lat' dir='ltr'>non</span> <span class='ocrx_word' id='word_1_507' title='bbox 1438 4692 1541 4762; x_wconf 88' lang='lat' dir='ltr'>licuit</span> <span class='ocrx_word' id='word_1_508' title='bbox 1564 4693 1632 4763; x_wconf 89' lang='lat' dir='ltr'>iter</span> <span class='ocrx_word' id='word_1_509' title='bbox 1652 4694 1785 4774; x_wconf 82' lang='lat' dir='ltr'>lacere,</span> <span class='ocrx_word' id='word_1_510' title='bbox 1823 4691 1962 4761; x_wconf 86' lang='lat' dir='ltr'>tametsi</span> <span class='ocrx_word' id='word_1_511' title='bbox 1986 4692 2134 4784; x_wconf 81' lang='lat' dir='ltr'>impense</span> 
     </span>
     <span class='ocr_line' id='line_1_45' title="bbox 110 4786 2135 4889; baseline -0.006 -18"><span class='ocrx_word' id='word_1_512' title='bbox 110 4801 216 4873; x_wconf 85' lang='lat' dir='ltr'>iutos.</span> <span class='ocrx_word' id='word_1_513' title='bbox 279 4796 392 4868; x_wconf 90' lang='lat' dir='ltr'>Porro</span> <span class='ocrx_word' id='word_1_514' title='bbox 423 4791 699 4888; x_wconf 87' lang='lat' dir='ltr'>haudquaquam</span> <span class='ocrx_word' id='word_1_515' title='bbox 728 4806 814 4884; x_wconf 92' lang='lat' dir='ltr'>puto</span> <span class='ocrx_word' id='word_1_516' title='bbox 847 4794 1029 4873; x_wconf 87' lang='lat' dir='ltr'>futurum,</span> <span class='ocrx_word' id='word_1_517' title='bbox 1062 4805 1103 4863; x_wconf 87' lang='lat' dir='ltr'>ut</span> <span class='ocrx_word' id='word_1_518' title='bbox 1153 4797 1340 4889; x_wconf 91' lang='lat' dir='ltr'>cupiebam</span> <span class='ocrx_word' id='word_1_519' title='bbox 1362 4786 1559 4863; x_wconf 73' lang='lat' dir='ltr'>Ioactimi-</span> <span class='ocrx_word' id='word_1_520' title='bbox 1578 4808 1721 4885; x_wconf 86' lang='lat' dir='ltr'>penates</span> <span class='ocrx_word' id='word_1_521' title='bbox 1750 4791 1921 4877; x_wconf 87' lang='lat' dir='ltr'>salutare,</span> <span class='ocrx_word' id='word_1_522' title='bbox 1961 4806 1999 4863; x_wconf 85' lang='lat' dir='ltr'>et</span> <span class='ocrx_word' id='word_1_523' title='bbox 2025 4795 2057 4865; x_wconf 89' lang='lat' dir='ltr'>is</span> <span class='ocrx_word' id='word_1_524' title='bbox 2079 4814 2135 4863; x_wconf 84' lang='lat' dir='ltr'>nos</span> 
     </span>
     <span class='ocr_line' id='line_1_46' title="bbox 112 4889 2136 4987; baseline -0.004 -14"><span class='ocrx_word' id='word_1_525' title='bbox 112 4901 371 4972; x_wconf 86' lang='lat' dir='ltr'>immodestiam</span> <span class='ocrx_word' id='word_1_526' title='bbox 387 4914 448 4968; x_wconf 89' lang='lat' dir='ltr'>aut</span> <span class='ocrx_word' id='word_1_527' title='bbox 462 4897 572 4967; x_wconf 91' lang='lat' dir='ltr'>animi</span> <span class='ocrx_word' id='word_1_528' title='bbox 587 4895 861 4965; x_wconf 87' lang='lat' dir='ltr'>illiberalitatem</span> <span class='ocrx_word' id='word_1_529' title='bbox 881 4896 918 4963; x_wconf 90' lang='lat' dir='ltr'>in</span> <span class='ocrx_word' id='word_1_530' title='bbox 935 4894 1103 4987; x_wconf 89' lang='lat' dir='ltr'>mequis-</span> <span class='ocrx_word' id='word_1_531' title='bbox 1153 4897 1391 4968; x_wconf 90' lang='lat' dir='ltr'>amantissime</span> <span class='ocrx_word' id='word_1_532' title='bbox 1438 4894 1621 4966; x_wconf 82' lang='lat' dir='ltr'>invitabat.</span> <span class='ocrx_word' id='word_1_533' title='bbox 1698 4893 1842 4963; x_wconf 87' lang='lat' dir='ltr'>Verum.</span> <span class='ocrx_word' id='word_1_534' title='bbox 1870 4889 2043 4967; x_wconf 70' lang='lat' dir='ltr'>Nasones</span> <span class='ocrx_word' id='word_1_535' title='bbox 2079 4914 2136 4965; x_wconf 85' lang='lat' dir='ltr'>nos</span> 
     </span>
     <span class='ocr_line' id='line_1_47' title="bbox 113 4990 2135 5101; baseline -0.004 -27"><span class='ocrx_word' id='word_1_536' title='bbox 113 5030 219 5101; x_wconf 89' lang='lat' dir='ltr'>quam</span> <span class='ocrx_word' id='word_1_537' title='bbox 238 4997 482 5097; x_wconf 87' lang='lat' dir='ltr'>reprehendet.</span> <span class='ocrx_word' id='word_1_538' title='bbox 533 4998 613 5071; x_wconf 91' lang='lat' dir='ltr'>Scio</span> <span class='ocrx_word' id='word_1_539' title='bbox 633 4998 729 5089; x_wconf 89' lang='lat' dir='ltr'>ipse,</span> <span class='ocrx_word' id='word_1_540' title='bbox 758 4999 889 5067; x_wconf 86' lang='lat' dir='ltr'>virtute</span> <span class='ocrx_word' id='word_1_541' title='bbox 913 4990 1007 5065; x_wconf 90' lang='lat' dir='ltr'>nihil</span> <span class='ocrx_word' id='word_1_542' title='bbox 1030 5018 1102 5064; x_wconf 88' lang='lat' dir='ltr'>esse</span> <span class='ocrx_word' id='word_1_543' title='bbox 1154 4998 1443 5071; x_wconf 78' lang='lat' dir='ltr'>Francofordiam</span> <span class='ocrx_word' id='word_1_544' title='bbox 1467 4999 1629 5081; x_wconf 77' lang='lat' dir='ltr'>retraxit,</span> <span class='ocrx_word' id='word_1_545' title='bbox 1663 5009 1696 5066; x_wconf 87' lang='lat' dir='ltr'>et</span> <span class='ocrx_word' id='word_1_546' title='bbox 1722 5018 1787 5086; x_wconf 76' lang='lat' dir='ltr'>ego</span> <span class='ocrx_word' id='word_1_547' title='bbox 1807 4998 1978 5093; x_wconf 78' lang='lat' dir='ltr'>verebar,</span> <span class='ocrx_word' id='word_1_548' title='bbox 2003 5014 2135 5091; x_wconf 84' lang='lat' dir='ltr'>nequa</span> 
     </span>
    </p>

    <p class='ocr_par' dir='ltr' id='par_1_5' title="bbox 1154 5097 2136 5192">
     <span class='ocr_line' id='line_1_48' title="bbox 1154 5097 2136 5192; baseline -0.007 -20"><span class='ocrx_word' id='word_1_549' title='bbox 1154 5104 1285 5172; x_wconf 86' lang='lat' dir='ltr'>amicos</span> <span class='ocrx_word' id='word_1_550' title='bbox 1299 5103 1395 5192; x_wconf 88' lang='lat' dir='ltr'>apud</span> <span class='ocrx_word' id='word_1_551' title='bbox 1412 5123 1475 5168; x_wconf 85' lang='lat' dir='ltr'>vos</span> <span class='ocrx_word' id='word_1_552' title='bbox 1488 5098 1624 5167; x_wconf 88' lang='lat' dir='ltr'>invidia</span> <span class='ocrx_word' id='word_1_553' title='bbox 1639 5121 1842 5182; x_wconf 87' lang='lat' dir='ltr'>onerarem,</span> <span class='ocrx_word' id='word_1_554' title='bbox 1867 5097 1931 5192; x_wconf 89' lang='lat' dir='ltr'>qui</span> <span class='ocrx_word' id='word_1_555' title='bbox 1946 5098 2066 5169; x_wconf 87' lang='lat' dir='ltr'>obiter</span> <span class='ocrx_word' id='word_1_556' title='bbox 2082 5098 2136 5168; x_wconf 88' lang='lat' dir='ltr'>ad·</span> 
     </span>
    </p>
   </div>
   <div class='ocr_carea' id='block_1_5' title="bbox 113 1040 1103 1177">
    <p class='ocr_par' dir='ltr' id='par_1_6' title="bbox 113 1040 1103 1177">
     <span class='ocr_line' id='line_1_49' title="bbox 113 1040 1103 1177; baseline -0.016 -17"><span class='ocrx_word' id='word_1_557' title='bbox 113 1040 282 1160; x_wconf 83' lang='lat' dir='ltr'>Domino</span> <span class='ocrx_word' id='word_1_558' title='bbox 314 1042 542 1177; x_wconf 76' lang='lat' dir='ltr'>Philippo</span> <span class='ocrx_word' id='word_1_559' title='bbox 582 1069 954 1157; x_wconf 79' lang='lat' dir='ltr'>Melancdthonr‘</span> <span class='ocrx_word' id='word_1_560' title='bbox 991 1097 1103 1173; x_wconf 84' lang='lat' dir='ltr'>proe-</span> 
     </span>
    </p>
   </div>
   <div class='ocr_carea' id='block_1_6' title="bbox 423 1178 848 1279">
    <p class='ocr_par' dir='ltr' id='par_1_7' title="bbox 423 1178 848 1279">
     <span class='ocr_line' id='line_1_50' title="bbox 423 1178 848 1279; baseline -0.012 -27"><span class='ocrx_word' id='word_1_561' title='bbox 423 1195 426 1201; x_wconf 89' lang='lat'>&#39;</span> <span class='ocrx_word' id='word_1_562' title='bbox 484 1178 617 1279; x_wconf 79' lang='lat' dir='ltr'>captori</span> <span class='ocrx_word' id='word_1_563' title='bbox 648 1192 727 1254; x_wconf 84' lang='lat' dir='ltr'>sno.</span> <span class='ocrx_word' id='word_1_564' title='bbox 844 1222 848 1227; x_wconf 93' lang='lat'><em>-</em></span> 
     </span>
    </p>
   </div>
   <div class='ocr_carea' id='block_1_7' title="bbox 1157 3400 2107 3523">
    <p class='ocr_par' dir='ltr' id='par_1_8' title="bbox 1157 3400 2107 3523">
     <span class='ocr_line' id='line_1_51' title="bbox 1157 3400 2107 3523; baseline -0.004 -20"><span class='ocrx_word' id='word_1_565' title='bbox 1157 3430 1326 3505; x_wconf 71' lang='lat' dir='ltr'>maro.</span> <span class='ocrx_word' id='word_1_566' title='bbox 1546 3428 1558 3521; x_wconf 70' lang='grc' dir='ltr'>ζ</span> <span class='ocrx_word' id='word_1_567' title='bbox 1597 3426 1601 3433; x_wconf 89' lang='grc'><strong><em>·</em></strong></span> <span class='ocrx_word' id='word_1_568' title='bbox 1679 3400 2107 3523; x_wconf 49' lang='lat' dir='ltr'>s·&#39;³,·²·*&#39;‘(&#39;a,sln&#39;1a.)</span> 
     </span>
    </p>
   </div>
   <div class='ocr_carea' id='block_1_8' title="bbox 1389 3590 2027 3739">
    <p class='ocr_par' dir='ltr' id='par_1_9' title="bbox 1389 3590 2027 3739">
     <span class='ocr_line' id='line_1_52' title="bbox 1389 3590 2027 3739; baseline -0.002 -42"><span class='ocrx_word' id='word_1_569' title='bbox 1389 3608 1507 3699; x_wconf 72' lang='lat' dir='ltr'>Hier.</span> <span class='ocrx_word' id='word_1_570' title='bbox 1527 3590 1899 3727; x_wconf 71' lang='lat' dir='ltr'>&#39;BatimgortnerO.</span> <span class='ocrx_word' id='word_1_571' title='bbox 1988 3624 2027 3739; x_wconf 29' lang='lat'>⁵·</span> 
     </span>
    </p>
   </div>
   <div class='ocr_carea' id='block_1_9' title="bbox 146 5291 2138 5508">
    <p class='ocr_par' dir='ltr' id='par_1_10' title="bbox 146 5291 2138 5508">
     <span class='ocr_line' id='line_1_53' title="bbox 254 5292 1085 5324; baseline -0.006 -9"><span class='ocrx_word' id='word_1_572' title='bbox 254 5300 260 5315; x_wconf 87' lang='grc' dir='ltr'>Ι</span> <span class='ocrx_word' id='word_1_573' title='bbox 483 5296 490 5309; x_wconf 73' lang='lat'>0</span> <span class='ocrx_word' id='word_1_574' title='bbox 504 5297 510 5308; x_wconf 79' lang='lat'>⁸</span> <span class='ocrx_word' id='word_1_575' title='bbox 647 5295 653 5309; x_wconf 77' lang='lat'>⁸</span> <span class='ocrx_word' id='word_1_576' title='bbox 814 5296 821 5308; x_wconf 69' lang='grc' dir='ltr'><strong>θ</strong></span> <span class='ocrx_word' id='word_1_577' title='bbox 1047 5292 1058 5324; x_wconf 81' lang='grc'><strong>)</strong></span> <span class='ocrx_word' id='word_1_578' title='bbox 1079 5293 1085 5305; x_wconf 79' lang='lat'>¹</span> 
     </span>
     <span class='ocr_line' id='line_1_54' title="bbox 147 5291 2138 5448; baseline -0.003 -28"><span class='ocrx_word' id='word_1_579' title='bbox 147 5296 581 5448; x_wconf 48' lang='lat' dir='ltr'>l)lillisis!liliiirdsguru“iiiiiiilimm⁸</span> <span class='ocrx_word' id='word_1_580' title='bbox 602 5295 666 5350; x_wconf 52' lang='lat' dir='ltr'>stell</span> <span class='ocrx_word' id='word_1_581' title='bbox 684 5294 882 5447; x_wconf 35' lang='lat' dir='ltr'>paninum,</span> <span class='ocrx_word' id='word_1_582' title='bbox 908 5303 1018 5350; x_wconf 57' lang='lat' dir='ltr'>amore</span> <span class='ocrx_word' id='word_1_583' title='bbox 1036 5291 1103 5346; x_wconf 45' lang='lat' dir='ltr'>lh!-</span> <span class='ocrx_word' id='word_1_584' title='bbox 1187 5366 1215 5433; x_wconf 88' lang='lat'>*)</span> <span class='ocrx_word' id='word_1_585' title='bbox 1239 5362 1415 5444; x_wconf 68' lang='lat' dir='ltr'>Desideratur</span> <span class='ocrx_word' id='word_1_586' title='bbox 1435 5363 1479 5419; x_wconf 87' lang='lat' dir='ltr'>hic</span> <span class='ocrx_word' id='word_1_587' title='bbox 1500 5365 1628 5426; x_wconf 84' lang='lat' dir='ltr'>verbum.</span> <span class='ocrx_word' id='word_1_588' title='bbox 1661 5364 1736 5436; x_wconf 88' lang='lat' dir='ltr'>quod</span> <span class='ocrx_word' id='word_1_589' title='bbox 1755 5364 1914 5419; x_wconf 60' lang='lat' dir='ltr'>franciscus</span> <span class='ocrx_word' id='word_1_590' title='bbox 1936 5363 2076 5436; x_wconf 81' lang='lat' dir='ltr'>adponere</span> <span class='ocrx_word' id='word_1_591' title='bbox 2097 5380 2138 5417; x_wconf 81' lang='lat' dir='ltr'>ne·</span> 
     </span>
     <span class='ocr_line' id='line_1_55' title="bbox 146 5388 1311 5508; baseline -0.006 -15"><span class='ocrx_word' id='word_1_592' title='bbox 146 5438 193 5508; x_wconf 44' lang='grc' dir='ltr'>Ἀ)</span> <span class='ocrx_word' id='word_1_593' title='bbox 204 5388 319 5508; x_wconf 69' lang='lat' dir='ltr'>lagitur</span> <span class='ocrx_word' id='word_1_594' title='bbox 333 5438 413 5491; x_wconf 79' lang='lat' dir='ltr'>nedir&#39;</span> <span class='ocrx_word' id='word_1_595' title='bbox 423 5446 469 5492; x_wconf 86' lang='lat' dir='ltr'>aut</span> <span class='ocrx_word' id='word_1_596' title='bbox 482 5434 574 5500; x_wconf 64' lang='lat' dir='ltr'>teredii,¹</span> <span class='ocrx_word' id='word_1_597' title='bbox 591 5434 667 5507; x_wconf 84' lang='lat' dir='ltr'>quod</span> <span class='ocrx_word' id='word_1_598' title='bbox 681 5434 746 5507; x_wconf 84' lang='lat' dir='ltr'>quid</span> <span class='ocrx_word' id='word_1_599' title='bbox 760 5444 794 5490; x_wconf 82' lang='grc' dir='ltr'>ιιι</span> <span class='ocrx_word' id='word_1_600' title='bbox 809 5432 921 5490; x_wconf 84' lang='lat' dir='ltr'>delinire</span> <span class='ocrx_word' id='word_1_601' title='bbox 934 5432 1012 5493; x_wconf 86' lang='lat' dir='ltr'>nolo.</span> <span class='ocrx_word' id='word_1_602' title='bbox 1222 5434 1311 5505; x_wconf 77' lang='lat' dir='ltr'>glent.</span> 
     </span>
    </p>
   </div>
   <div class='ocr_carea' id='block_1_10' title="bbox 0 0 2254 5781">
    <p class='ocr_par' dir='ltr' id='par_1_11' title="bbox 0 0 2254 5781">
     <span class='ocr_line' id='line_1_56' title="bbox 0 0 2254 5781; baseline 0 0"><span class='ocrx_word' id='word_1_603' title='bbox 0 0 2254 5781; x_wconf 95' lang='lat' dir='ltr'> </span> 
     </span>
    </p>
   </div>
  </div>
 </body>
</html>
