4500 5782
744 243 1184 324 EPISTOLARUM
1233 246 1342 327 Lttt.
1374 247 1404 322 l.
1466 244 1601 325 1618.

255 406 657 509 ελςΒιλλοβοίλδου
676 418 888 513 Νομικοῦ
933 502 936 507 ,

254 519 323 587 τοῦ
344 510 488 609 ὀλβίου.
542 520 700 592 Μοῦσαι
719 517 767 593 da'
781 548 821 596 τε

255 608 483 708 ξενιζόμενοι
504 613 577 692 σὺν
595 624 651 714 τῷ
666 627 774 719 χορῷ

230 768 233 773 -
254 721 334 791 τῶν
354 715 523 812 εὐμενῶν
538 716 708 818 χαρίτων
727 720 836 812 θεαί,

255 825 303 946 ζῇ
323 814 562 917 πουλυμύθῳ
585 822 732 912 πειθοί,

255 948 280 1015 ῃ
298 917 434 1018 νέκταρ
453 922 495 995 ἐν
514 925 593 1005 τοῖς
607 921 769 1018 χείλεσιν

257 1021 296 1094 κ’
323 1019 515 1120 ἀμβροσίᾳ
534 1025 626 1120 εἴβει
644 1022 852 1124 πλήσμον’,
880 1031 915 1104 ἐ-

257 1120 435 1197 κέλευσαν
455 1122 591 1220 ὑμνεῖν
608 1125 678 1202 τὸν
698 1129 806 1212 ξένον

258 1225 298 1298 λυ
320 1223 512 1320 ὀλυμπίοις
530 1232 609 1312 τοῖς
629 1223 791 1326 ιλαίμασι.

257 1329 435 1401 Μουσῶν
458 1324 501 1402 δὲ
520 1327 585 1403 καὶ
598 1329 770 1430 χαρίτων
786 1333 894 1433 χοροὶ

260 1425 444 1504 ὕδιλουσιν
465 1431 560 1504 οίιιοι
577 1432 617 1532 y’
639 1433 830 1535 εὐπρεπῶς

258 1527 327 1605 τὸν
353 1530 708 1629 Βιλλέβαλὸον,
744 1536 813 1614 τὸν
833 1537 950 1624 ξένον.

713 1638 807 1717 Phil.
833 1636 1105 1714 Melanchthon.

161 1848 230 1923 No.
247 1849 305 1922 12„
1018 1858 1158 1976 Q

171 1945 369 2088 w§W
397 1997 714 2087 Pirlclreimerus
742 2005 1028 2091 Melantboni.

229 2127 267 2180 Ex
284 2124 528 2208 Strobeliilerm.
550 2127 674 2200 Beitr'dge
692 2149 718 2202 p.
733 2132 777 2185 86.
830 2132 984 2186 Serotetius
1007 2129 1159 2205 epistolam,

265 2214 334 2266 quae
349 2214 405 2248 non
418 2203 456 2247 sta
469 2196 555 2249 multo
570 2208 631 2267 post
643 2200 846 2254 antecedentem
862 2201 959 2274 scripta
975 2220 1031 2256 esse
1043 2199 1159 2264 videtur,

268 2263 491 2318 expirtheimeri
509 2266 663 2337 apographo
677 2267 771 2323 estete.
812 2270 849 2324 ν.

163 2366 237 2466 (Μ.
270 2363 503 2538 Philippo
531 2364 908 2444 Melanchthonr'
934 2371 1159 2446 Biltbal-

434 2493 485 2538 us
510 2463 914 2574 Pirclsheimerus.)

164 2568 208 2660 S.
260 2584 309 2660 Et
332 2587 411 2682 quis
434 2602 487 2673 te,
519 2584 685 2684 Philippe
713 2595 862 2685 optime,
894 2591 1093 2668 Rhetorem
1126 2612 1160 2669 et

166 2691 377 2761 acerrimum
395 2713 537 2784 quoque
554 2716 628 2761 csse
641 2709 802 2783 negaret,
828 2721 909 2767 cum
930 2723 986 2768 res
1008 2715 1081 2770 tam
1102 2699 1160 2768 in-

165 2816 248 2886 opes
278 2793 327 2862 ita
362 2815 490 2862 ornare
520 2815 559 2862 ac
589 2795 754 2865 extollere
784 2799 889 2884 scias,
929 2816 970 2871 ut
992 2800 1098 2894 plane
1120 2800 1160 2873 da

164 2888 279 2988 μυίας
303 2889 484 2989 ἐλέφαντα
504 2898 622 2968 ποιεῖν
635 2897 805 2986 videaris,
832 2914 893 2972 aut
913 2901 944 2971 si
966 2904 1097 2989 mavis,
1120 2903 1160 2975 ἐκ

165 3000 234 3068 τοῦ
253 2989 418 3090 πιθήκου
433 2991 654 3095 Ισοφιστήν.ρ
704 2999 831 3088 Tantis
853 3004 947 3073 enim
972 3029 1029 3073 me
1055 3029 1160 3097 prae-

168 3098 280 3168 coniis
300 3120 447 3184 ornare,
471 3098 521 3168 ita
540 3101 695 3172 ubertim
715 3103 861 3174 laudare
884 3107 1039 3191 conaris,
1064 3119 1105 3177 ut
1130 3106 1159 3175 si

113 3268 116 3273 .
169 3215 202 3269 et
220 3200 547 3291 impudentissimus
571 3226 698 3290 essem,
723 3206 870 3276 minime
887 3223 1005 3278 tamen
1026 3212 1160 3280 τοσοῦ-

168 3323 236 3373 τον
264 3296 428 3401 ἀγαθῶν
462 3307 587 3398 σιόρον
614 3330 799 3397 agnoscere
829 3333 977 3403 possem.
1045 3305 1160 3380 Addis

114 3488 134 3515 ο
169 3402 287 3474 nescio
305 3427 395 3498 quae
411 3405 580 3475 beneficia
598 3408 685 3479 inte
703 3411 829 3480 collata
847 3435 929 3481 esse
979 3407 1057 3503 Ego
1075 3436 1159 3482 vero

169 3518 345 3576 nontam
377 3501 485 3575 hebes
515 3530 611 3594 sum,
658 3524 699 3581 ut
729 3513 847 3604 potius
880 3513 951 3583 tuis
983 3514 1161 3598 laudibus,

25 3698 37 3715 „
146 3699 150 3705 ⁴
171 3631 278 3702 quam
293 3608 381 3677 meis
404 3608 545 3677 credam
565 3611 707 3697 officiis,
733 3637 822 3706 quae
844 3629 962 3684 samen
984 3639 1059 3683 non
1080 3614 1159 3684 ideo

169 3710 282 3779 multa
300 3724 400 3794 sunt,
426 3709 509 3802 quia
525 3735 564 3781 ea
577 3727 752 3803 praestare
768 3716 964 3801 noluerim,
989 3717 1050 3785 scd
1065 3716 1161 3810 quotl

171 3812 272 3882 nulla
289 3805 471 3905 hucusque
485 3809 576 3882 mihi
596 3815 714 3885 oblata
738 3830 789 3886 est
813 3817 966 3903 occasio,
993 3842 1062 3912 qna
1083 3817 1163 3887 ani-

156 3910 273 3983 'mum
304 3914 343 3980 in
374 3927 407 3982 te
433 3938 553 3984 meum
585 3919 769 3987 ostendere
798 3919 1002 4009 potuissem.
1070 3917 1162 3989 Nam

155 4017 269 4110 ,quod
288 4005 618 4112 Occolampadium
639 4032 674 4089 et
688 4011 914 4115 Capnionem
934 4035 1104 4114 tanquam
1125 4021 1164 4088 in

175 4118 256 4186 illos
283 4117 460 4186 beneficus
491 4119 638 4203 fuerim,
670 4121 779 4189 refers
814 4115 1044 4217 οὐδένπρὸς
1068 4120 1162 4201 ἔπος.

176 4215 220 4290 οὐ
236 4213 310 4316 γὰρ
329 4214 393 4290 καὶ
414 4208 515 4291 οὗτοι
540 4213 693 4319 ἀγαθόν
706 4245 742 4291 τι
756 4217 857 4317 παρὰ
873 4221 966 4316 ἐμοῦ
982 4215 1163 4318 ελλήφασι,

175 4315 338 4414 partera
363 4313 404 4391 δὲ
429 4315 449 4390 ὃ
476 4314 715 4403 ἐνδοξότατος
738 4327 778 4394 K
779 4347 802 4393 α
811 4319 892 4396 πνί
899 4346 962 4397 ων
970 4376 981 4410 ,
1024 4324 1095 4392 nisi
1126 4338 1165 4393 tu

177 4421 288 4511 magis
316 4421 578 4507 voluntantum,
611 4448 718 4517 quam
740 4424 793 4494 rei
818 4425 981 4496 effectum
1004 4425 1167 4496 conside-

178 4523 251 4593 rari
285 4523 382 4590 velis.
446 4521 579 4593 Desine
611 4525 719 4616 igitur
752 4551 792 4596 ea
813 4540 983 4622 tanquam
1012 4513 1167 4597 officiosa

179 4625 344 4708 laudare,
370 4648 459 4716 quae
475 4625 546 4694 nisi
560 4628 730 4712 facerem,
749 4628 855 4720 plane
877 4624 1094 4699 inhumanus
1112 4627 1167 4696 vi-

154 4816 160 4822 .
181 4726 256 4795 deri
274 4749 428 4815 possem3
455 4751 494 4795 ac
517 4727 566 4797 ita
586 4721 697 4814 habe,
722 4742 756 4797 te
780 4754 855 4799 non
885 4731 999 4800 solum
1022 4730 1167 4800 illorum

159 4829 311 4919 -gratia,
346 4827 406 4894 scd
433 4840 466 4897 et
493 4843 638 4920 propter
664 4831 839 4918 studium,
873 4832 1112 4904 eruditionem
1136 4844 1170 4901 et

190 4952 512 4983 μ...

154 5044 163 5053 .
251 5011 330 5072 ptura
346 5008 403 5052 turn
416 4999 449 5052 ad
463 5018 591 5056 numeros
605 5003 698 5057 vitiosa
712 5012 769 5058 tum
783 5005 816 5059 ad
833 5005 1008 5062 sententiam=
1031 5015 1062 5060 ut
1082 5005 1170 5060 tristes

246 5068 429 5150 cogitationes
442 5069 537 5148 blasae
550 5070 673 5125 dicantur
684 5074 803 5128 arcuisse
817 5094 849 5130 ac
869 5094 925 5130 non
938 5075 1035 5130 inritae
1047 5096 1078 5129 ex
1088 5072 1170 5129 Grae·

253 5156 294 5191 cra
313 5138 442 5206 migrasse
455 5155 484 5190 m
497 5136 706 5194 Germaniam.”
725 5177 761 5189 -
795 5142 870 5197 Idem
882 5142 917 5197 V.
930 5143 967 5197 D.
982 5144 1085 5207 verbis,
1102 5162 1171 5215 quae

254 5206 467 5274 subsequuntur,
491 5205 556 5261 haec
572 5208 725 5280 adscripsit:
756 5232 805 5274 „u
820 5210 847 5264 7.
876 5210 981 5266 Graece
1001 5212 1110 5284 quidem
1132 5210 1171 5266 sic

253 5273 426 5326 scribendum
456 5286 513 5330 erat
539 5287 650 5358 poetaea
685 5280 869 5350 πλανωμένας
898 5277 944 5348 live
965 5298 995 5335 κε
1024 5276 1104 5343 Ζειίς.
1136 5309 1166 5322 -

253 5340 552 5416 r.14,llaecintelligr
565 5357 710 5416 nequeunt.
752 5349 891 5404 Fortasrer
911 5348 934 5403 εί
954 5355 1089 5440 reppertos
1105 5352 1169 5418 εἴβει

256 5407 408 5483 πλησμονὴ.
416 5437 448 5454 ι-
463 5431 488 5467 r.
497 5413 538 5467 18.
548 5413 650 5478 Voluit,
661 5417 768 5489 opinor.
780 5413 898 5474 ὖδοῦσιν
908 5421 952 5480 vel
963 5408 1103 5476 stelen?
1126 5418 1171 5488 F.)

2143 246 2198 323 24

1195 424 1365 515 proprias
1379 422 1491 493 animi
1510 422 1564 493 tui
1584 422 1684 493 dotes
1699 415 1791 490 mihi
1809 421 2030 492 carissimum
2052 443 2148 511 esse,
2169 421 2201 491 si

1204 525 1300 594 errim
1314 525 1370 594 vel
1385 523 1611 598 mediocriter
1631 522 1764 614 peritos
1780 522 1927 613 diligere
1942 523 2202 609 consuevimus,

1205 651 1268 697 cur
1301 651 1377 696 non
1406 626 1563 697 ubertim
1595 625 1717 694 doctos
1750 619 1980 696 vehementer
2014 623 2202 695 amemus?

1204 726 1288 799 Non
1312 729 1420 820 igitur
1444 728 1558 797 solum
1584 727 1625 794 in
1647 726 1860 812 amicorum,
1892 742 1933 797 ut
1955 726 2064 819 petis,
2097 747 2202 817 grege

1207 825 1336 900 dehinc
1379 827 1709 913 connumeraberis,
1754 829 1815 897 sed
1857 827 1952 898 inter
1997 827 2203 919 potissimos

1207 946 1242 1002 et
1262 932 1439 1024 principes
1462 932 1558 1023 ipsos
1581 927 1810 1022 iampridem
1834 928 2025 999 collocatus
2043 949 2095 1003 es.
2153 924 2203 999 Et

1206 1047 1247 1105 ut
1269 1035 1415 1118 certius,
1451 1031 1576 1126 quanti
1599 1047 1634 1104 te
1655 1029 1801 1117 faciam,
1842 1053 2051 1122 cognoscere
2078 1029 2203 1122 possis,

1208 1135 1313 1205 etiam
1329 1136 1374 1205 de
1390 1135 1504 1204 salute·
1513 1147 1574 1204 tua
1587 1157 1849 1227 nonuunquam
1863 1132 2038 1203 sollicitus
2051 1154 2128 1200 esse
2143 1155 2204 1201 co·

1208 1261 1281 1328 gor.
1332 1231 1453 1306 Audio
1471 1235 1568 1305 enim
1584 1248 1618 1306 te
1634 1236 1674 1303 in
1690 1235 1816 1307 studiis
1831 1258 1949 1328 neque
1965 1232 2065 1304 modi
2085 1254 2204 1326 neque

1208 1339 1377 1431 temporis
1385 1339 1558 1409 rationem
1568 1332 1714 1423 habere3
1736 1337 1774 1406 id
1782 1360 1889 1430 quam
1897 1335 2140 1428 periculosum
2149 1333 2206 1418 sit,

1209 1440 1425 1532 iampridem
1437 1437 1677 1510 cummaxime
1688 1434 2206 1509 bonaevaletudinismeaede·

1209 1542 1377 1614 trimento
1396 1557 1558 1633 expertus
1578 1562 1668 1610 sum.
1718 1536 1864 1610 Etenim
1885 1564 1966 1609 cum
1987 1536 2129 1609 iuvenis
2149 1535 2207 1605 ni-

1210 1645 1283 1713 mio
1299 1644 1459 1713 discendi
1475 1643 1593 1713 studio
1609 1643 1786 1725 arderem,
1815 1665 1881 1709 nec
1899 1654 2018 1710 tamen
2033 1640 2082 1709 ob
2095 1660 2208 1728 nego-

1212 1747 1345 1817 tiorum
1375 1743 1643 1817 multitudinem
1679 1743 1858 1813 desiderio
1889 1765 1970 1811 meo
2008 1740 2207 1811 satisfacere

1211 1871 1367 1940 possem,
1393 1869 1498 1915 omne
1524 1860 1682 1937 tempus,
1707 1846 1803 1938 quod
1826 1842 1978 1935 publicis
2000 1857 2035 1914 et
2055 1838 2209 1934 privatis

1212 1961 1392 2042 supererat
1404 1947 1573 2039 negotiis,
1597 1946 1730 2040 absque
1745 1945 1903 2030 delectu,
1928 1944 2114 2014 literarum
2131 1955 2208 2014 stu-

1213 2052 1273 2122 dio
1305 2051 1572 2142 impendebam,
1608 2050 1696 2118 adeo
1720 2062 1760 2120 ut
1781 2070 1848 2116 nee
1877 2046 2018 2138 corpori
2046 2043 2207 2116 curando

1212 2166 1368 2223 mentem
1383 2147 1611 2223 adhibuerim
1622 2143 1671 2246 ¹⁵),
1695 2150 1756 2219 sed
1773 2149 1832 2218 die
1847 2161 2025 2240 noctuque
2037 2145 2079 2215 in
2093 2144 2209 2228 libris,

1212 2256 1399 2347 praecipue
1421 2251 1612 2343 legalibus,
1639 2253 1823 2335 versabar,
1856 2264 1891 2319 et
1915 2247 2078 2342 quamvis
2096 2245 2206 2316 illud:

1213 2350 1328 2453 Quod
1341 2363 1442 2425 cont
1463 2369 1526 2427 etc.
1542 2353 1694 2424 subinde
1718 2354 1763 2422 ab
1785 2351 1909 2422 amicis
1927 2344 2021 2418 mihi
2041 2351 2209 2418 decanta·

1213 2471 1328 2543 retur,
1360 2457 1509 2525 minime
1529 2470 1649 2525 tamen
1677 2477 1802 2531 eorum
1831 2452 2122 2542 obtemperabam
2144 2449 2209 2517 ad-

1213 2559 1492 2643 monitionibus,
1515 2581 1600 2626 nam
1614 2571 1649 2626 et
1658 2570 1752 2626 aetas
1768 2568 1803 2626 et
1817 2553 1976 2644 corporis
1989 2552 2104 2621 robur
2117 2544 2210 2618 mihi

1214 2663 1373 2733 animum
1394 2660 1686 2751 suppeditabant,
1717 2659 1805 2726 adeo
1823 2669 1865 2726 ut
1884 2678 1950 2723 nec
1970 2696 2021 2712 -
2040 2694 2094 2713 -
2116 2644 2209 2719 mihi

1214 2786 1340 2834 nocere
1358 2785 1458 2854 posse
1482 2761 1735 2844 existimarem,
1761 2758 1822 2827 sed
1847 2771 1925 2827 tum
1944 2752 2124 2824 incautius
2143 2773 2209 2823 ne-

1213 2864 1347 2957 gotter,
1372 2877 1408 2932 et
1421 2857 1646 2955 potiusmihi
1660 2859 1749 2952 ipsi,
1773 2883 1881 2953 quam
1901 2856 2097 2926 amicorum
2120 2876 2210 2945 con·

1214 2968 1294 3037 silio
1310 2965 1459 3058 obsequi
1475 2965 1612 3049 studeo,
1637 2961 1785 3030 minime
1810 2960 1989 3042 salutares,
2009 2955 2073 3025 sed
2086 2953 2210 3047 perni-

1213 3069 1423 3138 ciosissimas
1436 3065 1543 3135 retuli
1556 3087 1700 3148 merces,
1723 3063 1836 3132 animi
1849 3062 1941 3130 vires
1953 3057 2095 3142 detrivi,
2115 3054 2210 3148 opti-

1212 3194 1306 3241 mam
1320 3171 1514 3262 podagram
1528 3210 1579 3226 -
1595 3210 1644 3224 -
1659 3166 1696 3234 id
1710 3186 1756 3233 ne
1771 3162 1839 3234 tibi
1860 3161 1994 3232 accidat
2009 3200 2061 3219 -
2075 3198 2146 3230 -.

1998 3403 2055 3484 (m.
2083 3352 2198 3485 Maio-i

1988 3497 2205 3534 Μ

1497 3552 1723 3637 Bernordo
1755 3553 1924 3635 Mauro.

1284 3683 1428 3740 Dedicatio
1448 3680 1639 3755 grammaticae
1655 3697 1780 3750 graecae,
1799 3676 2028 3733 collectaneam
2046 3677 2123 3734 hune
2142 3679 2209 3734 tit..

1319 3755 1376 3808 lum
1402 3752 1587 3824 praescripsitr
1621 3748 1831 3812 „Institutiones
1855 3744 1974 3799 Graecae
2000 3742 2210 3805 Grammaticaa.

1318 3825 1489 3878 Accentuum
1523 3818 1651 3889 exquisita
1682 3815 1762 3869 ratio.
1800 3814 1927 3887 Etymolo
1947 3813 1982 3865 ta.
2018 3814 2055 3866 Ex
2078 3813 2209 3874 liomere,

1317 3891 1455 3952 Thersita,
1473 3899 1500 3943 et
1513 3887 1614 3941 Gheliis
1629 3902 1693 3940 cum
1708 3883 1828 3938 scholiis.
1847 3832 1978 3936 Pttttlt’.
1992 3880 2208 3939 MELAthtr.

1319 3960 1476 4014 Proderunt
1498 3956 1564 4010 baec
1587 3972 1644 4007 non
1670 3950 1760 4006 solum
1780 3970 1875 4032 graeca
1898 3949 2159 4015 discessissemus
2177 3951 2208 4005 iia

1319 4029 1416 4086 etiam,
1434 4025 1480 4097 qui
1499 4044 1553 4078 non
1573 4020 1726 4094 turpissime
1741 4020 1822 4074 latrna
1842 4028 1956 4072 tractare
1974 4027 2122 4074 conantur.
2152 4018 2207 4072 Tu·

1320 4099 1444 4167 bingae.’'
1469 4094 1510 4160 (ln
1524 4093 1592 4145 ίιοεε
1607 4128 1624 4154 „
1631 4090 1775 4156 hagenoae
1793 4107 1825 4140 ex
1839 4086 1989 4142 Academia
2005 4086 2206 4145 Anshelmisna.

1320 4167 1404 4220 anno
1426 4164 1466 4217 Μ.
1477 4162 1513 4214 D.
1526 4159 1627 4214 XVlll.
1645 4158 1741 4212 Mense
1761 4157 1885 4220 Maio.'')
1912 4154 1956 4226 pla
1975 4172 2002 4220 g.
2029 4156 2082 4226 15}
2104 4158 2134 4211 iss
2154 4156 2206 4211 tto.

1319 4234 1380 4288 1²01.
1396 4231 1445 4287 lb.
1488 4226 1755 4292 Iocnm‘sSetzerr'i,
1773 4223 1820 4296 qui
1840 4222 1945 4277 s.1519
1988 4242 2108 4294 agesoae
2125 4222 2205 4278 alfid-

1323 4294 1771 4423 ”²¹”1illil{i¹'.¹'i⁰iii,i¹i⁸¹³iil¹‘
1787 4289 2110 4431 llllttdtlttc,

1372 4408 1388 4433 ts
1679 4399 1688 4424 θ
2116 4400 2126 4426 s

1369 4440 1460 4492 Aurea
1475 4435 1518 4489 cui
1533 4431 1610 4488 cordi
1626 4429 1729 4502 virgula
1773 4428 1872 4482 ercurii
1886 4430 1951 4483 est·’'

1322 4505 1359 4561 ci.
1379 4516 1404 4561 et
1421 4503 1560 4561 Strobelri'
1572 4499 1845 4555 commentationem:
1878 4512 1957 4560 „von
1980 4492 2205 4551 Maroneam

1323 4577 1509 4628 Verde'ensten
1529 4590 1578 4623 um
1596 4572 1640 4622 die
1655 4565 1862 4621 Grammartt’t
1887 4566 1914 4617 in
1933 4567 2057 4619 eiusdem
2076 4564 2112 4621 N.
2125 4564 2204 4621 Beitr.

1323 4645 1370 4707 lll,
1382 4646 1408 4698 2.
1432 4661 1492 4724 pag.
1507 4638 1627 4698 1-54.,
1653 4635 1699 4689 ubi
1714 4646 1740 4691 et
1751 4632 1936 4687 Melanthonis
1955 4632 2048 4688 literae
2069 4632 2205 4693 dedicato·

1323 4715 1378 4767 riae
1391 4729 1522 4784 quaeram
1537 4716 1703 4778 sequuntur,
1721 4720 1832 4759 recusae
1847 4711 1921 4755 sunt.
1972 4701 2008 4756 F.

1248 4826 1507 4928 Philippus
1551 4812 1900 4894 Melanchthon
1940 4812 2188 4888 Βινιΐανιίο

1591 4920 1765 4994 Mauro
1801 4916 1842 4989 S.

1223 5048 1311 5140 Sive
1329 5040 1407 5137 ¹hoc
1428 5075 1549 5135 nostro
1573 5059 1681 5143 vitio,
1714 5055 1786 5125 sive
1814 5078 1950 5137 errore,
1984 5077 2090 5147 quem
2113 5038 2229 5147 quasi'

1223 5194 1287 5264 per
1307 5191 1453 5260 manum
1482 5188 1502 5232 a
1529 5160 1723 5230 maioribus
1754 5156 1970 5263 accepimus,
2009 5155 2087 5224 fieri
2115 5155 2208 5237 solet,
2241 5176 2248 5185 ·

1223 5295 1489 5314 a*

1258 5347 1285 5416 *)
1300 5344 1454 5398 Strobeltus
1467 5341 1564 5397 verba:
1582 5337 1694 5403 „studio
1706 5333 1896 5408 impendebam
1908 5358 1942 5374 -·
1956 5328 2151 5386 adbibuerim”
2164 5346 2207 5403 per
2240 5364 2248 5373 -

1293 5430 1416 5469 errorem
1429 5411 1470 5464 bis
1484 5408 1599 5481 scripsit.
1641 5408 1676 5460 F.

1213 3380 1354 3481 Norlss.

1215 3504 1354 3530 M
