4500 5782
684 184 1128 269 EPISTOLARUM
1176 190 1285 273 LlB.
1314 190 1364 274 ll.
1417 191 1550 275 1521.

108 397 172 445 vos
193 384 283 455 esto,
309 380 344 439 et
363 365 574 437 retractabat
598 385 661 435 sua
683 366 832 437 candide
850 356 1041 438 Luthcrus
1063 376 1099 437 et
1145 367 1229 457 gelii
1257 370 1462 455 auctoritas,
1499 383 1561 440 aut
1581 382 1616 441 te
1640 370 1851 445 connivente
1877 375 2048 449 damnare
2072 400 2141 473 μμ,

108 479 227 566 legum
245 483 439 540 vestrarum
459 468 550 537 iram
572 467 724 558 experiri
746 464 840 538 nihil
862 468 1097 541 contabimur.
1145 468 1269 557 tuisse,
1300 472 1331 541 si
1353 473 1411 541 vel
1436 485 1594 562 suspecta
1619 473 1741 545 fuisset
1767 475 1842 547 eius
1864 476 2143 571 voluntas,„;.11q

108 576 222 649 Modo
243 597 289 641 ne
307 569 542 641 muliebribus
559 569 682 655 minis,
707 595 752 639 ne
768 570 1016 663 superstitione
1031 568 1099 638 ali-
1145 572 1232 665 quid
1254 594 1324 661 ego·
1340 573 1513 645 ridiculus
1534 574 1701 645 cavillum
1721 588 1847 649 excuso
1871 590 1944 651 tam
1966 580 2144 674 1¹1th

108 700 179 774 qua
203 700 227 746 e
246 698 343 745 vcro·
356 671 548 743 abalienati
576 672 716 742 fortiter
731 666 791 768 ¹⁶),
825 673 922 766 quod
946 668 1099 743 Genna-
1145 685 1218 749 tam
1237 674 1417 753 frivolum.
1474 672 1568 747 Satis
1587 676 1685 773 enirn
1702 693 1790 771 puto
1814 679 2142 777 inumefiqm,

106 803 194 867 nos,
218 776 412 868 sapienter,
436 775 534 867 quod
551 768 772 845 Christianos
792 773 909 861 decet,
932 773 1097 849 iudicate.
1145 776 1273 846 mentis
1295 776 1415 851 doceri
1436 770 1557 870 posse,
1580 802 1688 873 quam
1702 780 1764 873 pio
1779 780 1825 853 sit
1837 782 1877 853 in
1888 770 2045 877 'pm-{3351
2060 762 2143 875 ,nn

47 902 51 915 .
107 881 200 955 Nolo
221 879 416 973 quidquam
443 875 552 946 tribui
573 875 955 967 privatisadfectibus,
984 888 1026 945 ut
1044 875 1099 943 fa·
1145 902 1216 948 mo.
1267 875 1369 949 Certe
1390 878 1477 948 boni
1502 904 1542 948 ac
1563 878 1616 971 pii
1638 879 1725 949 civis
1743 881 1899 955 officium
1919 868 2086 971 noudum
2099 883 2140 959 in

107 997 188 1053 seat
217 978 357 1050 nationi
382 975 617 1047 Germanicae
639 968 849 1064 lutherus,
890 1000 995 1073 quem
1023 999 1099 1044 non
1147 1003 1188 1049 eo
1203 980 1417 1065 desiderasti,
1441 974 1728 1069 FRIDERICE,
1747 979 1988 1073 ethaudscio‚
2004 968 2140 1083 anhpg':

107 1084 233 1157 dubito
250 1081 396 1173 patriae,
413 1081 510 1172 quod
524 1079 639 1165 debet,
665 1080 876 1172 persolvere,
901 1074 994 1147 nihil
1011 1091 1097 1172 puto
1147 1094 1181 1151 tc
1221 1080 1355 1151 insulso
1396 1097 1597 1163 scommate,¹
1624 1083 1816 1174 perstringi
1852 1086 2036 1169 voluerint
2069 1086 2139 1175 isti,

109 1187 257 1269 refcrre,
293 1183 354 1252 sed
380 1194 422 1251 ut
445 1204 546 1265 vero,
575 1194 616 1252 ut
634 1178 829 1272 Evangelio
854 1182 993 1253 faveat·
1043 1177 1097 1247 De
1147 1182 1232 1274 quid
1252 1183 1347 1253 enim
1359 1206 1433 1251 non
1450 1183 1556 1253 audet
1573 1182 1684 1266 livor,
1715 1184 1814 1289 quod
1833 1210 1908 1267 non
1921 1191 2140 1277 multones

60 1330 65 1337 .
107 1298 229 1361 caussa
245 1307 424 1355 sacrarum
443 1283 641 1369 literarum,
666 1283 861 1376 principes,
886 1274 1098 1367 iudicabitis,
1145 1275 1353 1353 Lutherum
1377 1297 1438 1363 aut
1462 1284 1499 1352 in
1523 1309 1662 1379 crucem
1679 1288 1880 1375 sustuleris,
1905 1303 1968 1375 ant
1984 1290 2140 1383 inimigjp

108 1414 184 1462 non
211 1389 255 1456 de
275 1387 414 1478 privato
439 1385 549 1454 ullius
575 1383 614 1453 in
633 1408 698 1455 vos
718 1384 848 1458 studio.
905 1377 955 1453 At
970 1382 1098 1467 videte,
1145 1386 1345 1478 prodideris
1373 1410 1439 1479 pro
1466 1386 1630 1475 libidine
1638 1384 1895 1477 cruciandum?
1944 1388 2140 1481 Hactenus,

109 1515 218 1587 quam
239 1501 378 1576 argute,
403 1510 511 1581 quam
531 1486 658 1555 callide
678 1487 818 1571 doceat,
838 1481 935 1555 huuc
951 1483 1096 1553 inimico
1147 1487 1230 1581 qnia
1257 1488 1302 1559 ad
1328 1488 1576 1577 confusaneam
1602 1478 1831 1561 inimicorum
1858 1491 2059 1573 orationem
2083 1518 2139 1585 τοι,

107 1596 147 1665 in
166 1591 318 1684 patriam
339 1589 458 1657 animo
483 1611 566 1657 esse.
622 1612 749 1679 nempe
783 1587 880 1680 quod
904 1608 1001 1655 sacra
1026 1598 1097 1670 tua,
1146 1589 1377 1680 spondemus,
1401 1589 1513 1660 multa
1528 1612 1595 1681 nos
1610 1590 1716 1660 etiam
1735 1593 1979 1680 confodimus,
2005 1606 2139 1673 suntet

106 1684 360 1775 FRlDRlCE,
390 1689 608 1780 pientissime
634 1690 816 1781 princeps,
847 1711 931 1756 nam
953 1687 992 1755 in
1012 1710 1098 1780 pro·
1146 1714 1236 1784 quae
1267 1689 1469 1760 distulimus
1496 1686 1641 1782 posthac
1670 1694 1862 1769 tractanda.
1920 1692 2029 1767 Nunc
2057 1718 2138 1781 cnm

105 1795 224 1867 vincia
246 1806 304 1862 tun
324 1791 465 1883 publice
481 1785 701 1862 Christianae
725 1791 845 1861 literas
865 1790 987 1875 docet,
1018 1788 1098 1857 vio·
1146 1787 1390 1885 sycophantias
1413 1792 1600 1887 quasdam,
1624 1794 1754 1887 quihus
1773 1795 1912 1867 animos
1926 1796 1987 1868 isti
2002 1812 2137 1883 vestros

106 1897 205 1980 larit,
238 1891 918 1988 quodindulgentiarumauctoritatem
941 1889 1097 1975 eleuarit,
1145 1893 1387 1977 solicitabant,
1428 1893 1717 1982 refutaverimus,
1768 1896 1843 1990 ipsa
1871 1922 1992 1979 rerum
2025 1900 2137 1993 capitq

105 1996 197 2094 qua'e
221 1995 429 2090 pontificum
450 1993 661 2064 liberalitate
678 1992 851 2064 Saroniae
878 2007 958 2064 tuae
984 1992 1098 2060 dona·
1145 1994 1400 2085 aggrediemur.
1451 1988 1669 2072 Audistisin
1683 2020 1802 2068 caussa
1817 1997 1958 2091 pietatis
1977 2022 2055 2071 non
2075 2003 2137 2075 de·

106 2117 163 2174 tae
186 2113 279 2171 sunt.
342 2095 384 2166 ld
405 2118 489 2166 vero
524 2096 604 2189 quis
627 2119 702 2163 non
726 2095 841 2175 ridet,
871 2116 980 2188 quam
998 2091 1097 2161 festi·
1144 2098 1227 2166 bere
1248 2096 1425 2173 maiorum
1444 2096 1605 2167 instituta
1626 2098 1760 2179 valere,
1791 2099 1864 2169 nisi
1886 2114 2064 2195 quatenus
2081 2106 2136 2189 ro·

106 2226 209 2288 vum,
240 2223 349 2295 quam
371 2197 511 2286 elegans
530 2211 768 2267 commentum
788 2195 855 2265 sit?
903 2192 953 2267 Et
970 2207 1004 2263 te
1023 2216 1097 2261 non
1145 2199 1226 2289 gula
1245 2194 1460 2287 Evangelica
1491 2199 1675 2290 permittit.
1738 2194 1916 2288 Audistis,
1952 2227 2066 2275 vanas
2103 2218 2137 2289 'et

107 2328 236 2399 partun
244 2301 350 2371 multi
360 2299 684 2369 animadverterunt
702 2294 790 2383 heri,
806 2297 914 2371 illust.
923 2290 1097 2388 princep’s,
1146 2300 1327 2369 ementitas
1349 2323 1421 2369 csse
1445 2298 1655 2384 calumnias,
1688 2301 1819 2394 quibus
1841 2304 1887 2381 ab
1907 2299 1978 2375 huc
2000 2302 2137 2399 inimjpi

109 2405 370 2487 subridentem,
395 2424 476 2470 cum
491 2393 559 2470 hoc
579 2400 640 2468 ille
658 2413 729 2468 tam
751 2398 911 2491 lepidum
930 2396 1097 2491 ἐνθυμη-
1145 2402 1352 2490 sacerdotes,
1371 2400 1501 2494 quibus
1515 2397 1849 2495 lllust.Principcm‚
1864 2403 2019 2487 Senatu,
2030 2403 2136 2495 huju,

107 2501 244 2601 μάτων
273 2494 495 2601 ἐξετράγιζε,
527 2501 688 2595 undique
714 2500 953 2570 circunferens
978 2500 1098 2569 oculos
1144 2501 1344 2587 Nestorem,
1377 2502 1578 2571 abalienare
1593 2503 1825 2579 conabantur.
1872 2500 2000 2591 Nunc,
2030 2530 2136 2605 quae.

109 2634 150 2680 ac
171 2607 465 2697 circumspectans
484 2603 587 2674 illum
608 2625 747 2692 gregem
765 2625 887 2687 suum,
916 2603 1098 2691 gratulan-
1145 2628 1203 2688 so,
1227 2604 1269 2673 de
1286 2602 1508 2693 gravioribus
1526 2604 1735 2675 criminibus
1752 2607 1928 2683 dicentem
1945 2633 2005 2681 me
2017 2610 2136 2693 {aym

108 2727 181 2782 tem
202 2709 272 2777 sibi
292 2721 365 2776 tam
387 2706 526 2793 elegans
549 2705 750 2790 inventum,
775 2704 850 2795 ipse
872 2703 941 2772 sibi
962 2703 1012 2771 sic
1034 2700 1099 2772 ad·
1145 2706 1333 2800 studioque
1366 2696 1483 2793 v'estro
1520 2704 1694 2780 adiuvate.
1758 2702 1824 2778 Est
1860 2709 1959 2787 enim
1993 2712 2136 2785 difficile

107 2812 299 2907 plaudens,
321 2822 362 2877 ut
377 2808 559 2877 ardentem
573 2806 752 2875 flammam
765 2804 904 2875 facilius
918 2804 1099 2874 videretur
1143 2802 1237 2876 mihi
1249 2831 1331 2876 cum
1345 2790 1427 2877 tam⁵
1436 2806 1593 2896 maligno
1616 2831 1744 2898 genere
1768 2804 1924 2882 hostium
1947 2827 2136 2903 certamen,

107 2917 148 2985 in
173 2936 235 2984 ore
262 2925 462 2981 retenturus
481 2907 606 2991 fuisse,
642 2930 751 3000 quam
771 2899 840 2977 hoc
859 2920 931 2976 tam
951 2906 1098 2990 bonum,
1146 2908 1210 3003 qui
1239 2922 1361 2979 utrum
1388 2906 1603 2981 indoctiores
1636 2910 1725 2995 sint,
1767 2935 1814 2981 an
1845 2910 2135 3006 impudentiores,

106 3014 276 3089 ntretcri
296 3012 404 3081 verbo
426 3024 525 3095 utar,
549 3009 694 3082 dictum.
745 3005 887 3080 Scilicet
907 3005 1097 3100 sapientiae
1146 3010 1358 3081 constituere
1378 3033 1454 3078 non
1473 3032 1628 3101 possum.
1678 3009 1840 3107 Primum
1861 3015 1960 3085 enim
1980 3012 2137 3101 Thecla,

110 3143 150 3189 ac
162 3115 303 3209 pietatis
317 3127 397 3184 tuac
416 3111 589 3181 rationem
604 3111 800 3203 prudenter
812 3103 957 3194 habuit,
984 3108 1046 3201 qui
1062 3120 1096 3177 te
1145 3111 1221 3201 giae
1239 3106 1466 3195 ¹scholasticae
1484 3112 1718 3182 vindicandae
1740 3115 1923 3204 negotium
1936 3116 2002 3187 tali
2017 3094 2135 3203 daturb

108 3217 323 3293 Pontificum
335 3210 374 3311 ¹⁷)
402 3213 639 3302 indulgentias
661 3225 697 3284 ct
719 3211 845 3304 impias
858 3209 976 3283 Saulis
993 3206 1097 3279 heca·
1147 3227 1216 3300 est,
1247 3213 1326 3309 qui,
1350 3213 1422 3282 nisi
1440 3213 1588 3283 versifex
1610 3228 1713 3302 essct,
1743 3239 1818 3286 non
1841 3218 2048 3291 crederetur
2069 3244 2135 3291 un-

109 3315 569 3404 t⁰¹¹¹b³⁸dili1¹l⁵l⁰glbss⁸
599 3313 774 3407 Praeferre
806 3312 933 3389 Voluit·
999 3310 1098 3400 Quas
1147 3339 1254 3409 quam
1274 3316 1330 3384 vel
1350 3315 1511 3384 alimine
1526 3316 1692 3385 salutasse
1713 3316 1842 3392 literas.
1895 3316 2060 3393 Tantum
2077 3322 2136 3395 al>

111 3434 220 3504 certe,
245 3442 336 3512 quac
351 3431 402 3486 est
415 3417 525 3508 pictas
537 3428 614 3499 tua,
638 3439 823 3507 nunquam
838 3437 959 3505 passus
974 3412 1098 3483 fuisses
1146 3431 1216 3501 est,
1239 3430 1281 3488 ut
1292 3411 1621 3509 philosophicarum
1638 3431 1699 3488 aut
1717 3415 1999 3509 theologicarum
2018 3446 2133 3497 rerum

108 3516 346 3615 prophanari,
379 3517 451 3587 nisi
466 3513 654 3605 Evangelii
675 3516 882 3586 auctoritate
901 3514 1015 3585 victus
1040 3513 1099 3583 in·
1146 3519 1298 3610 peritum
1320 3517 1461 3609 putetis.
1509 3514 1603 3587 Nam
1620 3543 1700 3587 cum
1715 3522 1965 3593 malcconsutis
1981 3524 2134 3599 ruricu-

113 3623 315 3704 tellexisses,
325 3641 440 3689 meras
451 3615 912 3708 sceleratorumpontificum
926 3616 1100 3707 impostu-
1147 3621 1191 3689 lis
1214 3619 1307 3710 apud
1329 3613 1512 3709 Sophistas
1538 3619 1760 3713 eloquentiae
1789 3621 1931 3693 laudem
1957 3626 2135 3713 meruerit,

109 3746 168 3796 ras
196 3744 269 3792 csse
295 3720 597 3809 indulgentiarum
628 3716 914 3790 nondinationes.
981 3715 1098 3786 Macte
1147 3719 1340 3810 desumpsit
1354 3720 1422 3788 sibi
1442 3719 1638 3791 insectandi
1655 3714 1820 3791 Lutheri
1832 3724 2059 3817 provinciam
2080 3752 2135 3801 ex.

112 3827 245 3909 auimo,
269 3821 524 3914 sapientissime
542 3814 657 3904 heros,
686 3819 828 3913 quando
849 3812 917 3888 ltoc
938 3819 1097 3908 exemplo
1147 3821 1267 3914 pedito
1280 3844 1364 3891 sane
1380 3821 1424 3889 ad
1437 3821 1728 3891 calumniandum
1743 3825 1897 3913 ingenio.
1949 3824 2134 3901 Caeterum

112 3924 314 4003 declarasti,
352 3923 479 4016 quanti
509 3944 625 3991 sacrae
652 3920 833 3991 doctrinae
855 3919 1099 3991 auctoritatem
1147 3924 1190 3994 ad
1208 3945 1348 3993 caussae
1366 3922 1608 3993 defensionem
1625 3918 1717 3992 nihil
1738 3925 1888 3996 afferens
1910 3943 2054 4019 praeter
2071 3932 2134 4001 im·

110 4029 234 4113 facias,
270 4024 411 4095 sortiter
431 4023 530 4093 illam
549 4037 585 4095 et
605 4022 646 4093 in
668 4018 736 4093 hoc
756 4022 889 4093 iudicio
917 4024 1036 4092 adsere
1059 4047 1100 4093 ac
1148 4025 1373 4118 pudentiam,
1397 4038 1437 4096 ut
1451 4026 1556 4116 plane
1577 4024 1734 4110 videam,
1754 4050 1879 4097 serum
1893 4026 2133 4127 essesquoda

110 4146 221 4202 tuere.
273 4123 467 4219 impietatis
486 4138 670 4196 accusatur
686 4115 895 4208 Lutherus,
919 4125 981 4219 qui
1004 4125 1100 4197 salu·
1147 4122 1377 4219 Thucydide,
1399 4126 1498 4215 gravi
1522 4126 1686 4218 inprimis
1709 4122 1895 4214 historico,
1917 4131 2057 4205 dictum
2078 4144 2134 4217 est,

111 4246 183 4302 tem
202 4246 301 4301 tuam
317 4229 428 4312 votis,
469 4250 558 4319 quae
578 4251 645 4318 pro
670 4241 706 4297 tc
725 4226 857 4296 fiebant
878 4226 916 4295 in
936 4227 1099 4298 auctione
1147 4223 1217 4319 τὴν
1239 4220 1414 4318 ἀμαθίαν
1436 4219 1582 4321 θράσος
1604 4223 1892 4326 ἀπεργάζεσθαι.
1952 4228 2012 4303 hic
2031 4238 2134 4315 enim,

113 4331 436 4419 indulgentiarum,
451 4327 679 4399 defraudarit.
731 4351 799 4420 qua
818 4327 848 4395 is
862 4327 1038 4396 calumnia
1054 4329 1100 4396 li·
1147 4345 1188 4401 ut
1201 4327 1478 4413 indoctissimus,
1499 4329 1548 4398 ita
1564 4328 1889 4420 impudentissimus
1905 4334 2071 4407 omnirun
2088 4348 2134 4407 est

113 4433 231 4503 berari
255 4458 277 4502 a
300 4446 334 4501 te
354 4455 429 4498 non
451 4428 610 4514 dubitat,
644 4452 724 4498 cum
748 4427 856 4511 scias,
891 4452 1012 4519 preces
1034 4424 1100 4499 hac
1148 4431 1365 4514 mortalium,
1393 4453 1482 4522 quos
1493 4430 1656 4503 viderim.
1706 4431 1761 4502 De
1775 4433 1994 4526 syllabarum
2012 4460 2134 4509 numo·

115 4548 248 4626 emptas
280 4547 354 4602 arte
389 4531 595 4622 neutiquam
631 4530 800 4601 salutares
837 4552 922 4603 esse.
995 4524 1103 4602 Amat
1148 4534 1215 4618 ris,
1248 4534 1292 4601 de
1319 4530 1407 4615 arsi,
1442 4532 1486 4605 de
1510 4526 1618 4617 thesi,
1656 4534 1702 4601 de
1727 4529 1911 4626 εεὼιῑρςὶ,
1944 4536 1990 4607 (1,
2007 4562 2135 4619 *em

115 4636 212 4706 enim
233 4635 417 4717 dominus,
440 4645 482 4703 ut
495 4628 618 4701 Esaias
640 4630 708 4715 ait,
733 4631 920 4717 iudicium,
946 4644 982 4702 et
999 4656 1119 4704 aver-·
1148 4634 1199 4702 ris
1224 4633 1403 4723 disputare
1421 4632 1592 4718 debebas,
1615 4634 1754 4704 non-de
1777 4630 1986 4725 theologicis
1998 4664 2041 4711 ac
2059 4634 2136 4733 phi,-

115 4750 211 4808 satur
242 4737 282 4804 in
310 4730 514 4804 holocausto
539 4732 715 4823 rapinam.
778 4730 890 4804 Porro
922 4736 1100 4827 quomodo
1147 4729 1339 4825 losophicis
1351 4733 1470 4818 rebus,
1490 4757 1576 4829 quas
1591 4734 1741 4823 ignoras.
1785 4735 1886 4808 Tuae
1898 4740 2023 4829 partes
2031 4752 2136 4827 mant,

114 4838 307 4909 verisimile
335 4851 405 4921 est,
440 4824 647 4904 Luthcrum
677 4833 914 4923 indulgentias
940 4850 1002 4907 aut
1026 4859 1102 4907 ma·
1150 4838 1293 4921 docere,
1325 4834 1421 4905 unde
1443 4836 1489 4909 sit
1511 4836 1634 4923 elegis,
1664 4838 1761 4907 unde
1779 4831 1973 4929 phalaeciis
1996 4865 2136 4927 nomm,

114 4940 274 5031 lignitate
297 4938 409 5009 animi
427 4938 628 5019 damnasse,
654 4959 734 5007 cum
757 4935 795 5003 id
815 4937 966 5025 coegerit
981 4933 1120 5007 Evam.
1151 4962 1225 5008 uon
1246 4961 1336 5032 quae
1356 4936 1478 5007 literae
1501 4932 1812 5009 Christianismum
1832 4942 2000 5016 forrnent.
2058 4940 2134 5015 Non

1117 5122 1120 5129 ¹
1151 5039 1247 5133 quod
1275 5054 1349 5110 tea
1373 5039 1480 5107 sacris
1497 5062 1652 5123 arceam,
1675 5040 1738 5133 qui
1758 5063 1822 5131 per
1834 5036 2000 5115 Charites
2022 5045 2136 5131 cunin·

767 5190 770 5194 ·
840 5168 847 5191 ⁴
1118 5200 1121 5221 ,
1152 5140 1304 5209 remtibi
1318 5153 1471 5208 mentem
1492 5141 1657 5230 optarim,
1685 5141 1745 5208 scd
1758 5143 1855 5234 quod
1869 5142 2084 5235 intelligam,
2104 5159 2136 5215 te

167 5286 212 5353 16)
231 5282 386 5343 abalienati.
403 5278 524 5347 fortiter]
543 5276 586 5332 Μ.
598 5294 682 5351 opp:
698 5278 819 5345 alienati,
836 5254 883 5337 red
894 5280 1011 5339 fortiter.
1118 5300 1121 5351 !
1154 5241 1197 5309 de
1218 5241 1261 5308 iis
1283 5240 1490 5365 dispugarft,
1517 5241 1623 5335 idque
1647 5242 1767 5311 anim
1792 5268 1920 5335 pamm
1938 5246 2020 5339 Pi⁰s
2051 5268 2136 5343 ‘1¹¹¹'e

168 5374 212 5441 ta)
231 5370 409 5437 Pontificum]
428 5367 471 5423 M.
485 5383 564 5438 opp:
584 5366 766 5439 pontiflctum.
1153 5366 1336 5435 nunquam
1359 5337 1446 5413 ovde
1464 5339 1567 5437 ἄκρῳ
1585 5336 1776 5437 δακτύλῳ,
1803 5359 1842 5417 ut
1857 5342 1989 5417 Graeci
2009 5347 2137 5431 dicunt,
