4500 5782
111 204 178 281 aas
324 154 327 159 ’
692 200 1125 279 urrsrouanuu
1172 202 1282 279 um.
1319 203 1367 276 n
1419 200 1550 281 1521.
2063 210 2141 281 sor

110 377 380 469 npiuntlueem
395 375 572 450 tenebrae.
623 373 672 446 Ni
691 379 744 447 sol
761 392 898 464 noster,
924 371 1098 463 Christus,
1149 398 1229 447 mus
1242 377 1368 463 deum,
1389 388 1432 447 ut
1445 376 1503 444 vel
1521 376 1664 447 tandem
1687 376 1725 445 in
1746 379 1841 448 viam
1861 394 2002 451 revocet
2015 376 2140 451 Eccle-

109 480 245 573 praeeat
264 474 434 553 humanis
450 478 626 565 tenebris,
650 479 727 549 fieri
751 481 856 571 plane
877 504 950 549 uon
974 492 1098 571 potest,
1150 478 1222 549 siae
1242 477 1433 571 reliquias?
1479 475 1524 547 ln
1545 500 1633 570 quas
1651 491 1705 549 tot
1724 478 1797 549 iam
1814 482 1957 551 saecula
1979 504 2141 570 massan-

109 579 191 675 quin
203 579 623 673 palantesauimipassim
634 595 751 651 errent
762 598 916 654 etavero
927 581 1099 653 excidant.
1150 593 1209 651 tur
1229 579 1333 671 impii
1356 581 1532 665 doctores,
1560 578 1632 650 suis
1653 579 1801 669 linguis,
1821 596 1861 653 ut
1886 584 1936 653 ait
1949 576 2139 674 propheta,

108 676 874 775 QuoquceutmcareatistudThcologorum
883 706 1003 773 genus,
1012 705 1098 774 quas
1149 682 1375 751 mendacium
1403 694 1599 753 narrantes.
1662 678 1914 755 Periclitantur
1931 736 1934 741 -
1949 684 1988 755 in
2019 683 2139 775 priore

107 807 176 853 non
193 782 397 875 opiniones,
411 807 500 876 quae
515 797 779 873 nonportcnta,
796 786 1008 876 immoquae
1024 807 1098 853 non
1149 777 1398 873 philosophiae
1430 796 1528 873 parte
1562 782 1798 873 disputatores
1826 797 1988 861 tantuma
2030 783 2139 873 Quod

107 884 414 973 idnlqmonbngit,
437 909 546 976 quom
569 885 684 955 varias
706 886 821 955 divini
845 885 1004 955 numinis
1023 885 1099 953 sor·
1149 885 1237 952 mali
1259 879 1588 967 decleruntEthica,
1618 885 1654 951 id
1677 885 1716 952 in
1731 884 1933 955 universam
1945 881 2139 957 Ecclesiam

106 1008 178 1063 mas
189 984 347 1055 delineat
356 980 408 1078 ¹⁹),
426 1011 507 1055 cum
522 981 582 1054 hic
596 987 781 1057 essentiam
799 987 957 1057 divinam
972 1010 1009 1055 re
1023 986 1098 1076 ipsa
1150 985 1331 1075 vulgatum
1355 998 1417 1057 cst.
1483 983 1566 1053 Non
1590 980 1648 1054 hir
1672 986 1871 1077 periculum
1896 1010 2038 1070 accuso,
2077 986 2140 1065 sed

106 1086 393 1171 afflctionibus.
406 1086 467 1156 ille
486 1087 623 1156 ratione
640 1088 836 1178 distinguit,
858 1113 939 1159 cum
956 1084 1013 1157 bic
1032 1087 1099 1155 ali·
1149 1100 1366 1177 praesentem
1398 1086 1630 1155 calamitatem
1655 1088 1821 1177 deploro,
1854 1112 1944 1181 quae
1965 1086 2139 1169 eiusmodi

106 1189 403 1281 quotrealitatum
410 1188 585 1281 myriadas
594 1188 634 1259 in
644 1212 685 1257 eo
694 1202 870 1274 numerat,
888 1189 1099 1261 illercalita-
1151 1201 1221 1270 est,
1245 1200 1286 1256 ut
1300 1187 1413 1257 multo
1428 1187 1567 1255 minore
1581 1211 1697 1257 rerum
1707 1183 1993 1274 Christianarum
2006 1188 2138 1259 damno

106 1303 154 1359 tes
168 1285 474 1381 interPlatonicas
489 1287 709 1363 ldeasridct..
744 1289 905 1378 Quaeso,
929 1312 1098 1381 quorsum
1150 1289 1293 1357 interim
1312 1288 1371 1357 vel
1397 1286 1571 1357 Maxentii
1595 1289 1653 1357 vel
1672 1286 1908 1373 Diocletiani,
1927 1288 2050 1387 quiin
2067 1286 2140 1379 Ec-g'

105 1387 261 1477 ist-naam
272 1390 422 1481 putida?
447 1414 536 1483 quae
545 1388 677 1473 Paulus
690 1406 836 1462 testatur
847 1395 892 1463 ad
910 1392 1099 1461 aedifican-
1151 1390 1290 1461 clesiam
1313 1389 1407 1457 ferro
1428 1390 1641 1474 desaeviere,
1674 1413 1835 1479 regnasse
1858 1384 2141 1483 videripossint,

108 1491 189 1561 darn
208 1490 317 1561 fidem
341 1486 435 1559 nihil
454 1493 660 1565 conducere.
709 1489 774 1562 Est
795 1493 891 1561 enim
908 1493 974 1561 alia
989 1515 1099 1584 quae-
1151 1515 1255 1583 quam
1277 1504 1470 1577 regnarunt
1493 1490 1689 1559 doctorculi
1711 1491 1785 1575 isti,
1811 1491 1873 1584 qui
1897 1516 1987 1561 nova
2004 1493 2153 1583 doceat-¹
2238 1506 2241 1511 '

108 1592 189 1663 dam
205 1592 352 1683 spiritus
370 1592 548 1676 doctrina,
569 1593 640 1661 alia
661 1596 832 1684 quaedam
853 1595 931 1677 lux,
957 1616 1026 1686 qua
1045 1606 1100 1661 te·
1150 1592 1189 1659 di
1211 1588 1256 1686 ²⁰)
1285 1592 1423 1660 ratione
1453 1606 1591 1681 reperta
1620 1588 1856 1682 Evangelium
1892 1593 2140 1677 obliterarunt,

95 1692 239 1763 'ntbrae
260 1692 435 1763 mentium
458 1707 660 1763 nostrarum
685 1695 858 1764 divinitus
888 1693 1014 1763 discuti
1041 1716 1100 1762 so·
1150 1687 1290 1763 Christo
1312 1714 1331 1759 e
1351 1692 1565 1781 simplicium
1582 1693 1710 1761 animis
1729 1695 1888 1778 reuulso,
1912 1688 2138 1765 Aristotelem

107 1792 195 1867 tent.
229 1790 371 1877 Inunc,
387 1791 506 1877 Ilirce,
525 1807 559 1864 et
571 1816 671 1883 nega,
687 1793 892 1865 ldolatriam
908 1818 980 1864 esse
996 1790 1100 1863 scho-
1151 1794 1341 1863 inseruere.
1390 1788 1558 1883 Deploret
1573 1788 1823 1886 Aegyptiacam
1837 1795 2056 1881 servitutem,
2076 1795 2140 1865 de·
2188 1814 2193 1831 ·

107 1894 254 1983 lasticen
275 1893 666 1983 doctrinam,3.cuitam
683 1897 814 1979 varias,
839 1908 913 1965 tarn
929 1896 1099 1964 absurdas
1150 1894 1265 1985 ploret
1287 1887 1471 1985 Assyrium
1498 1895 1620 1983 iugum
1644 1892 1784 1969 ludaea.
1848 1891 1899 1966 At
1918 1911 2049 1987 quanto
2076 1896 2139 1966 illa

109 1998 165 2093 dp
179 1998 251 2069 deo
281 1995 472 2087 opiniones
489 1996 670 2071 debemus.
730 1995 829 2085 Quid
858 1998 955 2090 quod
985 1994 1100 2063 divini
1151 1993 1391 2065 tolerabiliora
1410 2007 1509 2063 crant
1524 1996 1654 2065 nostris
1677 1997 1798 2080 malis,
1825 2020 1906 2067 cum
1929 1997 1968 2065 in
1989 1990 2169 2089 corpora'

110 2095 284 2181 amnonis
306 2096 534 2179 dulcedinem
552 2097 770 2167 sentirenon
786 2112 900 2188 potest
913 2120 1014 2166 mens
1031 2091 1101 2165 hu·
1152 2095 1295 2189 tyranni
1309 2117 1457 2183 regnum
1472 2118 1575 2164 suum
1592 2111 1802 2167 exercerent.
1845 2095 1896 2165 Hi
1910 2098 2059 2167 Satanae
2071 2122 2139 2167 an-

109 2198 223 2273 manis
243 2196 398 2287 argutiis
426 2196 573 2267 vitiata?
625 2196 709 2267 Non
731 2199 825 2267 onim
850 2199 1000 2289 percipit
1021 2198 1101 2266 ani·
1151 2197 1220 2285 geli
1258 2196 1400 2287 piorum
1440 2196 1578 2265 animos
1614 2198 1792 2286 subegere.
1866 2195 1935 2267 Hic
1960 2194 2137 2268 Ecclesiae

107 2298 210 2377 malis
237 2293 377 2382 homo,¹
394 2322 484 2390 quae
505 2312 587 2367 sunt
606 2299 760 2389 spiritus.
816 2297 1015 2388 Intelligere
1036 2322 1100 2367 vos
1152 2296 1248 2366 Mosi
1270 2298 1401 2379 zelum,
1444 2291 1502 2365 hic
1527 2295 1653 2366 Heliae
1680 2300 1844 2389 spiritum
1865 2300 2034 2389 optarim,
2074 2301 2138 2393 qui

109 2400 250 2495 opinor,
266 2398 454 2489 principes,
480 2423 585 2491 quarn
602 2401 740 2469 nonsit
761 2425 802 2469 ex
825 2396 1100 2470 reChristiano-
1151 2394 1216 2467 hos
1241 2392 1565 2488 pseudoprophetas
1589 2399 1722 2487 iugulet
1748 2413 1782 2468 et
1807 2400 1997 2471 confodiat.
2059 2397 2139 2470 An-

108 2494 205 2587 rnm,
218 2500 345 2571 diviua
358 2501 526 2595 mysteria
542 2501 586 2570 ad
602 2496 1028 2592 philosophie-asrationes
1042 2523 1100 2568 re-
1150 2522 1223 2567 non
1234 2500 1377 2567 tandem
1388 2498 1561 2583 videmus,
1576 2513 1725 2568 curtam
1743 2500 1891 2571 sollicite
1909 2502 2021 2570 caveri
2035 2525 2139 2592 prae-

109 2603 218 2695 ferre,
234 2624 356 2695 quae,
378 2614 493 2683 utrst
515 2596 665 2671 humani
687 2602 821 2692 ingenii
840 2604 1002 2686 caecitas,
1026 2602 1100 2671 sere
1152 2599 1258 2690 cipiat
1289 2594 1477 2668 hominum
1510 2600 1687 2669 doctrinas
1715 2599 1866 2687 Paulus,
1911 2614 1983 2671 tam
2021 2603 2138 2691 gravis

111 2705 341 2781 antiocenae
356 2715 439 2775 sunt
453 2716 514 2773 aut
533 2726 678 2797 prorsus
698 2728 820 2777 vanae.
871 2702 954 2773 Non
975 2704 1099 2792 ignoro
1152 2693 1361 2791 Apostolus,
1388 2714 1479 2769 certe
1494 2701 1704 2791 praevidens
1718 2702 1838 2780 animo
1854 2702 2052 2773 miseranda
2069 2729 2137 2774 no-

110 2820 245 2890 rum,
271 2827 345 2873 esse
358 2804 502 2897 aliquod
518 2805 613 2894 apud
627 2816 742 2895 patres
761 2806 959 2895 exemplum
974 2805 1101 2874 talium
1151 2815 1304 2871 strorum
1323 2813 1521 2891 temporum
1535 2802 1625 2885 fata,
1651 2826 1730 2871 cum
1747 2803 1811 2872 ait:
1831 2798 1981 2889 Videte,
1999 2828 2042 2873 ne
2053 2804 2137 2902 quis

110 2905 409 2999 disputationum,
432 2930 502 2997 quo
526 2928 563 2975 se
586 2905 678 2975 tueri
693 2907 839 2977 sortasse
857 2906 994 2975 inimici
1013 2929 1100 2999 que-
1153 2925 1214 2971 vos
1229 2894 1467 2998 depraedetur
1486 2924 1551 2997 per
1566 2895 1845 2999 philosophiam
1862 2911 1894 2971 ct
1910 2902 2057 2974 inanem
2073 2900 2137 2977 dc-

110 3022 186 3093 tnt,
213 3008 282 3075 sed
302 3020 337 3076 et
357 3006 438 3075 illos
463 3006 615 3097 optarim
638 3006 759 3077 divina
782 3006 907 3098 purius
927 3021 1100 3088 tractasse,
1152 3001 1355 3099 ceptionem.
1406 3000 1549 3072 Scilicet
1563 3006 1605 3071 ad
1622 3028 1684 3071 vos
1701 3005 1776 3089 ista,
1799 3003 1917 3091 llirce,
1940 3031 2013 3075 non
2028 3010 2137 3098 perti-

111 3131 331 3203 quanquam,
352 3099 445 3177 bone
463 3110 568 3192 deus,
598 3123 730 3200 quanto
749 3108 888 3200 parcius
912 3132 1018 3201 quarn
1041 3105 1101 3177 isti
1151 3118 1254 3187 nent,
1280 3103 1341 3196 qui
1356 3098 1602 3188 Aristotelem,
1628 3105 1688 3196 qui
1707 3100 1893 3175 hominum
1913 3109 2050 3177 somnia
2072 3112 2139 3179 do-

110 3202 430 3303 pbilpsophantur?
479 3202 528 3279 Et
542 3202 709 3279 hactenus
725 3209 769 3277 de
782 3204 1040 3301 metaphysicis,
1056 3207 1100 3275 de
1151 3204 1258 3275 cetis?
1287 3218 1393 3296 atque
1406 3204 1454 3273 ita
1470 3205 1694 3294 pertinaciter
1710 3207 1874 3292 tuemini,
1900 3223 1941 3279 ut
1958 3211 2138 3283 uelorum

111 3310 240 3405 quibus
256 3308 421 3401 equidem
436 3308 683 3399 pluravellem
701 3311 820 3389 ,dicere
841 3310 977 3380 liceret.
1027 3307 1097 3379 Sed
1151 3305 1294 3399 quidem
1308 3300 1450 3375 Christo
1470 3305 1510 3371 in
1531 3300 1661 3373 scholis
1680 3307 1895 3377 vestrisesse
1912 3311 2039 3382 velitis.
2090 3310 2140 3385 At

110 3410 176 3481 alio
203 3422 374 3502 properat
400 3410 531 3493 oratio,
572 3411 762 3479 dicendum
785 3410 880 3479 enim
903 3406 962 3480 hic
982 3423 1033 3478 est
1054 3410 1098 3478 de
1150 3405 1356 3495 cognoscite,
1377 3405 1569 3497 principes,
1592 3406 1724 3491 obiter,
1750 3403 2060 3502 quaeLutherom
2075 3439 2141 3486 ne-

109 3525 206 3604 parte
223 3501 484 3602 philosophiae,
509 3534 599 3601 quae
615 3536 730 3580 mores
749 3513 888 3597 format,
914 3513 1008 3582 unde
1025 3534 1097 3579 nou
1150 3509 1288 3579 cessitas
1298 3507 1415 3593 adigat
1429 3508 1474 3575 ad
1488 3509 1688 3577 damnanda
1703 3504 2140 3601 philosophorumethica.

110 3612 214 3705 paulo
247 3610 377 3679 clarius
405 3610 629 3699 intelligetis,
669 3636 774 3703 quam
804 3636 878 3681 non
912 3611 1099 3681 conveniat
1151 3608 1192 3678 ln
1225 3602 1428 3679 Christiana
1461 3608 1622 3679 doctrina
1655 3609 1724 3680 loci
1756 3614 1926 3699 morales,
1972 3610 2139 3711 utputo,

109 3704 357 3809 philosophiae
397 3725 458 3781 aut
495 3706 670 3780 humanae
710 3713 843 3783 rationi
881 3737 960 3781 cum
992 3708 1099 3781 Chri·
1150 3708 1278 3780 summi
1303 3723 1372 3777 tres
1393 3722 1484 3781 sunt.
1536 3708 1621 3795 Lex,
1648 3728 1843 3801 peccatum,
1868 3717 1991 3805 gratia,
2016 3743 2035 3788 e
2058 3722 2139 3813 qui-

111 3814 221 3883 ttiana'
238 3812 411 3886 doctrina.
461 3809 602 3881 Damno
620 3813 717 3881 enim
733 3808 1098 3908 ¹ttseottpvomcicticet-
1148 3813 1215 3881 bus
1248 3811 1455 3894 censente,
1494 3834 1584 3902 quae
1606 3812 1649 3879 de
1671 3812 1770 3883 vitiis
1791 3842 1830 3901 ac
1854 3818 2062 3906 virtutibus,
2093 3824 2139 3892 «le

110 3908 201 4010 piac,
220 3914 320 4007 quod
334 3914 482 4005 periculi
500 3915 643 4004 plenum
658 3916 822 3997 arbitror,
836 3914 1001 4008 mysteria
1017 3936 1098 3983 coe·
1149 3912 1391 3995 sacramentis,
1424 3913 1468 3980 de
1489 3912 1724 3982 conscientiae
1748 3918 1887 3989 casibus
1905 3920 2139 4012 disputantur,

108 4016 209 4086 lestis
252 4014 299 4083 ad
339 4027 479 4084 nostrae
520 4015 669 4084 rationis
720 4010 907 4085 methodos
953 4014 1098 4104 exigere.
1149 4013 1302 4083 derivari
1320 4012 1445 4086 solent.
1496 4009 1573 4080 Hos
1594 4012 1653 4082 isti
1674 4014 1772 4086 locos
1797 4034 1838 4090 ut
1855 4023 1899 4089 ad
1916 4018 2139 4115 philosophi.

108 4112 237 4189 Ethica
251 4138 357 4197 vero,
375 4116 472 4207 quod
489 4115 592 4203 plane
609 4140 650 4185 ex
664 4117 837 4187 diametro
859 4140 938 4186 cunr
954 4110 1096 4187 Christo
1149 4139 1187 4185 ca
1212 4116 1376 4202 dogmata
1397 4127 1627 4200 revocarunt,
1658 4110 1726 4186 hoc
1747 4141 1858 4190 unum
1886 4122 1923 4189 in
1947 4125 2140 4195 tractandis

109 4230 281 4309 pugnant.
349 4212 390 4283 ld
415 4217 511 4308 quod
533 4216 645 4285 nolim
666 4242 686 4285 a
708 4242 766 4286 me
791 4215 965 4289 rhetorice
987 4218 1098 4307 magis
1148 4216 1256 4287 officii
1269 4215 1429 4305 partibus
1446 4227 1610 4301 egenrnt,
1634 4231 1675 4287 ut
1690 4242 1735 4286 ne
1756 4245 1830 4290 non
1846 4224 2049 4295 conveniret
2063 4226 2138 4318 spi-

109 4342 217 4413 qnam
241 4316 436 4401 veredici,
467 4317 608 4407 putetis.
660 4313 838 4409 'Optnbile
864 4333 955 4387 certe
980 4318 1097 4401 suerit,
1148 4316 1251 4400 ritui,
1281 4316 1423 4383 divinae
1444 4314 1638 4406 scripturae
1658 4322 1810 4403 auctori,
1835 4347 1914 4391 cum
1936 4320 2137 4401 Aristotele.

108 4412 175 4489 hoe
187 4441 247 4493 me
263 4440 380 4491 errare
394 4418 488 4499 loco,
513 4418 573 4487 scd
589 4412 659 4489 beu
675 4420 829 4489 nimium
844 4444 927 4489 vera
943 4433 993 4489 est
1017 4443 1097 4491 ora·
1147 4418 1238 4489 Nam
1260 4418 1298 4484 in
1314 4416 1468 4503 legibus,
1491 4416 1581 4489 libet
1596 4420 1691 4489 enim
1708 4423 1753 4487 de
1772 4423 1815 4490 iis
1833 4425 1988 4513 primurn
2009 4429 2137 4515 dicere,

107 4519 156 4589 tio
176 4542 269 4615 mea.
334 4515 457 4610 Neque
481 4542 563 4587 vero
591 4519 800 4611 simpliciter
827 4516 887 4589 hic
915 4534 1096 4611 peccatum
1148 4543 1254 4612 quarn
1270 4516 1382 4587 multa
1397 4533 1526 4589 novata
1545 4521 1652 4591 sunt?
1682 4522 1745 4590 ubi
1765 4523 1895 4593 bonam
1916 4526 2033 4617 legum
2054 4552 2136 4621 par-

108 4635 192 4705 ett,.
216 4618 280 4690 sed
308 4633 496 4711 postquam
523 4633 662 4710 recepta
692 4635 775 4692 sunt
801 4617 1096 4712 philosoplronrm
1125 4634 1219 4690 ¹tem
1247 4617 1358 4687 veluti
1386 4640 1462 4687 non
1487 4623 1716 4690 neeessariam
1750 4621 1926 4710 Consilia,
1963 4629 2013 4699 sic
2041 4632 2137 4699 enim

106 4716 251 4804 Ethica,
270 4719 361 4789 alius
377 4744 418 4789 ex
431 4720 515 4803 alio,
537 4733 578 4790 ut
594 4723 692 4807 solet,
717 4746 816 4793 error
831 4724 981 4793 subinde
991 4736 1096 4792 natus
1124 4733 1291 4809 nocant,
1316 4718 1624 4811 interpretantur,
1637 4723 1729 4811 leges
1747 4748 1820 4793 esse
1842 4728 1955 4800 voluit
1979 4753 2137 4801 necessa-¹

107 4836 173 4908 est,
215 4823 374 4914 adeoque
411 4822 613 4915 obscurata,
648 4848 669 4892 o
700 4819 895 4893 horrendas
923 4826 1096 4907 tenebras,
1145 4823 1217 4891 rias
1230 4815 1411 4904 Christus,
1436 4846 1488 4891 ue
1510 4825 1590 4914 quis
1605 4824 1664 4892 vel
1685 4828 1909 4917 concupiscat
1925 4830 2059 4913 aliena,
2090 4810 2138 4900 ne

106 4922 275 4995 universa
303 4916 436 4993 Christi
465 4922 636 4994 doctrina.
712 4923 829 5013 Quam
863 4925 1096 4997 calamitatem
1124 4923 1225 5017 ³quis
1257 4917 1501 4993 stomachetur·
1529 4925 1585 4993 v'el
1612 4924 1737 4994 tacitus
1775 4929 1941 4997 adversus
1981 4930 2134 5015 fratrem,

105 5020 287 5096 Ecclesiae
309 5046 372 5093 cur
392 5046 466 5092 non
488 5023 540 5113 pii
564 5048 686 5095 ornnes
705 5026 883 5118 perpetuis
905 5022 1096 5120 lachrymis
1146 5026 1289 5118 nequis
1309 5024 1385 5093 vim
1408 5024 1444 5093 vi
1465 5034 1595 5107 arceat,¹
1626 5050 1716 5094 uere
1732 5027 1901 5097 iniuriam
1922 5029 2051 5099 iniuria
2077 5054 2136 5101 re„

105 5123 358 5219 deploramus?
397 5147 460 5194 cur
485 5147 558 5193 non
589 5127 737 5197 assiduis
760 5127 949 5216 gemitibus
977 5129 1097 5218 placa·
1212 5194 1216 5201 .

156 5346 201 5417 1⁹)
220 5342 352 5409 dditet]
370 5342 503 5415 M·-⁰er·=
524 5343 667 5399 Μίνωι·
702 5388 706 5395 ·
1197 5353 1244 5416 so>
1263 5351 1392 5417 ananau
1411 5352 1452 5404 rr.
1468 5370 1548 5423 oppa
1565 5348 1678 5403 arceas.

106 5424 286 5489 lirirrrrr.
313 5418 415 5485 Orru.
442 5419 561 5483 Vonl.
1316 5424 1366 5492 ρο
