4500 5782
169 208 270 341 imi
734 204 1167 286 EPISTOLARUM
1220 214 1329 292 LlB.
1364 151 1428 293 lli.
1461 218 1612 303 8689.
1829 244 1832 255 “
2104 235 2193 311 1088

168 382 218 454 tia
239 381 416 475 postulare
441 385 599 474 possunt.
652 376 897 453 Iurisconsulti
920 395 1068 475 possunt
1088 380 1156 451 ali·
1218 383 1285 461 No.
1299 386 1388 465 628.
1650 431 1652 434 <
1779 468 1784 477 ,
2022 388 2104 477 es.
2119 409 2193 494 Aug.

168 484 256 577 quid
273 481 487 572 excogitare,
510 494 550 551 ut
565 479 757 553 defendant
772 482 870 551 illam
889 507 965 554 rem
985 505 1060 552 non
1082 505 1155 552 esse
1214 480 1385 512 *ὡ
2040 499 2192 527 *⁴⁸⁸-

168 584 356 668 iuiustam,
389 583 474 675 quia
496 583 553 664 ius
573 584 741 654 concedat
767 577 928 676 πόλεμον
957 584 1093 680 αἴρειν,
1126 583 1156 652 si
1413 576 1598 694 Mdgntt,
1612 578 1747 679 ‚Duct'
1774 581 1994 702 Megdpol.

49 752 55 755 .
167 696 304 756 recuset
328 684 550 773 magistratus
569 705 726 754 >causam
756 707 981 775 cognoscere3
1019 686 1081 756 sed
1105 698 1157 755 est

89 1711 96 1724 t
175 1699 345 1730 Μ

168 787 274 856 nimis
303 785 471 855 calidum.
533 782 607 852 Nos
637 809 712 855 non
739 799 889 860 utemur.
948 785 1057 857 Mitto
1089 784 1157 854 tibi
1274 770 1392 844 EP³¹¹⁰¹·
1406 771 1454 828 Μ’·
1469 771 1492 827 ¹·
1509 781 1538 846 t'·
1550 775 1594 832 ⁷⁷·
1611 776 1768 845 (edstont.
1780 778 1838 838 ub.
1851 782 1872 838 1·
1894 801 1937 855 ee·
1950 785 2012 853 ib)

169 883 442 1004 dispositionem
459 878 781 1004 adRomanos,·de
796 912 866 981 qua
880 901 998 972 teoto,
1015 882 1156 1004 utmibi
1333 924 1391 1000 M
1537 929 1580 1002 D
1635 931 1726 1006 Me
1825 935 1844 1008 I
1915 938 1985 1013 ..S
2015 941 2061 1014 D

140 1014 232 1080 pet
247 1000 486 1073 occasionem,
509 1011 589 1058 cum
610 983 757 1058 habebas
780 990 912 1070 otium,
936 1003 1038 1060 tuum
1062 989 1157 1057 rude·
1387 955 1506 1026 ἅμ’
1583 957 1640 1004 ‘¹⁶⁸
1724 960 1801 1033 gap
1803 963 1825 1006 ⁰
1842 963 1920 1012 Μ’
1983 997 1994 1018 ’
2062 995 2073 1017 ·

168 1094 262 1160 cium
280 1090 486 1181 perscribas.
537 1087 636 1162 Vale.
659 1154 660 1158 ,
1209 1054 1264 1147 Et
1285 1101 1325 1146 cx
1346 1075 1460 1148 literis
1480 1080 1551 1148 tuis
1572 1083 1811 1185 amantissime
1828 1087 1986 1179 scriptis,
2013 1107 2048 1164 et
2067 1119 2108 1165 ex
2124 1121 2195 1188 gra-

909 1185 1104 1270 φίχιπῃος,
1210 1178 1352 1248 vissimo
1373 1173 1538 1250 Arnotdi
1558 1204 1737 1270 sermone,
1769 1186 1832 1281 qui
1852 1201 1996 1261 tuarum
2015 1194 2194 1271 literamm

1209 1275 1477 1380 humanitatem*
1493 1283 1612 1351 verbis
1640 1286 1845 1357 subsecutus
1875 1305 1943 1377 est,
1982 1295 2197 1370 benevolen-

1210 1378 1294 1451 tiam
1320 1404 1402 1471 erga
1424 1404 1481 1451 me
1502 1395 1599 1452 tuam
1624 1384 1838 1484 singularem
1857 1396 2022 1483 cognovi.
2077 1399 2196 1490 Quan-

1210 1507 1315 1574 quam
1335 1497 1452 1552 autem
1473 1477 1566 1553 nihil
1583 1480 1673 1554 mihi
1689 1488 1845 1560 accidere
1867 1496 2001 1583 gratius
2023 1522 2064 1569 ac
2086 1497 2197 1574 hono-

176 1605 245 1675 NQ
260 1602 347 1675 6274
967 1618 1024 1678 23,
1049 1608 1132 1693 Aug
1209 1583 1401 1653 rifieentius
1426 1584 1491 1653 tali
1514 1598 1576 1655 tuo
1600 1587 1657 1655 vel
1685 1590 1801 1660 studio
1830 1594 1887 1663 vel
1916 1596 2052 1669 iudicio
2076 1618 2198 1695 potest,

955 1692 1152 1733 m
1210 1699 1326 1754 tamen
1341 1679 1433 1754 banc
1448 1696 1545 1755 tuam
1563 1688 1780 1761 voluntatem
1791 1696 1903 1784 magis
1915 1699 2134 1791 reipublicae
2156 1708 2198 1776 li..

425 1787 539 1875 qu·
587 1784 901 1899 Repffenmpn·
1209 1787 1358 1855 terariae
1389 1810 1496 1880 quam
1524 1785 1615 1857 mihi
1653 1792 1819 1882 privatim
1856 1801 2031 1886 gratulor.
2108 1805 2196 1878 Nam

233 1977 236 1983 ,
1210 1911 1289 1956 cum
1306 1882 1362 1956 his
1376 1886 1498 1957 ferreis
1512 1893 1731 1982 temporibus
1745 1894 1867 1966 literae
1883 1900 2029 1990 publico
2044 1909 2198 1983 tumultu

238 2001 336 2059 Mmffi
358 2000 461 2069 cmg.
485 2016 516 2082 p..
533 1997 595 2053 ese.
651 1996 762 2080 contuli
779 2001 933 2074 apographa
952 2003 981 2057 in
999 2005 1061 2061 cod.
1075 2004 1158 2063 Goth.
1211 1987 1311 2083 quasi
1335 1988 1544 2058 conterritae
1567 1989 1774 2064 interiturae
1796 1997 2004 2087 videantur,
2030 2007 2102 2076 nisi
2126 2023 2197 2080 stu-

260 2072 330 2126 tot.
348 2087 375 2140 e·
393 2068 452 2134 ⁸⁸o
471 2077 496 2119 εἰ
510 2087 538 2120 ¹¹¹
551 2069 612 2122 00‘1·
627 2067 708 2124 ⁸⁸⁵11·
723 2068 767 2126 ⁵9·
787 2089 816 2142 e·
829 2071 872 2126 ⁵⁸·
1186 2092 1189 2097 ‘
1210 2089 1267 2158 dia
1291 2112 1411 2159 earum
1433 2113 1556 2161 mrsus
1574 2094 1724 2166 excitent
1737 2096 1814 2182 isti,
1838 2101 1901 2191 qui
1916 2127 2039 2174 rerum
2050 2111 2197 2199 potiun-

199 2241 237 2316 θ
277 2239 460 2312 sinemo
497 2233 830 2338 lenissimam
870 2235 1007 2314 Paete
1173 2205 1288 2283 ω’
1327 2191 1500 2310 ¹⁰³¹ii⁰²¹⁸
1523 2189 1618 2311 aaa
1641 2194 1815 2289 v⁰¹¹¹1222¹¹i
1836 2214 1908 2286 ⁰⁵2
1960 2207 2112 2278 existere
2134 2214 2197 2282 ali·

245 2271 268 2315 η
1008 2269 1066 2343 pp
1077 2271 1126 2317 ω
1210 2314 1315 2384 quem
1332 2305 1440 2389 vestu
1454 2294 1609 2380 ordrnrs,
1634 2295 1698 2389 qui
1712 2299 1888 2371 studiosos
1904 2298 2090 2396 homines,
2113 2325 2147 2382 et
2160 2331 2196 2385 ut

415 2334 765 2412 Melanchthon
799 2340 908 2420 S.D.
1451 2394 1460 2411 ·
1692 2396 1699 2413 ·

250 2439 252 2442 ,
1209 2390 1338 2462 Poetae
1361 2392 1496 2463 verbrs.
1510 2408 1608 2482 utar,
1646 2405 1768 2467 tristes
1792 2393 1863 2470 leae
1889 2412 2102 2502 tempestate
2122 2405 2196 2482 Co·

164 2480 329 2592 Nepote,
358 2496 412 2566 tui
437 2493 465 2589 ¹)
497 2496 686 2588 cupiebam
718 2497 762 2565 ad
787 2511 821 2567 10
845 2499 1035 2588 proficisci,
1075 2502 1165 2594 quia·
1209 2517 1377 2575 moereas,
1403 2495 1576 2587 respiciat.
1624 2495 1748 2592 Neque
1765 2485 1860 2573 enim
1878 2507 2005 2578 dubito
2020 2513 2110 2604 quin
2127 2528 2196 2585 stu-

165 2598 225 2670 bic
249 2597 509 2668 formidabatur
533 2592 687 2686 Anglica
708 2598 814 2688 pestis
832 2595 882 2690 ²),
914 2625 1003 2693 quac
1031 2626 1158 2693 perva.
1209 2596 1278 2664 diis
1296 2595 1427 2666 nostris
1445 2619 1485 2665 ea
1505 2598 1659 2683 tribuas,
1685 2624 1774 2694 quae
1798 2600 1887 2674 mihi
1911 2611 2107 2684 tribuenda
2130 2640 2195 2687 esse

165 2715 243 2793 gata
266 2715 316 2774 est
338 2698 412 2768 fere
433 2712 544 2769 totam
559 2696 780 2768 saxoniam
813 2697 943 2769 Dimisi
961 2702 1079 2795 itaque
1098 2727 1157 2772 eos
1208 2697 1351 2771 duxisti·
1402 2696 1559 2768 Proinde
1575 2696 1745 2770 elsslmihl
1766 2703 1803 2773 i1¹
1820 2700 1886 2775 hac
1902 2710 2034 2783 misera
2056 2702 2194 2788 fortuna

166 2827 240 2872 non
256 2799 401 2871 invitus.
454 2798 574 2869 Tuum
592 2798 669 2882 erit,
690 2799 836 2884 efficere,
858 2825 903 2869 ne
919 2804 1035 2872 studia
1054 2828 1157 2895 pror·
1207 2799 1389 2868 literarum
1403 2811 1540 2888 gratrnn
1556 2812 1608 2868 est
1622 2795 1752 2871 babere
1766 2807 1877 2877 veluti
1890 2810 2049 2904 aliquem
2058 2812 2194 2889 Maece·
2235 2872 2240 2879 -

165 2928 225 2975 sus
243 2902 489 2973 intermittant.
537 2900 619 2971 Scio
635 2901 746 2992 patris
761 2902 867 2971 fuissc'
885 2904 1091 2988 consilium,
1115 2919 1157 2975 ut
1207 2913 1347 2984 uatem,
1370 2914 1490 2970 tamen
1502 2895 1571 2970 boc
1585 2901 1696 2972 multo
1713 2903 1904 2977 iucundius
1921 2925 1994 3000 est,
2017 2921 2118 3010 quod
2134 2944 2193 3012 pu-

165 2999 433 3075 Theodoricum
454 3002 631 3091 ablegaret
646 3002 686 3071 in
704 3002 859 3095 aliquam
874 2996 1054 3076 decuriam
1069 3007 1156 3076 scri·
1206 3000 1340 3071 blicum
1356 2995 1583 3070 honestarum
1604 3004 1733 3073 artium
1757 3031 1797 3078 ac
1819 3011 2022 3084 studiorum
2044 3000 2192 3110 patroci-

166 3109 310 3190 barum,
335 3105 399 3174 ubi
419 3104 567 3173 disceret
587 3128 707 3187 usum,
733 3105 795 3196 qui
818 3128 914 3174 nunc
939 3107 977 3174 in
1000 3107 1155 3176 admini-
1208 3104 1309 3172 nium
1323 3101 1498 3192 suscipere
1514 3098 1606 3171 mihi
1620 3105 1805 3180 videaris·
1833 3106 1953 3206 Atque
1972 3111 2068 3189 hauc
2086 3145 2191 3194 meam

165 3208 334 3278 ,tratione
349 3200 379 3299 ³)
406 3205 517 3293 magis
539 3219 608 3289 est,
642 3229 748 3296 quam
771 3205 942 3276 doctrina.
974 3204 1078 3296 *Ego
1102 3222 1155 3278 ta-
1207 3206 1251 3274 de
1273 3217 1309 3272 te
1327 3203 1534 3294 opinionem
1557 3203 1680 3275 literae
1701 3211 1782 3278 tuae
1805 3234 1901 3283 nunc
1927 3217 2192 3301 confirmarunt.

166 3334 247 3378 men
273 3307 392 3399 putavi
416 3330 535 3376 meum
560 3305 746 3374 consilium
770 3306 836 3375 tibi
864 3307 968 3375 etiam
992 3308 1155 3378 indicau-
1206 3305 1425 3396 Peperefflssl
1453 3319 1568 3376 aulem
1600 3330 1695 3377 ³⁰⁰⁰
1724 3308 2192 3412 ⁸1¹P⁰r50re‘)'d0cllssimi

166 3413 251 3480 dum
273 3431 356 3479 csse.
409 3405 513 3475 Talia
534 3407 763 3476 fundamenta
786 3408 868 3477 iecit
889 3407 927 3476 in
952 3410 1081 3493 literis,
1105 3411 1154 3480 sie
1207 3429 1386 3476 sermones
1402 3405 1472 3490 tui,
1497 3411 1577 3476 cum
1592 3408 1650 3475 me
1665 3409 1708 3477 ad
1719 3412 1943 3506 'colloquium
1959 3420 2191 3496 familiarissi-

166 3513 272 3581 etiam
296 3511 472 3596 ingressus
495 3520 546 3576 est
569 3508 607 3574 in
630 3505 721 3577 luris
743 3509 919 3593 studium,
956 3524 997 3579 ut
1018 3534 1153 3602 sperem
1206 3530 1263 3577 me
1285 3507 1540 3587 accersivisses,
1569 3507 1636 3577 ubi
1656 3511 1757 3580 facile
1782 3514 2025 3607 intelligebam
2053 3537 2088 3594 te
2114 3522 2190 3598 baec

166 3636 247 3681 euru
266 3623 536 3679 consecuturum
560 3608 710 3677 solidam
723 3607 762 3676 in
779 3632 818 3677 ea
834 3632 871 3678 re
886 3612 1102 3695 doctrinam,
1124 3612 1154 3680 si
1206 3609 1322 3681 studia
1339 3610 1539 3692 literarum,
1565 3633 1639 3677 non
1655 3613 1846 3698 adductum
1865 3618 1965 3687 inani
1991 3627 2189 3712 ambitione,

166 3723 250 3784 uon'
275 3710 513 3780 abstraxeritis
539 3734 619 3778 eum
641 3711 686 3778 ab
708 3733 748 3779 eo
773 3710 903 3783 studio.
968 3710 1100 3783 Melius
1122 3727 1155 3784 et
1206 3711 1425 3800 complexum
1439 3733 1529 3777 esse:
1556 3713 1616 3778 sed
1633 3713 1716 3805 quia
1734 3728 1901 3787 statueres
1917 3724 2103 3796 neminem
2121 3731 2189 3799 sine

166 3812 334 3904 dignitati
351 3825 385 3882 et
400 3810 546 3882 utilitati
561 3810 776 3892 consuleret,
809 3811 840 3880 si
861 3813 1050 3902 praeferret
1073 3839 1151 3905 per-
1206 3810 1274 3882 boe
1294 3812 1529 3881 instrumento
1550 3812 1595 3881 ad
1611 3816 1863 3906 rempublicam
1891 3822 1984 3893 bene
2004 3833 2188 3915 gerendam

164 3919 292 3985 lectam
309 3913 506 3983 doctrinam
523 3912 689 3981 illiterato
699 3913 780 3981 usui
789 3912 995 3986 scribarum.
1023 3913 1113 3985 Vide
1124 3912 1154 4009 ⁴)
1206 3917 1375 3985 idoneum
1397 3936 1481 3985 esse.
1531 3911 1608 4003 Ego
1629 3914 1738 4004 igitur
1749 3913 1928 3991 ,hactenus
1951 3936 2100 3999 tuorum
2123 3949 2189 4002 stu·

166 4030 295 4112 quanta
314 4017 359 4084 sit
373 4014 585 4082 discentium
605 4013 775 4105 paucitas:
793 4009 882 4082 mihi
898 4017 1010 4100 crede,
1026 4040 1154 4106 magno
1191 4100 1193 4105 y
1207 4019 1348 4087 diorum
1363 4014 1515 4084 libenter
1528 4017 1686 4099 memini,
1704 4042 1813 4112 eaque
1828 4024 1970 4113 publice
1987 4034 2189 4119 praedicari.

165 4132 271 4189 erunt
297 4117 336 4186 iu
366 4116 479 4207 pretio
512 4115 693 4206 aliquanto
709 4111 736 4208 ⁵)
765 4130 858 4208 post
875 4117 987 4185 solide
1015 4119 1155 4188 eruditi.
1206 4118 1295 4188 Nam
1317 4130 1357 4186 ut
1378 4129 1527 4186 exstaret
1548 4111 1656 4185 buius
1675 4120 1747 4188 mei
1767 4123 1811 4189 de
1833 4136 1866 4192 te
1889 4124 2017 4197 iudicii
2039 4135 2188 4204 testimo-

164 4218 262 4292 Haec
290 4219 412 4309 scripsi
436 4217 652 4286 admonendi
676 4215 728 4285 tui
751 4241 869 4303 eausa,
895 4242 969 4287 non
991 4219 1154 4292 docendi.
1207 4219 1324 4303 nium,
1349 4217 1511 4287 dedicavi
1532 4218 1598 4287 tibi
1624 4224 1913 4294 commentarium
1942 4227 1981 4295 in
2005 4237 2189 4305 sententias

164 4317 266 4396 Nihil
296 4321 409 4403 malo,
450 4341 555 4412 quam
583 4331 623 4388 ut
652 4312 738 4385 baec
769 4319 885 4388 studia
918 4320 1153 4391 retineantur:
1207 4320 1408 4391 Salomonis
1424 4317 1611 4409 scriptum,
1628 4320 1691 4412 qui
1708 4326 1912 4415 propediem
1927 4327 1968 4395 iu
1983 4330 2099 4403 lucem
2115 4340 2189 4406 cde-

165 4424 296 4515 quibus
320 4421 474 4498 amissis,
510 4419 608 4487 nulla
623 4418 691 4487 erit
705 4419 859 4508 legitima
883 4421 998 4489 forma
1018 4445 1156 4493 rerum·
1207 4437 1265 4494 tur
1288 4415 1359 4515 **).
1418 4418 1582 4507 Tuvero
1609 4423 1705 4514 quod
1728 4425 1833 4509 facis,
1866 4429 2037 4503 Omnibus
2064 4437 2190 4527 ingenii

163 4524 398 4615 publicarum.
451 4519 539 4592 Vale
562 4519 722 4592 feliciter.
775 4517 985 4599 iPostridie
1003 4519 1156 4594 Bartho-
1208 4537 1312 4617 atque
1336 4522 1447 4590 animi
1465 4521 1602 4591 viribus
1624 4524 1663 4591 in
1685 4518 1770 4593 haec
1792 4525 1924 4615 studia,
1959 4535 2003 4602 ad
2029 4563 2120 4630 quae
2141 4565 2188 4608 sa·

164 4623 319 4695 lomes·
338 4616 379 4718 ⁶).
550 4698 554 4708 ἱ
1209 4624 1427 4717 pientissimo
1450 4624 1559 4713 patris
1580 4623 1728 4693 consilio
1744 4622 1925 4721 adhibitus
1938 4657 1994 4718 es,
2021 4638 2188 4712 incumbe.

1208 4726 1355 4796 Nullum
1380 4725 1474 4793 euim
1489 4737 1747 4795 'ornamentum
1770 4743 1904 4800 vestrae
1925 4737 2110 4813 nobilitati
2132 4739 2188 4811 bo

1208 4829 1342 4897 nestius
1365 4839 1433 4910 est,
1458 4850 1565 4918 quam
1581 4828 1730 4917 perlecta
1748 4818 1921 4906 doctrina.
1974 4834 2056 4909 Etsi
2077 4869 2188 4913 verum

218 4927 247 4985 ¹)
267 4923 310 4975 ’ω’
328 4920 391 4975 ⁰⁰⁶·
407 4920 469 5017 ¹³³3·
486 4919 595 5014 ΡΨ
608 4929 638 4972 ¹¹¹
652 4920 730 4975 ¹²³b²¹
745 4921 830 4976 Mffl·
1209 4942 1278 5014 est,
1304 4929 1399 5022 quod
1417 4927 1539 4999 scribit
1552 4926 1670 5012 Plato,
1693 4926 1821 5005 natura
1843 4933 1937 5005 inter
1957 4961 1994 5007 se
2011 4939 2188 5015 cohaerere

215 5006 243 5075 2)
264 5004 361 5056 Sudor
377 5005 503 5068 anglicus
522 5002 669 5056 dicebatur.

215 5089 243 5151 8)
263 5086 348 5141 Mani.
366 5087 563 5138 adniteotr'one.

93 5268 101 5274 .
215 5178 243 5233 il
262 5169 507 5271 cod-3³³·v1'ffl·
1241 5191 1269 5257 ¹¹)
1293 5189 1371 5271 Haud
1395 5191 1475 5272 dubie
1495 5192 1563 5274 Mel.
1585 5213 1648 5249 eum
1670 5204 1739 5279 esset
1761 5195 1958 5277 iaJsburiugia
1979 5205 2113 5279 Magnum
2135 5214 2189 5264 cidit

216 5257 242 5322 6>
262 5256 409 5321 aliquanto
424 5270 480 5303 non
496 5250 574 5305 babet
586 5251 673 5308 Manl.
917 5316 919 5321 ,
1276 5257 1451 5330 Wrmanae,
1470 5261 1516 5314 ubr
1530 5262 1692 5318 educabatur
1704 5272 1752 5317 rste
1766 5280 1899 5339 princeps.

215 5341 243 5409 6)
263 5337 334 5406 llaec
349 5335 424 5392 addit
438 5354 462 5389 c.
479 5334 538 5393 Bes·
679 5394 682 5402 ,
1178 5362 1181 5391 ι
1240 5332 1288 5411 *8)
1303 5343 1500 5400 Praetentate.

164 4804 386 4824 m
