4500 5782
488 296 491 301 ,
572 204 1011 361 nelsronaauru
1060 242 1169 321 nra
1207 250 1286 328 rv.·
1321 248 1456 327 csse.
1951 254 2048 329 err·

87 402 252 475 necemus
276 404 500 495 magistratus
518 430 614 478 arma
637 408 800 500 capiunt,
831 409 991 481 seditiosi
1042 414 1135 491 nihil
1164 426 1374 519 scripserim.
1441 427 1619 502 Videntur
1646 426 1735 503 mihi
1766 457 1806 504 ex
1837 424 2031 517 Theologis

87 506 167 591 ‚lia
182 506 310 577 seditio
328 521 380 576 esi
394 508 518 578 tollere
531 508 609 578 illas
625 510 881 596 ordinationes,
900 534 990 605 quae
1040 518 1213 612 paulatim
1227 530 1303 600 fieri
1315 525 1573 631 ματαιολόγοις
1601 534 1704 605 video
1722 534 1829 619 enlm,
1850 556 1910 603 cot
1924 526 2030 621 lilim}

87 624 104 677 a
123 626 415 703 unumquemque
437 622 557 680 tenere
579 609 722 693 iubent,
754 625 791 682 et
809 613 855 683 ab
870 612 989 684 alieno
1040 626 1085 695 ad
1103 628 1275 700 racionem
1297 653 1462 705 revocare
1482 636 1645 727 dogmata
1668 630 1825 722 obsisti,
1856 649 1891 705 et
1910 626 2029 725 philo·

87 728 186 781 nere.
235 704 337 778 Nihil
354 710 399 779 ad
420 734 485 780 noe
499 710 655 784 Socratis
675 713 857 783 somnium
878 715 989 806 perti-
1040 724 1193 822 sophari.
1216 800 1221 807 ,
1244 729 1341 827 Ergo
1356 750 1450 807 certo
1468 738 1615 810 consilio
1631 732 1747 811 adbuc
1764 761 1839 809 non
1855 732 2029 807 admiscui

102 810 165 905 qui
179 810 221 879 iu'
232 809 294 881 illa
308 814 550 884 commentitia
564 837 625 884 sua
641 814 822 909 republica
834 815 989 887 suaviter
1040 852 1097 898 me
1126 835 1346 915 contentioni
1368 832 1451 933 περὶ
1474 834 1726 935 εὐχαριστίας,
1758 842 1875 910 dicam
1898 850 2029 919 tamen,

87 924 153 983 dur
176 912 221 981 de
246 918 366 982 rerum
386 916 646 985 communione·
704 911 868 987 Christus
891 916 987 986 essim
1038 932 1102 1001 ubi
1122 926 1279 1027 primurn
1294 952 1437 1011 tantum
1451 955 1576 1014 nactus
1590 942 1692 1015 suero
1707 942 1791 1028 otii,
1816 962 1931 1011 meam
1947 960 2029 1007 sen·

87 1024 198 1098 tuos,
217 1036 263 1082 ne
279 1015 526 1106 perturbemus
541 1014 716 1108 legitimas
728 1016 989 1089 civitatumor-
1039 1034 1197 1110 tentigm,
1250 1036 1323 1135 1955
1339 1040 1388 1111 sic
1403 1042 1557 1133 pingunt
1568 1036 1770 1126 christum,
1796 1056 1892 1113 certo
1907 1038 2027 1133 aliquo

87 1113 209 1185 lienes.
281 1112 422 1186 Interea
452 1131 573 1189 tamen
600 1117 795 1190 liberaliter
826 1117 987 1190 iuvemus
1038 1134 1115 1206 10⁶0
1133 1138 1333 1226 sedentem,
1358 1142 1450 1216 sicut
1462 1140 1645 1215 Homerus
1660 1142 1780 1217 lovem
1797 1167 1919 1228 suum,
1941 1164 2028 1211 con·

88 1228 153 1300 tes,
185 1238 226 1285 ne
247 1219 454 1307 praesertim
481 1219 663 1290 ministros
685 1217 922 1291 Ecclesiarnm
945 1245 987 1291 ac
1037 1235 1217 1311 vivamem
1234 1242 1327 1335 apud
1351 1240 1557 1337 Aethiopas,
1610 1242 1706 1317 Mihi
1729 1245 1983 1317 alienissimum
2005 1266 2027 1311 a

88 1330 183 1387 ores:
216 1340 299 1386 narn
322 1317 366 1387 iis
389 1320 541 1389 maxime
564 1321 753 1404 debemus,
784 1323 875 1393 sicut
898 1323 986 1392 scri-
1037 1338 1208 1430 scriptura
1232 1344 1393 1430 videtur,
1425 1349 1550 1419 tollere
1573 1347 1808 1441 praesentiam
1830 1342 1966 1419 Christi
1985 1368 2028 1413 cx

88 1438 214 1508 rsaepe
230 1419 343 1493 docet.
394 1418 465 1490 Sed
480 1445 664 1516 nunquam
679 1420 896 1494 inEcclesiis
912 1423 986 1493 illi-
1035 1432 1271 1517 Eucharistia,
1319 1445 1409 1519 Vale
1422 1449 1584 1527 feliciter,

88 1518 150 1589 lius
173 1513 288 1588 habiti
312 1535 396 1593 sunt
423 1525 639 1610 sacerdotes,
671 1546 776 1619 quarn
799 1519 868 1594 hoc
893 1538 985 1595 tem-
1496 1576 1592 1653 Ph..
1706 1581 1782 1653 Ml
1850 1575 1916 1652 hh

88 1670 113 1693 .-
152 1616 310 1709 Quidam
332 1618 560 1696 vehementer
579 1620 787 1716 Evangelici
809 1626 985 1697 invadunt
1023 1630 1026 1635 ’
1555 1584 1686 1675 'hppm
1750 1606 1850 1653 ΗΜ
1877 1596 1890 1651 t
1916 1604 1978 1650 ου’

88 1720 291 1793 resesaiones
305 1725 454 1795 donatas
468 1726 593 1797 usibus
605 1722 801 1813 Ecclesiae,
826 1740 890 1798 aut
906 1742 984 1799 stu-

104 1812 196 1891 ¹sine
221 1822 351 1917 quibus
383 1828 546 1898 doctrina
573 1828 755 1919 religionis
782 1828 983 1900 conservari

88 1934 214 2017 potest,
236 1937 272 1994 et
284 1927 410 2018 vulgus
420 1929 552 2023 ubique
568 1930 753 2001 defraudat
768 1954 849 2001 suos
864 1944 983 2022 pasto-

91 2024 200 2119 idque
220 2024 358 2098 faciunt
377 2023 417 2098 hi
436 2030 608 2118 maxime,
639 2032 702 2124 ¹qui
727 2056 762 2102 se
784 2032 983 2122 gloriantur

93 2121 348 2216 Evangelicos‚
381 2154 462 2201 cnm
482 2127 653 2204 Doctores
677 2129 864 2223 Evangelii
896 2159 982 2204 nus·

88 2250 101 2296 ι
117 2221 349 2301 inhumanius
363 2244 568 2303 tractentur.
618 2232 750 2305 Paulus
766 2229 832 2304 hos
847 2234 983 2327 duplici

88 2350 131 2399 re
146 2328 272 2418 dignos
287 2354 360 2401 esse
375 2334 514 2419 scribit,
540 2357 608 2429 qua
627 2359 667 2405 re
686 2336 804 2406 omnia
827 2336 981 2408 caritatis

89 2452 209 2519 aerga
233 2427 298 2500 hos
324 2435 475 2505 maxime
501 2437 659 2529 oportuit
688 2461 857 2512 exercere.
922 2437 982 2510 Sic

89 2530 322 2619 csentiamus,
341 2531 563 2607 Christianos
577 2553 670 2609 recte
686 2538 816 2622 lacere,
842 2539 872 2609 si
884 2541 981 2611 iuxta
1033 2561 1177 2639 1000),
1186 2567 1276 2641 imo
1304 2558 1500 2639 camera
1511 2562 1600 2651 μ’μ’
1632 2561 1752 2633 amico
1774 2583 1841 2632 sue
1862 2584 2022 2639 summo,

89 2654 166 2701 mas
188 2634 372 2707 civitatum
388 2638 630 2719 ordinationes
653 2656 821 2711 maneant
840 2642 878 2709 in
900 2664 982 2732 pos-
1269 2710 1272 2715 .

89 2732 226 2819 suibus,
261 2738 369 2807 modo
398 2764 463 2832 pro
485 2740 712 2813 facultatibus
736 2744 981 2837 unusquisque
1032 2714 1076 2805 S.
1096 2737 1140 2808 D.
1191 2738 1250 2810 Sic
1266 2760 1344 2808 sum
1361 2737 1570 2827 defatigatus¹
1585 2730 1780 2850 scribendis
1798 2729 2035 2845 epistoliset
2102 2742 2105 2747 '

89 2830 185 2905 cliter
199 2836 370 2926 largiatur
382 2842 576 2929 egentibus.
627 2840 778 2913 Talibus
792 2843 915 2914 officiis
929 2858 981 2916 est
1032 2840 1151 2910 nescio
1176 2840 1306 2935 quibus
1333 2840 1412 2909 aliis
1433 2838 1537 2928 nugis
1560 2836 1627 2907 sub
1661 2833 1851 2950 dsscessuur
1874 2824 2021 2910 Sectm,

89 2935 172 3006 >sita
185 2960 318 3008 merces
334 2938 374 3009 iu
388 2939 534 3017 Psalm:
552 2938 753 3041 Dispersit‚
771 2940 869 3014 dedit
880 2968 981 3043 pan-
1031 2954 1072 3009 ut
1095 2964 1170 3011 non
1198 2941 1375 3032 potuerim
1398 2941 1462 3011 tibi
1490 2953 1525 3009 et
1546 2951 1662 3009 vestro
1685 2934 1851 3051 sodalrtm
1873 2953 2021 3023 respon-

89 3060 155 3117 σε,
190 3035 336 3108 iustitia
359 3038 436 3111 eins
458 3051 581 3114 manet
608 3044 648 3113 in
674 3041 845 3115 seculum.
902 3044 980 3117 Hoc
1032 3042 1124 3116 clere.
1175 3040 1369 3113 Excusabis
1386 3042 1494 3132 igitur
1509 3040 1580 3111 illis
1597 3035 1923 3107 meumsrlentrum.
1965 3028 2021 3102 De

108 3139 225 3209 obiter
241 3142 448 3229 admonere,
473 3145 556 3241 quia
579 3148 735 3239 comperi
758 3149 850 3219 inter
871 3148 979 3241 impia
1030 3138 1175 3213 Duren‘
1188 3158 1302 3213 morte
1320 3136 1359 3237 ‘)
1380 3144 1471 3213 sarna
1495 3141 1598 3211 citius
1623 3135 1694 3209 buc
1718 3134 2019 3218 eFrancofordra‚

89 3239 485 3333 raptistarumdogmata
508 3241 575 3318 hoc
598 3274 739 3343 quoque
754 3272 848 3335 esse,
871 3247 979 3322 Chri·
1030 3271 1136 3338 quarn
1166 3245 1400 3334 eNoriberga
1426 3244 1560 3335 perlata
1589 3255 1658 3324 est,
1690 3240 1752 3308 sed
1785 3260 1869 3327 ego,
1901 3250 1942 3308 ut
1968 3238 2020 3358 lit3

89 3364 122 3411 rs
145 3357 307 3433 oportere
332 3346 510 3418 discedere
530 3373 549 3417 a
571 3350 818 3438 facultatibus,
851 3375 977 3446 easque
1029 3348 1193 3418 nolebam
1212 3362 1345 3419 tantam
1367 3368 1443 3415 rem
1464 3358 1595 3415 temere
1616 3344 1768 3413 credere.
1817 3337 1930 3409 Doleo
1955 3340 2016 3458 tals
2083 3398 2086 3404 .

89 3462 229 3512 mmune
244 3447 414 3516 conferre.
464 3446 588 3535 Porro,
610 3452 672 3546 qui
689 3446 894 3523 huiusmodi
909 3454 977 3524 irn-
1028 3461 1064 3518 et
1083 3449 1160 3521 viro
1188 3463 1223 3519 et
1245 3448 1376 3519 artifice
1391 3444 1620 3517 Germaniam
1638 3444 1797 3513 orbatam
1815 3463 1898 3513 esse.
1949 3438 2018 3511 Hrc

90 3544 220 3633 sgmata
237 3547 384 3633 docent,
410 3543 476 3620 bos
494 3550 578 3620 satis
592 3568 737 3645 apparet
754 3578 830 3624 non
848 3578 920 3625 esse
935 3579 977 3624 ex
1028 3541 1225 3657 Capellam
1254 3550 1437 3621 amisimus
1468 3548 1584 3617 subito
1615 3545 1769 3639 quodam
1796 3543 1859 3612 leti
1889 3565 2017 3632 genere

135 3640 282 3716 Nullum
306 3646 375 3719 fuit
389 3650 627 3743 'periculosius
649 3668 787 3749 tempus
807 3679 976 3751 unquam,
1027 3652 1254 3738 exstinctum,
1289 3649 1527 3742 amplissimae
1558 3649 1631 3740 spei
1666 3648 1840 3719 iuvenem.
1911 3642 2016 3715 Tunc

90 3746 186 3834 ongis
202 3748 424 3837 vigilandum
439 3766 508 3839 est,
531 3777 576 3823 ne
598 3778 687 3848 quos
710 3757 856 3850 spiritns
876 3758 976 3829 inex·
1026 3756 1169 3827 aberam
1186 3776 1251 3845 ege
1267 3752 1307 3823 in
1321 3744 1551 3846 Thuringia.

90 3854 142 3916 [θ’
159 3850 380 3940 recipiamus·
1128 3886 1237 3977 Quod
1266 3886 1391 3959 scribis
1419 3901 1454 3959 te
1486 3898 1642 3955 metuere
1668 3882 1824 3969 bellurn,
1863 3904 2013 3973 agnosco

1027 4004 1105 4063 tuas
1116 3989 1383 4071 sollicitudines,
1398 4002 1433 4059 et
1446 4010 1601 4057 amorem
1618 4008 1699 4076 erga
1713 4008 1779 4055 nos
1792 3997 2014 4076 perpetuum.

1026 4084 1209 4162 Marehio
1236 4086 1330 4159 nibil
1357 4103 1487 4159 movet.
1544 4086 1646 4160 ἄλλοι
1667 4079 1763 4167 τινὲς
1787 4082 2011 4180 θορυβοῦσι.

90 4174 163 4305 ἷῖἑ
561 4184 564 4189 ’
796 4194 975 4295 (indilato)
1027 4193 1119 4266 Tota
1142 4217 1182 4264 ea
1207 4215 1264 4261 res
1292 4206 1377 4263 nota
1409 4206 1461 4263 est
1488 4205 1623 4262 vestrae
1654 4190 1752 4260 urbis
1783 4189 2013 4282 principibus.

269 4350 453 4438 arom
485 4354 689 4447 flabello·
1024 4288 2013 4488 labilibussttlli‘tttlstsstffi‘tit

1024 4499 1146 4569 dextre
1154 4511 1306 4569 utuntur
1319 4496 1408 4581 illis,
1423 4496 1594 4567 utvideri
1607 4502 1738 4588 'queant
1754 4495 1888 4565 bellurn
1904 4519 2010 4589 quam

1025 4624 1143 4689 pacem
1163 4600 1281 4673 maile.
1309 4658 1312 4663 .
1334 4597 1424 4669 l'ota
1442 4621 1506 4687 res·
1519 4596 1615 4669 θεοῦ
1639 4597 1680 4669 ἐν
1703 4589 1863 4696 γούνασι
1882 4598 2012 4671 κεῖται.

107 4694 155 4771 N
160 4698 315 4787 ico-luo
340 4699 403 4776 Ge
412 4707 585 4792 rheno,
624 4708 785 4785 Dagon·
803 4712 920 4800 lang,
1023 4698 1112 4771 Vale
1134 4701 1292 4771 feliciter.
1347 4697 1454 4768 Mitto
1478 4692 1806 4769 tibiErasmr‘cam
1828 4712 1946 4779 tuarm
1976 4714 2010 4768 et

118 4784 121 4791 ¹
298 4806 417 4878 amieo
435 4836 519 4894 suo,
545 4809 586 4889 S⁸
602 4809 674 4884 D‚·
753 4790 759 4797 ¹
1022 4802 1147 4872 addidi
1166 4804 1345 4895 qnamdam
1361 4794 1510 4887 Stihari
1530 4800 1713 4890 epistolam
1734 4823 1819 4869 sane
1841 4800 2008 4890 probabi-

1021 4903 1110 4989 lem,
1133 4904 1217 4998 quia
1235 4896 1470 4973 bnimadverti
1490 4914 1524 4973 te
1540 4926 1616 4972 earn
1633 4902 1823 5003 requirere.

1042 1982 1215 2112 §EQ
1773 2046 1776 2053 .
1839 1991 1898 2072 (in.
1911 1986 2025 2066 uteo.)

1843 2076 2014 2111 Μ

1242 2182 1248 2196 ’
1311 2175 1454 2265 leuch.
1493 2174 1750 2265 Gamo-arto.

1102 2390 1234 2465 Epicteti
1247 2392 1387 2447 Cameren
1404 2408 1435 2463 p.
1445 2389 1491 2446 93.

90 4543 131 4599 lite
144 4560 161 4597 a
172 4542 284 4600 Fecbtio
302 4548 331 4601 in
345 4547 489 4622 Supplemi
499 4552 560 4610 bist.
573 4554 640 4611 eccl.
651 4574 707 4613 sec.
724 4556 798 4615 xvt.
815 4575 843 4630 p.
858 4558 919 4615 842.

96 4962 218 5019 uestro
234 4948 378 5022 Setzero
398 4980 513 5027 meam
531 4961 741 5031 senteutiam
765 4963 851 5037 κατ’
876 4961 968 5039 ἄνα·
1129 5032 1132 5041 ,
1711 5035 1749 5053 ..
1982 5056 1985 5061 Ι

91 5053 215 5137 cerer,
259 5055 316 5124 cui
344 5056 442 5127 locus
470 5062 660 5133 adiunctus
690 5077 743 5134 est
774 5068 818 5136 de
847 5092 966 5139 rerum
1107 5084 1112 5091 '
1652 5031 1843 5127 ΡῙΗῙῙΙἾἎ18
1864 5050 1956 5109 ¹⁰⁰⁸·

91 5150 245 5222 mnione:
286 5180 395 5251 quam,
435 5158 466 5227 si
487 5166 566 5232 'non
596 5164 719 5251 fallor,
756 5169 858 5238 urbis
885 5183 966 5242 tuae

91 5251 441 5348 logis'displicebunt.
503 5259 618 5355 artigi
639 5267 735 5337 enim
757 5269 890 5359 alieubi
911 5286 966 5353 to-
1049 5300 1226 5369 amomum
1246 5298 1313 5359 (1.6.
1328 5294 1417 5373 April.
1433 5294 1508 5353 1528.

94 5351 178 5422 llam
210 5358 413 5430 factionem:
454 5368 593 5437 tametsi
622 5365 705 5466 napi
731 5368 965 5471 εὐχαριστίας
1030 5452 1035 5459 ,
1275 5436 1280 5445 .
1443 5434 1447 5443 =
1719 5388 1723 5393 ’
1989 5376 2042 5396 „-
