4500 5782
79 258 148 343 380
371 204 392 223 ⁸
643 266 1085 343 EPISTOLARUM
1134 267 1243 343 LlB.
1283 267 1349 338 ΙΙΙ.
1404 265 1537 344 1522.
2031 266 2108 339 590

79 438 216 516 stitutus
245 454 282 511 et
309 440 528 511 adsuefactus
551 463 647 527 sum,
680 454 720 510 ut
744 456 778 511 et
797 437 930 511 Christi
954 442 1067 530 gloria
1119 440 1306 525 alienaret,
1332 465 1395 509 nec
1412 442 1549 525 decere,
1577 464 1641 509 nec
1656 441 1730 509 fieri
1751 453 1922 532 posse,ut
1937 439 1972 507 vi
1987 442 2109 533 oppri-

79 540 166 615 nibil
194 543 379 637 antiquius
399 538 566 627 habeam,
600 556 635 612 et
656 568 777 634 pacem
802 545 918 613 studio
935 546 987 613 ¹ab
1010 545 1066 611 in·
1119 556 1236 612 matur
1254 546 1304 625 is,
1330 554 1434 637 quem
1449 556 1500 613 tot
1515 543 1601 610 boni
1615 555 1649 611 et
1663 544 1791 612 eruditi
1811 542 1879 610 viri
1902 542 2031 634 passim
2054 556 2108 613 ta-

79 659 179 717 cente
205 658 318 715 aetate
350 644 531 714 coluerim.
599 641 760 737 Eamque
787 659 942 715 mentem
964 670 1066 737 prae·
1119 645 1197 714 citis
1222 645 1364 714 iudiciis
1391 639 1507 715 adhuc
1532 646 1735 735 probarent.
1787 643 1899 713 Immo
1926 668 1970 713 nc
1994 645 2109 714 tacitis

79 748 200 821 stitisse
221 770 279 816 me
297 746 337 815 in
353 740 419 815 hac
441 747 677 831 dissensione,
703 748 858 837 primum
883 749 1067 816 conscien-
1118 749 1280 841 quidem,
1318 748 1379 815 secl
1405 759 1522 815 extant
1547 747 1695 839 scriptae
1719 748 1942 840 quorundam
1973 748 2018 815 de
2045 747 2108 814 illo

79 848 118 923 lia
144 844 239 918 mihi
269 873 389 919 coram
416 849 482 919 deo
509 847 666 939 locuples
689 849 788 919 testis
810 849 893 934 erit,
937 849 1064 919 deinde
1119 850 1327 922 sentenciae.
1352 842 2108 940 RogmimusidemposteditamLeonisX.

79 952 192 1023 testari
210 950 315 1021 idem.
330 964 477 1045 queant,
509 965 648 1039 praeter
671 952 758 1019 alios
783 952 935 1041 optimos
956 952 1064 1036 viros,
1118 949 1272 1037 Bullam‚
1297 965 1338 1021 ut
1353 952 1492 1034 omissa,
1516 976 1585 1045 qua
1602 964 1741 1042 ceperat
1760 974 1816 1019 res
1834 951 1890 1039 agi
1911 952 1981 1030 via,
2006 975 2108 1020 man-

79 1051 286 1147 hiquoque‚
313 1055 377 1145 qui
393 1053 436 1120 de
451 1043 619 1119 Lachere
636 1076 775 1121 mecum
792 1052 874 1125 Sed.
893 1050 976 1143 Apl.
991 1064 1064 1121 'no-
1117 1054 1259 1123 daretur
1290 1076 1412 1121 causae
1441 1053 1600 1141 cognicio
1627 1053 1804 1122 iudicibus
1829 1076 1903 1121 non
1929 1054 2109 1143 suspectis,

79 1154 166 1223 nine
194 1167 353 1243 egerunt.
418 1151 541 1247 Neque
572 1178 730 1247 unquam
760 1146 897 1245 optare,
931 1178 1064 1244 rogare,
1116 1156 1238 1245 probis
1269 1178 1309 1223 ac
1340 1155 1504 1238 eruditis,
1549 1154 1678 1246 quibus
1706 1168 1783 1224 tuto
1815 1155 1912 1223 orbis
1943 1156 2108 1223 erederet.

79 1280 215 1327 nonere
239 1255 349 1339 desii,
378 1267 419 1324 ut
440 1249 598 1324 honestis
624 1280 662 1324 ac
687 1256 931 1325 tolerabilibus
953 1257 1064 1325 ratio·
1117 1254 1173 1326 lbi
1195 1258 1225 1325 si
1248 1258 1474 1325 damnaretur
1494 1248 1705 1341 Luthcrus,
1736 1257 1891 1347 opprimi
1918 1256 2019 1325 nullo
2044 1280 2109 1326 ne-

79 1358 175 1433 ribus
192 1353 373 1427 Ecclesiae
396 1356 645 1450 tranquillitati
670 1359 856 1427 consulant
872 1353 931 1445 hi,
956 1382 1063 1450 penes
1116 1360 1215 1447 gocio
1230 1380 1342 1450 posse.
1394 1356 1517 1451 Neque
1534 1382 1614 1447 ego,
1640 1358 1689 1427 ita
1701 1382 1759 1426 me
1775 1357 1986 1443 deus‘amet,
2011 1382 2108 1428 nunc

79 1484 156 1553 ptos
175 1473 230 1529 est
248 1460 293 1528 de
318 1459 479 1528 doctrina
499 1459 683 1528 iudicandi
698 1461 897 1532 auctoritas.
949 1460 1062 1531 Nobis
1114 1461 1238 1545 video,
1270 1484 1339 1554 qua
1363 1459 1432 1529 alia
1454 1460 1592 1530 ratione
1614 1483 1670 1528 res
1688 1460 1806 1552 'premi
1826 1462 1946 1552 possit.
2012 1459 2107 1530 lllud

79 1562 183 1645 mim,
211 1562 309 1655 quod
331 1575 365 1630 ct
386 1560 469 1628 laici
494 1572 528 1629 et
550 1561 732 1631 literarum
752 1562 908 1654 imperiti
931 1586 1062 1649 sumus,
1115 1563 1247 1647 miror,
1280 1585 1353 1631 esse
1376 1561 1438 1655 qui
1465 1586 1522 1631 mc
1544 1577 1619 1632 tum
1641 1562 1779 1654 privato
1801 1584 1881 1652 erga
1896 1555 2106 1630 liutherum

79 1686 254 1757 tunquam
275 1664 313 1731 id
328 1662 552 1752 sumpsimus.
604 1659 653 1732 Et
676 1688 792 1754 nuper
815 1665 964 1732 adonin
985 1689 1061 1732 ma·
1114 1666 1270 1747 adfectu,
1298 1677 1374 1733 tum
1398 1665 1515 1734 studio
1540 1666 1764 1756 quorundam
1785 1664 1882 1733 illius
1902 1664 2107 1749 amicorum,

79 1788 171 1855 {narn
194 1788 262 1833 nos
284 1786 382 1855 spern
401 1765 511 1833 erexit
531 1763 567 1835 S.
583 1761 627 1837 V.
650 1762 896 1848 Pontificatus,
924 1766 999 1837 lore
1021 1780 1062 1835 ut
1113 1779 1189 1835 tum
1205 1763 1441 1834 Ecclesiastici
1456 1765 1593 1834 ordinis
1608 1765 1711 1851 odio,
1735 1790 1810 1835 rem
1826 1767 2005 1857 publicam
2020 1788 2106 1858 pro-

79 1890 127 1939 ma
155 1866 356 1959 prudencia
378 1879 412 1936 et
434 1865 634 1935 eruditione
656 1867 751 1935 viam
777 1867 953 1949 inveniat,
990 1892 1059 1962 qua
1113 1869 1197 1937 dere
1220 1880 1372 1936 censent.
1432 1866 1648 1959 Quanquam
1673 1886 1790 1937 autern
1811 1870 1856 1937 ab
1877 1862 1944 1937 hac
1968 1890 2025 1936 me
2047 1892 2106 1937 ca-

79 1992 131 2041 tax
143 1964 327 2038 Ecclesiae
342 1968 557 2038 restituatur.
609 1966 688 2037 Hoc
701 1993 814 2038 unum
830 1992 966 2059 semper
982 1992 1060 2060 spe·
1112 1969 1249 2038 lumnia
1263 1971 1320 2037 vel
1333 1992 1409 2037 mea
1424 1969 1657 2055 conscientia,
1682 1970 1739 2037 vel
1755 1964 1843 2038 haec
1858 1983 1952 2039 aetas
1966 1970 2106 2055 liberat,

79 2071 175 2154 tavi,
219 2064 291 2141 huc
313 2069 433 2139 omnia
453 2092 531 2139 mea
547 2060 703 2139 consilia
724 2071 897 2141 destinata
923 2093 1059 2162 semper
1112 2084 1230 2140 tamen
1247 2068 1500 2143 obtestorS.V.
1514 2072 1723 2163 persuadeat
1736 2071 1816 2157 sibi,
1833 2066 1926 2140 nihil
1942 2071 2105 2142 omnium

79 2174 222 2243 uerunt.
278 2166 381 2241 Nihil
403 2171 549 2263 privatis
573 2173 786 2257 adfectibus,
821 2168 915 2241 nihil
940 2174 1059 2243 cuius-
1111 2196 1231 2241 rerum
1248 2166 1486 2242 humanarum
1499 2168 1590 2242 mihi
1607 2168 1740 2245 Christi
1761 2174 1872 2263 gloria
1893 2173 2106 2267 publicaque

79 2298 170 2366 quam
187 2273 321 2365 gratiae
338 2274 375 2341 in
391 2272 534 2366 publica
550 2297 653 2343 causa
670 2277 792 2344 datum
809 2288 871 2346 est.
1111 2299 1195 2365 pace
1218 2276 1332 2344 carius
1355 2298 1438 2346 esse.
1497 2268 1705 2344 Lutherum
1727 2300 1802 2345 non
1824 2289 1944 2360 tueor,
1969 2276 2103 2345 doctri-

1111 2399 1178 2445 nae
1194 2377 1270 2446 eius
1290 2401 1363 2445 non
1385 2377 1607 2467 patrocinor,
1632 2401 1695 2448 suo
1715 2378 1862 2447 domino
1883 2392 1950 2448 stat
1968 2390 2030 2447 aut
2045 2402 2103 2447 ca-

163 2474 258 2549 Nam
279 2501 358 2547 cum
375 2477 413 2545 in
426 2471 642 2567 Augustauis
656 2474 824 2548 Comiciis
841 2492 929 2547 esset
942 2469 1057 2551 Card.
1112 2478 1174 2549 dit.
1221 2476 1419 2548 Lenitatem
1442 2502 1523 2547 cum
1544 2480 1583 2547 in
1609 2478 1707 2570 ipso,
1732 2492 1807 2549 tum
1832 2480 1871 2546 in
1896 2479 1975 2548 aliis
1995 2474 2104 2548 buius

79 2575 102 2649 l.
121 2573 251 2659 Steti,
291 2604 400 2672 quom
431 2580 586 2672 primum
627 2582 672 2649 de
705 2604 743 2648 re
783 2580 1057 2671 indulgentiaria
1111 2579 1220 2649 seculi
1242 2579 1475 2671 scriptoribus
1484 2592 1637 2671 'semper
1667 2580 1879 2653 desideravi.
1943 2579 2102 2650 Tantum

79 2680 239 2774 lisputari
255 2695 427 2773 coeperat,
443 2682 632 2772 diligenter
648 2682 784 2767 monui,
809 2684 902 2752 utin
919 2706 1058 2752 exacer-
1110 2681 1183 2750 vim
1200 2675 1373 2753 hactenus
1389 2706 1464 2751 non
1480 2683 1594 2755 attuli.
1646 2678 1721 2770 Qui
1745 2682 1840 2751 enim
1860 2683 1987 2773 potui?
2020 2706 2101 2751 eum

79 2798 144 2853 uto
158 2783 309 2874 negocio
325 2783 488 2875 publicae
504 2784 773 2878 tranquillitatis
795 2786 968 2854 rationem
991 2779 1058 2854 ha-
1111 2797 1145 2853 et
1162 2784 1206 2854 de
1222 2784 1381 2854 doctrina
1396 2784 1553 2854 iudicare
1570 2784 1675 2854 nobis
1697 2808 1771 2853 non
1794 2785 1913 2868 liceat,
1937 2797 1971 2853 et
1993 2779 2102 2854 huius

79 2896 172 2955 eret.
248 2880 382 2979 Estque
414 2886 597 2971 effectum,
636 2899 676 2955 ut
707 2909 826 2954 coram
854 2884 1056 2956 Cardinalis
1111 2886 1276 2977 dogmata
1292 2886 1484 2957 tammulti
1500 2887 1538 2954 in
1553 2882 1745 2955 Germania
1760 2886 1812 2978 pii
1829 2910 1868 2954 ac
1884 2886 2014 2955 eruditi
2030 2886 2102 2955 viri

79 3010 143 3057 um
164 2976 337 3055 Luldcro
364 2988 409 3057 de
430 2989 599 3058 omnibus
623 2988 748 3072 rebus,
781 2989 911 3081 quibus
939 2990 1056 3073 vellet,
1101 2989 1311 3085 probarent.
1352 2986 1400 3058 Et
1416 3012 1506 3081 quae
1521 2988 1681 3056 exierunt
1697 3002 1772 3058 tum
1788 2983 2006 3073 scholarum,
2022 2999 2100 3057 tum
2195 2990 2198 2995 ’

79 3100 189 3181 geret.
240 3086 316 3176 Qui
332 3088 361 3157 si
380 3112 457 3158 eam
473 3090 655 3159 lenitatem
674 3090 922 3181 praestitisset,
948 3114 1053 3183 quarn
1108 3089 1201 3158 sedis
1225 3084 1350 3180 Apost.
1383 3088 1599 3174 sentenciae,
1637 3089 1687 3157 sic
1725 3084 1901 3173 exierunt,
1937 3101 1979 3158 ut
2008 3076 2098 3157 nudi

79 3190 232 3276 ¹ebehat,
258 3189 458 3285 auditisque
475 3180 702 3262 Lutheranae
725 3191 923 3261 sentenciae
944 3192 1055 3263 ratio·
1108 3203 1246 3259 tantum
1278 3190 1420 3260 articuli
1448 3190 1700 3274 recitarentur,
1732 3189 1880 3282 quibus,
1916 3213 1992 3259 non
2018 3190 2098 3259 dico

79 3292 188 3374 tinus,
228 3294 455 3385 quorundam
482 3293 724 3364 intolerabiles
757 3292 926 3363 clamores
957 3316 1053 3362 com-
1106 3287 1197 3360 mibi
1213 3292 1425 3361 satisfactum
1443 3315 1518 3361 non
1538 3315 1629 3376 esse,
1655 3291 1717 3384 qui
1738 3291 1895 3360 iudicare
1918 3294 1992 3361 non
2014 3314 2098 3383 pos·

79 3393 270 3478 caruisset,
294 3390 441 3464 sortasse
465 3419 649 3489 nunquam
673 3396 713 3463 in
735 3389 830 3464 huuc
851 3381 973 3465 locum¹
990 3397 1054 3465 de·
1106 3408 1203 3474 sum,
1236 3394 1298 3462 sed
1327 3392 1450 3462 multis
1480 3392 1629 3465 eruditis
1659 3392 1747 3463 viris
1774 3416 1902 3485 parum
1928 3394 2098 3484 probatae

79 3498 164 3591 lucta
181 3516 240 3565 res
255 3510 353 3568 esset.
405 3494 507 3586 Quae
517 3490 608 3567 'vero
623 3494 729 3570 Carcl.
747 3497 993 3589 postulaverit,
1019 3512 1053 3568 et
1106 3509 1199 3568 sunt.
1250 3492 1299 3564 Et
1315 3492 1438 3584 Legati
1456 3496 1505 3565 sic
1521 3518 1656 3585 gessere
1670 3519 1765 3580 rem,
1790 3510 1829 3566 ut
1848 3507 1881 3564 et
1898 3495 2098 3566 auctoritati

79 3594 148 3691 prid
164 3598 210 3666 de
230 3609 302 3667 tota
325 3596 400 3667 eius
423 3599 561 3668 actione
582 3600 742 3693 plerique
765 3600 853 3669 boni
879 3599 948 3668 viri
972 3622 1052 3669 sen-
1105 3595 1445 3668 PontifieiaeBullae
1461 3598 1675 3687 derogarlnt‚
1700 3610 1734 3667 et
1748 3597 1978 3682 ostenderint,
1997 3620 2097 3667 suam
2120 3608 2123 3613 ’

79 3698 168 3783 iant,
210 3692 304 3769 nihil
340 3698 465 3771 a'ttinet
499 3697 564 3770 hic'
586 3702 727 3773 referre.
802 3698 875 3771 Nos
905 3702 1051 3795 quidem
1104 3722 1140 3768 se
1157 3724 1246 3786 rem,
1270 3723 1344 3768 non
1360 3697 1558 3783 Pontificis',
1585 3713 1646 3770 aut
1664 3695 1842 3769 Ecclesiae
1860 3721 1972 3788 agere.
2020 3696 2096 3768 lam

79 3800 198 3885 annia,
223 3822 313 3894 quae
336 3802 391 3870 vel
415 3801 661 3894 promisimus,
693 3804 750 3872 vel
774 3827 792 3871 e
814 3826 852 3872 re
873 3800 1051 3873 Ecclesiae
1104 3802 1149 3871 ad
1173 3825 1247 3870 rem
1271 3813 1404 3870 tantam
1432 3803 1621 3890 gerendam
1649 3824 1723 3869 non
1755 3801 1801 3869 ad
1829 3799 1956 3890 sulgus
1977 3802 2096 3887 modo,

79 3926 131 3972 sse
147 3902 404 3989 iudicavimus,
428 3904 525 3995 large
545 3904 795 3999 praestitimus.
842 3901 934 3974 Nam
952 3906 1048 4001 quod
1103 3904 1164 3972 sed
1187 3904 1232 3972 acl
1255 3903 1411 3987 eruditos
1429 3904 1535 3972 etiam
1555 3897 1650 3971 nihil
1672 3914 1746 3972 erat
1763 3902 1802 3971 in
1816 3900 1956 3992 Legatis
1974 3916 2095 3972 aucto--

79 4019 259 4090 aussatur,
290 4006 479 4097 recepisse,
507 4030 573 4076 nos
588 3998 797 4077 lutherum
817 4029 893 4076 non
914 4005 1049 4077 laturos
1101 4004 1227 4076 citatis.

79 4130 131 4176 sse
158 4107 225 4177 ubi
255 4108 354 4176 sedes
377 4107 578 4199 Apostolica
608 4110 803 4194 damnarit,
843 4132 1048 4202 quanquam
1661 4166 1665 4171 .
1994 4184 1997 4189 ,

79 4208 128 4278 ale
149 4203 245 4279 nihil
262 4233 343 4279 cum
355 4206 460 4281 Card.
484 4211 675 4301 egerimus,
699 4226 817 4282 tamen
838 4235 974 4303 semper
998 4210 1047 4280 sic
1201 4206 1358 4278 Proinde
1379 4208 1535 4299 primum
1557 4219 1639 4297 pcto
1655 4204 1693 4279 S.
1709 4202 1755 4276 V.
1771 4200 1862 4274 mihi
1882 4230 1956 4275 non
1973 4210 2092 4299 impu·

79 4311 217 4383 ttecus
235 4310 383 4395 fuimus,
406 4305 615 4382 bertherum
633 4337 789 4384 nosnon
810 4336 882 4381 esse
902 4313 1047 4396 laturos,
1100 4322 1167 4395 tet,
1209 4310 1349 4402 siquid
1383 4309 1445 4378 ille
1475 4321 1612 4400 peccat,
1651 4330 1755 4401 quem
1783 4331 1845 4396 ego
1872 4330 1938 4377 nee
1957 4310 2091 4400 probo;

79 4412 120 4483 tbi
138 4408 318 4483 Ecclesiae
342 4414 473 4485 iudicio
496 4416 547 4485 sic
567 4417 682 4486 decisa
705 4440 761 4485 res
784 4427 890 4499 esset,
920 4428 961 4485 ut
982 4438 1047 4485 ne·
1099 4412 1228 4481 deinde
1265 4411 1410 4494 efficiat,
1455 4423 1496 4479 ut
1532 4405 1691 4480 honestis
1732 4409 1932 4480 rationibus
1971 4413 2090 4504 potius

79 4514 209 4585 essitati
237 4514 415 4605 publicae,
454 4541 530 4586 non
554 4518 700 4587 seviciae
725 4519 977 4607 imputaretur,
1016 4515 1045 4584 si
1099 4536 1204 4607 quam
1228 4512 1263 4580 vi
1286 4537 1366 4583 curn
1385 4507 1599 4582 Lutheranis
1622 4524 1755 4601 agatur.
1805 4508 1896 4580 Nam
1921 4514 2090 4605 exemplis

79 4616 145 4707 mid
164 4616 317 4688 atrocius
331 4616 370 4685 in
385 4613 534 4689 Lutheri
553 4633 658 4712 caput
671 4619 879 4692 statuissem.
1098 4616 1235 4708 aliquot
1266 4613 1338 4683 iam
1365 4614 1531 4705 adparuit
1563 4614 1602 4683 in
1628 4612 1840 4698 Germania,
1889 4616 1976 4708 quid
2008 4617 2089 4685 vio—

1098 4717 1206 4785 lentia
1227 4716 1425 4809 promoturi
1450 4717 1570 4788 simus.
1634 4714 1707 4787 Res
1730 4739 1771 4784 eo
1795 4715 1922 4802 evasit,
1957 4731 1997 4787 ut
2020 4713 2087 4789 ho·

157 4814 270 4889 Porro
286 4844 365 4890 cum
382 4822 493 4893 multo
510 4837 591 4893 ante
603 4822 900 4916 praeviderimus,
927 4821 965 4889 in
979 4815 1044 4890 bac
1097 4820 1235 4888 minum
1256 4818 1367 4887 animi
1388 4824 1545 4909 primum
1567 4818 1637 4886 sint
1659 4842 1678 4885 a
1703 4810 1871 4887 Lutdero
1897 4819 2005 4888 verbo
2029 4820 2085 4888 dei

79 4942 161 4991 ausa
191 4916 285 4991 nihil
314 4923 350 4991 vi
382 4925 579 5016 profectum
616 4925 681 5010 iri,
721 4949 801 4996 cum
833 4924 1044 5015 scripturam
1097 4920 1291 5005 alienandi3
1331 4933 1451 5012 postea
1479 4919 1619 5014 siquid
1650 4919 1687 4987 vi
1713 4934 1885 5003 tentetur,
1923 4921 2086 5012 publicae

79 5035 201 5095 necaret
214 5017 424 5108 Betthorus,
447 5041 481 5098 et
496 5028 689 5098 multorum
709 5030 894 5099 doctorum
917 5049 957 5094 ac
977 5026 1044 5094 bo-
1095 5021 1294 5092 uecessitati
1326 5022 1493 5113 imputari
1516 5021 1665 5115 poterit,
1698 5045 1771 5089 non
1796 5021 2002 5113 cuiusquam
2029 5044 2085 5090 se·

79 5148 185 5196 orum
204 5126 364 5197 virorum
388 5129 426 5197 in
447 5126 640 5200 Germania
660 5129 801 5201 iudiciis
824 5129 854 5197 is
877 5151 952 5196 non
974 5126 1044 5195 im-
1093 5124 1216 5207 viciae.
1280 5121 1442 5221 Spectata
1467 5139 1519 5195 est
1547 5124 1626 5195 orbi
1658 5123 1839 5211 integritas
1863 5134 1896 5190 et
1918 5144 2084 5195 mansue·

79 5228 282 5314 robaretur,
306 5232 510 5302 monuimus
525 5248 685 5304 amanter
699 5224 814 5302 Card.
823 5226 863 5300 S.
877 5223 1042 5323 Georgii,
1092 5226 1181 5299 tudo
1203 5220 1319 5317 S.V,.„
1350 5250 1458 5321 quam
1481 5250 1656 5321 nusquam
1684 5223 1881 5294 evidentius
1907 5248 2014 5317 quam
2044 5227 2081 5295 in

80 5330 378 5423 tprovideretur‚
403 5358 448 5405 ne
472 5328 552 5405 Leo
567 5330 614 5405 X.
636 5335 804 5406 violentis
825 5331 950 5405 edictis
972 5326 1041 5401 ho-
1091 5322 1161 5419 ltus¹
1181 5316 1518 5441 mprobis
1581 5324 1655 5397 Nos
1676 5348 1765 5419 quae
1787 5319 1957 5398 hacteuus
1978 5350 2081 5421 prae-

79 5432 194 5505 rinum
214 5432 354 5507 animos
372 5436 527 5510 irritaret
547 5438 680 5532 potins,
714 5460 821 5533 quam
842 5427 1039 5511 aLutbero
1090 5426 1169 5507 suu
1196 5430 1225 5441 ”
1369 5426 1386 5441 ’“
1441 5452 1468 5503 ts
1488 5432 1557 5503 deo
1578 5429 1766 5522 probatum
1784 5427 1841 5502 iri.
