4500 5782
141 252 146 259 '
169 233 244 311 835

173 422 272 479 stros.
334 404 406 477 Ubi
428 430 524 475 nunc
543 405 625 474 illae
645 403 804 490 insanae,
837 404 982 494 impiae,
1013 403 1162 489 seelera-

172 525 246 594 tae,
282 508 502 600 tyrannicae,
540 504 743 591 Romanae,
777 506 862 598 quid
893 505 988 573 enim
1018 526 1162 594 possum

173 609 314 701 gravius
345 609 479 693 (licere,
527 608 793 678 constitutiones
833 631 873 675 ac
909 605 1162 696 disputationes

171 709 457 783 foedissimorum
478 708 708 792 Pontificum,
741 709 871 801 quibus
891 706 1024 798 Papam
1049 706 1163 774 maio-

173 838 250 885 rem
270 836 343 881 esse
363 808 525 881 Concilio
548 824 723 889 statuunt,
757 825 791 879 et
818 805 885 879 hoc
912 832 1020 898 genus
1041 809 1163 879 multa.

172 915 256 987 Non
271 913 383 997 audis,
399 908 505 995 hirec,
522 928 696 1002 praestare
710 936 800 995 eum,
816 912 878 1003 qni
889 910 1074 993 accumbit,
1089 930 1163 977 non

174 1010 272 1100 eum,
306 1015 368 1108 qui
390 1014 576 1085 ministrat.
644 1013 690 1082 Se
721 1012 836 1082 voluit
860 1008 1022 1082 Christus
1047 1033 1163 1099 regem

175 1140 441 1208 agnosceremus
465 1141 503 1184 ac
530 1115 733 1198 dominum,
758 1115 870 1183 vetuit
898 1112 1015 1181 vocari
1039 1136 1164 1205 quem-

174 1221 270 1311 piam
297 1218 336 1287 in
359 1217 461 1286 terris
481 1231 627 1308 patrem.
685 1214 762 1284 Hos
779 1227 882 1284 vocat
901 1210 959 1282 hie
982 1213 1164 1281 ministros

175 1336 209 1392 et
233 1318 365 1389 Paulus
385 1319 643 1408 dispensatores
664 1316 912 1411 mysteriorum
938 1315 1005 1386 dei.
1054 1312 1161 1401 Quid

174 1424 341 1493 adversus
363 1416 584 1489 Pontificiam
607 1419 836 1512 tyramnidem
865 1417 1186 1485 accommodatius.

174 1524 232 1592 vcl
254 1522 340 1611 tingi
362 1521 541 1613 potuisset.
600 1518 760 1608 Quaeso,
789 1521 927 1611 quoties
947 1519 1041 1586 inter
1065 1519 1163 1585 sede

72 1698 78 1709 ,
173 1625 330 1719 primatu
351 1637 483 1691 certant
502 1619 682 1713 Apostoli,
709 1621 956 1712 circumspice,
982 1620 1044 1712 qui
1066 1640 1164 1687 casus

174 1726 393 1797 occasionem
410 1727 469 1794 det
483 1724 714 1805 contentioni,
737 1722 824 1816 quid
840 1715 1165 1812 respondeatChri-

174 1842 265 1911 stus,
307 1828 410 1919 quale
436 1849 585 1915 regnum
606 1849 709 1895 suum
735 1826 895 1894 futurum
921 1824 1055 1894 doceat.
1121 1819 1164 1889 ln

174 1923 374 2011 Matthaeo,
399 1951 478 1996 cum
497 1922 739 1995 didrachmam
754 1925 978 2017 persolvisset
990 1948 1055 2015 pro
1073 1945 1109 1991 se
1125 1946 1165 1991 ac

173 2029 278 2101 Petro
310 2030 558 2121 videreturque
588 2024 714 2097 Petrus
755 2027 834 2094 aliis
869 2027 1046 2117 praelatus
1081 2046 1164 2108 esse,

174 2133 292 2203 statim
312 2130 494 2199 revellitur
519 2153 617 2198 error
640 2128 905 2218 discipulorum.
963 2124 1006 2195 ln
1027 2123 1163 2209 Marce,

174 2258 255 2305 cum
279 2233 322 2301 de
342 2245 455 2299 morte
477 2254 537 2298 sua
557 2231 717 2313 dixisset,
743 2229 860 2298 statim
884 2229 1062 2297 subiecere
1085 2251 1163 2295 suc-

78 2322 85 2335 ’
176 2333 322 2404 cessoris
348 2332 588 2425 quaestionem
613 2330 805 2420 discipuli„
828 2355 980 2423 quorum
1008 2351 1162 2397 errorem

175 2436 401 2505 commodum
423 2429 651 2524 reprehendit
672 2427 851 2516 Christus,
884 2456 994 2523 quum
1015 2430 1163 2523 quaerit,

175 2536 262 2630 quid
279 2534 318 2604 in
336 2536 460 2604 itincre
477 2535 626 2610 interse
647 2534 840 2604 tractarint.
889 2528 938 2601 Et
960 2556 1042 2600 cum
1062 2531 1163 2601 toties

175 2637 367 2729 primatum
392 2638 535 2705 damnet
552 2630 733 2719 Christus,
759 2659 840 2703 cum
862 2636 984 2718 toties,
1007 2648 1081 2703 tam
1101 2658 1164 2701 va-

174 2739 239 2809 riis
259 2738 378 2828 figuris
394 2739 531 2820 doceat,
556 2736 712 2806 alienum
728 2761 747 2805 a
763 2758 798 2804 se
819 2730 886 2804 hoc
910 2750 1059 2824 regnum
1081 2756 1164 2818 esse,

176 2832 338 2909 nondum
358 2841 536 2920 videmus,
563 2862 633 2930 quo
653 2838 728 2906 iure
754 2837 811 2906 isti
829 2836 1025 2906 Primatum
1045 2836 1165 2904 vindi-

177 2956 276 3024 cent,
302 2955 335 3009 et
356 2964 461 3034 quam
479 2940 569 3009 serio
593 2941 785 3032 scripturae
804 2938 1001 3007 testimonia
1026 2937 1164 3020 iactent,

177 3044 240 3137 qui
260 3067 373 3111 unum
396 3056 456 3111 aut
480 3043 628 3110 alterum
651 3041 743 3109 male
767 3043 942 3110 detortum
967 3040 1084 3107 locum
1103 3041 1166 3107 de-

177 3158 326 3237 cerpunt
348 3144 387 3211 in
408 3139 496 3227 hoc,
534 3155 574 3212 ut
601 3144 708 3235 vulgo
734 3143 928 3234 imponant.
992 3138 1166 3210 Fortassis

178 3246 283 3315 etiam
298 3244 481 3314 tolerabile
492 3244 617 3329 fuerat,
642 3244 672 3312 si
687 3258 819 3312 veteres
833 3244 887 3310 illi
900 3240 1079 3333 Episcopi,
1104 3243 1165 3336 qui

177 3346 377 3415 eruditione
404 3370 556 3436 curaque
579 3346 796 3436 provinciam
826 3346 1008 3435 gerebant,
1034 3345 1166 3434 primas

179 3448 409 3517 adfectassent
436 3447 473 3514 in
508 3442 592 3530 hoc,
632 3460 671 3516 ut
696 3448 919 3536 prodessent,
958 3460 992 3514 et
1023 3446 1067 3529 li,
1104 3447 1167 3538 qui

178 3550 345 3642 prodesse
376 3550 522 3616 fortasse
549 3543 714 3617 nonnihil
744 3560 916 3637 poterant.
974 3545 1078 3616 Nunc
1108 3548 1168 3615 isti

178 3651 372 3734 adfectant,
397 3673 471 3721 uon
491 3663 528 3719 ut
549 3649 705 3742 prosint,
730 3672 794 3717 nec
816 3649 911 3716 enim
930 3661 1078 3739 possunt
1100 3645 1168 3717 ho-

177 3752 292 3821 mines
322 3753 408 3820 adeo
440 3752 554 3839 ignari
576 3746 727 3833 Christi,
766 3751 825 3818 sed
855 3763 896 3818 ut
927 3749 1167 3830 dominentur,

178 3846 344 3944 regnent,
371 3853 541 3944 expilent,
574 3852 782 3942 compilent‚
808 3851 1001 3940 deglubant
1021 3852 1167 3920 univer-

180 3978 259 4026 sum
276 3956 397 4024 orbern
414 3968 604 4037 terrarum,
629 3954 734 4046 plane
750 3952 840 4021 illud
856 3952 911 4020 sui
927 3949 1012 4021 Iulii
1033 3954 1168 4042 agitan-

179 4071 251 4153 tes,
276 4059 372 4151 quod
388 4056 418 4124 is
432 4055 470 4124 in
488 4080 548 4126 ore
565 4056 695 4124 dicitur
707 4056 874 4147 frequens
890 4049 1070 4123 habuisse:

230 4204 329 4297 εἴπερ
353 4197 427 4302 γὰρ
455 4197 597 4272 ἀδικεῖν
617 4196 711 4294 χρὴ,
750 4195 975 4293 τυραννίδος
999 4198 1081 4296 πέρι

230 4299 427 4377 κάλλιστον
452 4298 604 4375 ἀδικεῖν.
638 4295 753 4373 τᾶλλα
769 4297 806 4372 d'
824 4299 992 4395 εὐσεβεῖν
1008 4296 1143 4400 χρεών.

181 4454 281 4545 Quin
307 4453 397 4521 illud
423 4444 558 4521 Christi
590 4449 759 4538 cogitant:
799 4445 845 4518 Si
872 4447 955 4546 quis
988 4448 1064 4521 rull
1088 4450 1169 4550 pri-

181 4579 263 4626 mus
285 4575 373 4639 esse,
399 4550 432 4620 is
453 4548 520 4618 erit
544 4547 705 4618 omnium
726 4559 930 4648 postremus
953 4552 1168 4624 clemoium

181 4654 359 4728 minister.
409 4651 545 4722 Pudeat
563 4653 753 4746 aliquando
768 4677 849 4738 vos,
867 4649 980 4740 hirec,
1002 4657 1169 4748 primum,

181 4761 373 4855 primatum
394 4768 427 4823 ct
446 4749 532 4822 haec
555 4754 807 4823 abominabilia
833 4758 1005 4825 vocabula
1031 4759 1170 4844 iactare,

183 4887 273 4957 quae
293 4859 343 4928 sic
365 4857 402 4924 in
416 4851 611 4943 Evangelio
632 4857 823 4926 detestatur
835 4850 1009 4931 Christus.
1060 4857 1170 4945 Num,

182 4962 382 5052 Principes,
424 4959 571 5026 obscura
601 4957 690 5025 ratio
720 4972 785 5040 est,
826 4982 915 5051 quae
945 4959 1016 5026 illis
1037 4959 1170 5052 primas

184 5064 310 5157 eripit?
344 5059 430 5153 quid
452 5059 545 5127 enim
569 5051 636 5126 hoc
659 5059 911 5147 significantius
933 5074 1054 5130 contra
1076 5062 1171 5132 insa-

185 5191 270 5236 nam
283 5160 480 5254 Papisticac
497 5159 588 5227 sedis
610 5160 834 5252 tyrannidem
854 5160 924 5228 dici
945 5163 1076 5252 potuit,
1101 5162 1171 5234 Ec-

185 5267 309 5338 clesiae
333 5264 514 5332 ministros
538 5284 611 5328 esse
632 5256 842 5351 Episcopus,
877 5275 911 5331 ct
935 5262 965 5330 si
985 5264 1065 5356 quis
1086 5268 1172 5339 velit

103 5392 110 5401 ·
183 5370 321 5464 primus
345 5389 435 5448 esse,
462 5388 544 5433 cum
563 5364 724 5441 futurum
745 5363 906 5435 omnium
927 5366 1172 5444 novissimum.

750 172 1196 305 ‘eetsrocaauu
1232 228 1339 307 mu.
1374 229 1420 304 11.
1474 228 1603 310 1521.

2132 234 2211 309 886

1214 399 1339 496 Itaque
1365 399 1459 472 nihil
1486 406 1662 490 dubitate,
1694 403 1893 499 Principes,
1926 432 2002 479 non
2025 420 2208 501 praestare

1215 506 1339 575 divino
1361 506 1440 574 iure
1464 507 1522 574 vel
1542 506 1676 598 Papam
1696 504 1898 601 Episcopis,
1932 506 2211 603 vel-'Episcopus

1215 608 1276 686 iis,
1303 631 1392 699 quos
1408 632 1503 677 nunc
1523 622 1650 678 vocant
1668 606 1854 683 Parochos.
1874 614 1877 619 ’
1908 610 2147 705 Quanquam,
2167 604 2212 683 til

1215 709 1344 777 rectius
1363 711 1482 778 dicam
1503 710 1540 781 iu
1558 711 1782 795 uniuersum,
1809 713 1983 806 quidquid
1998 716 2043 783 tle
2056 710 2209 804 Epium*

1215 811 1288 901 pis,
1320 812 1532 905 presbyteris
1559 813 1596 878 in
1619 813 1725 881 sacris
1745 813 1848 883 libris
1869 816 2039 905 scriptum
2060 826 2134 899 esti,
2159 815 2208 884 ad

1215 907 1280 979 hos
1303 936 1447 1003 prorsus
1472 936 1545 979 non
1575 914 1759 1003 pertinere.
1823 910 2017 1007 Episcopus
2044 906 2143 985 enim
2167 939 2208 985 ae

1216 1014 1437 1106 presbyteros
1451 1035 1566 1081 sacrae
1580 1014 1701 1083 literae
1714 1032 1922 1107 nuncupant
1930 1012 2121 1106 Evangelii
2138 1016 2208 1087 mi·

1215 1114 1345 1183 nistros
1361 1134 1423 1183 seu
1439 1111 1480 1211 ³¹)
1497 1114 1718 1206 interpretes,
1731 1120 1923 1187 'nunc‘fere
1938 1115 2207 1211 parochorum-

1216 1238 1280 1305 gus
1295 1220 1407 1288 vocati
1444 1214 1515 1315 ,Aa
1533 1213 1597 1285 hos
1618 1219 1766 1287 omnino
1787 1222 1955 1311 pertinet,
1977 1221 2046 1314 'qui
2066 1212 2207 1305 docent,

1217 1319 1247 1409 si
1273 1317 1360 1409 quid
1386 1319 1431 1415 de
1451 1314 1636 1409 Episcopis
1660 1319 1698 1387 in
1720 1321 1827 1391 sacris
1845 1322 2069 1397 sicumare·
2092 1340 2110 1353 '‘
2132 1310 2208 1411 Qui

1217 1438 1312 1487 nuuc
1341 1420 1514 1486 vocantur
1545 1420 1648 1489 lictis·¹
1669 1420 1877 1492 nominibus
1893 1424 1976 1492 'vel
1992 1420 2137 1517 Papisi-
2150 1422 2207 1493 'vel

1216 1517 1402 1610 Episcopi,
1443 1515 1535 1611 proh
1567 1522 1672 1589 deum
1700 1523 1935 1594 immortalem
1967 1520 2206 1617 quamaonge

1217 1623 1346 1690 absunt
1370 1622 1415 1688 ab
1444 1644 1505 1705 eo,
1539 1622 1637 1714 quod
1662 1625 1836 1694 audiunt?
1887 1624 2004 1715 Reges
2037 1628 2207 1716 gentium,

1217 1723 1325 1791 inuno
1348 1746 1393 1789 ne
1414 1744 1512 1810 reges
1527 1724 1687 1815 quidem,
1714 1727 1773 1794 sed
1796 1726 1957 1818 publicae
1976 1728 2207 1801 orbis'tcm-

1215 1848 1297 1892 rum
1313 1836 1426 1915 pestes
1441 1837 1541 1907 suut,
1566 1826 1629 1919 qui
1644 1850 1739 1895 nuuc
1761 1850 1833 1896 sese
1847 1829 2076 1899 sanctissimis
2089 1829 2208 1902 nomi·

1216 1926 1283 1994 bus
1314 1925 1509 1997 venditant.
1568 1922 1687 2021 Atque
1711 1922 1749 1995 hi
1775 1929 1860 1998 tales
1895 1954 1967 2023 quo
1989 1932 2104 2018 ·iure·,‘
2119 1948 2206 2029 ''qua

1218 2026 1348 2094 iniuria
1384 2026 1453 2093 sibi
1483 2024 1618 2116 primas
1638 2024 1816 2098 Ecclesiae
1848 2033 2053 2121 arroganti?
2079 2020 2205 2105 Multa

1217 2122 1291 2210 hie,
1329 2124 1528 2218 Principes,
1572 2128 1735 2222 relinquo
1768 2122 1972 2221 cogitationi
2004 2126 2206 2226 ualidiorem

1216 2242 1432 2313 vestrorum,
1451 2230 1586 2318 partim
1604 2252 1648 2296 ue
1664 2233 1850 2320 defatigem
1864 2256 1927 2302 vos
1941 2234 2051 2304 nimis
2070 2238 2205 2328 prolixa

1216 2329 1392 2413 oratione,
1427 2331 1553 2420 partim
1579 2332 1674 2423 quod
1697 2336 1788 2423 apud
1815 2358 1873 2403 eos
1896 2332 2137 2409 mihi'videor
2151 2336 2206 2407 di-

1217 2455 1311 2515 cere,
1337 2432 1400 2525 qui
1414 2433 1583 2499 monendi
1601 2433 1710 2521 magis
1727 2435 1815 2520 sint,
1837 2460 1945 2531 quam
1957 2440 2126 2514 docendi.
2142 2450 2152 2475 ’·

1317 2529 1502 2601 Praeterea
1520 2528 1802 2604 Christianarum
1823 2561 1943 2607 rerum
1964 2540 2205 2612 omnium'iir·

1216 2634 1349 2703 dicium
1374 2656 1481 2725 penes
1492 2630 1692 2704 Ecclesiam:
1710 2660 1783 2705 esse
1803 2640 1965 2725 volebat,¹
1984 2638 2204 2714 trt‘de'Ch'ri—

1217 2749 1269 2804 sto
1299 2758 1393 2805 nunc
1418 2748 1569 2823 taceam,
1601 2733 1734 2806 Paulus
1761 2739 1798 2806 in
1824 2737 2023 2811 Corinthiis
2046 2738 2204 2829 cum'ait,

1217 2829 1421 2932 Prophetae
1438 2831 1510 2905 duo
1526 2842 1593 2904 aul
1606 2844 1677 2905 tres
1695 2833 1830 2926 dieunt,
1851 2838 1984 2911 caeteri
1995 2836 2204 2915 diiudicare

1218 2938 1357 3027 Quodsi
1383 2938 1514 3029 primas
1532 2937 1648 3045 Papae
1669 2940 1855 3027 debemus,
1885 2967 1959 3013 non
1987 2946 2096 3018 video
2120 2970 2203 3043 quo·

1216 3042 1323 3109 modo
1355 3038 1527 3109 iudicium
1556 3040 1717 3109 omnium
1750 3040 1997 3135 quaestionum
2030 3048 2078 3119 sit
2102 3070 2202 3143 penes

1217 3139 1423 3214 Ecclesiam.
1473 3140 1565 3211 Nam
1579 3144 1676 3235 'quod
1691 3143 1821 3232 fingere
1840 3146 1955 3215 solent
1975 3160 2009 3216 et
2021 3144 2157 3243 Papam
2174 3162 2204 3219 α

1217 3241 1413 3312 Ecclesiam
1432 3260 1545 3312 unum
1566 3267 1693 3334 corpus
1716 3266 1804 3330 esse,
1828 3242 1923 3316 nihil
1944 3249 1990 3316 ad
2015 3248 2095 3320 rem
2116 3250 2202 3325 iacit.

1218 3343 1311 3414 Cum
1331 3344 1464 3413 Paulus
1486 3344 1534 3413 ita
1558 3345 1643 3412 velit
1668 3366 1775 3435 penes
1792 3343 1988 3417 Ecclesiam
2011 3364 2097 3421 esse
2112 3350 2204 3425 iudi·

1219 3446 1332 3528 citam,
1358 3459 1398 3513 ut
1413 3446 1681 3535 velreiragante
1693 3443 1869 3540 Episcopo
1884 3451 1997 3540 possit
2012 3446 2203 3540 deseruere,

1220 3547 1316 3640 quod
1339 3545 1495 3615 videtur·
1556 3545 1617 3616 Sic
1643 3549 1740 3615 enirn
1763 3550 1939 3642 sequitur:
1982 3532 2136 3648 Quodsi
2154 3564 2204 3625 re-

1221 3644 1378 3717 velatum
1391 3644 1512 3743 fuerd
1532 3641 1691 3729 sedenti,
1714 3646 1819 3745 prior
1838 3658 1967 3728 taceat.
2019 3650 2204 3729 sedentem

1219 3748 1351 3818 Paulus
1369 3744 1547 3839 Episcopo
1578 3752 1747 3840 praefert,
1782 3766 1822 3821 ut
1851 3752 1945 3821 idem
1977 3757 2150 3828 omnibus
2169 3758 2204 3827 in

1218 3847 1376 3919 Ecclesia
1406 3851 1460 3919 ius
1481 3850 1586 3919 faciat
1610 3852 1772 3924 docendi.
1839 3848 1889 3925 At
1911 3856 2013 3947 quod-
2031 3859 2134 3929 alind
2151 3872 2204 3931 'est

1220 3949 1388 4044 Episcopi
1406 3974 1554 4035 munus,
1581 3976 1688 4045 quam
1703 3953 1852 4023 docere?
1901 3951 1950 4027 Et
1964 3958 2204 4046 audi,··}liree,

1221 4046 1317 4148 quod
1340 4053 1475 4137 doleat,
1510 4050 1614 4122 Pauli
1642 4050 1767 4123 uerba:
1818 4048 1976 4127 Potestis
2001 4080 2129 4133 omnes
2147 4082 2205 4161 per

1220 4150 1391 4247 singulos
1403 4146 1638 4249 prophetare,
1666 4164 1704 4223 ut
1724 4178 1848 4226 omnes
1861 4150 2008 4228 discent
2033 4168 2069 4231 el
2091 4184 2204 4233 omues

1222 4249 1468 4328 exhortentur.
1521 4253 1675 4341 Videtis,
1696 4258 1890 4349 principes,
1904 4274 1946 4329 ut
1962 4263 2008 4332 sit
2022 4278 2203 4359 aequatum

1222 4359 1276 4426 ius
1318 4357 1468 4426 docendi
1501 4357 1541 4424 in
1571 4353 1747 4443 Ecclesia,
1788 4375 1895 4451 quam
1927 4382 2003 4431 non
2033 4378 2206 4457 praestent

1221 4456 1389 4549 Episcopi
1405 4459 1521 4548 vulgo,
1537 4482 1644 4549 quam
1659 4459 1884 4549 impudenter
1897 4460 2205 4561 lingantPapistae,

1222 4560 1291 4629 sibi
1317 4561 1449 4650 primas
1473 4560 1613 4643 deberi,
1651 4581 1758 4649 penes
1782 4584 1818 4628 se
1844 4562 2018 4634 iudicium
2050 4568 2205 4641 omnium

1222 4661 1467 4754 quaestionum
1482 4660 1580 4743 fidei,
1606 4661 1793 4731 arbitrium
1811 4662 1972 4733 omnium
1988 4688 2113 4740 rerum
2128 4684 2205 4745 esse.

1222 4761 1357 4831 Docere
1379 4762 1515 4829 nemini
1541 4761 1637 4845 licet,
1671 4762 1741 4830 nisi
1758 4760 1916 4835 Romani
1933 4762 2056 4859 Papae·
2073 4776 2205 4843 aceedit

1223 4863 1429 4946 auctoritas,
1461 4864 1491 4931 si
1519 4863 1656 4954 primus
1683 4877 1744 4936 est
1813 4862 1953 4953 Quodsi
1976 4871 2108 4943 docere
2133 4874 2205 4944 lieet

1223 4989 1297 5034 non
1312 4966 1418 5033 modo
1435 4965 1521 5035 citra
1536 4965 1610 5032 eius
1623 4967 1848 5051 mandatum,
1874 4969 1934 5036 sed
1948 4981 1984 5039 et
1996 4986 2122 5044 contra
2137 4976 2206 5045 eius
2231 5020 2237 5037 ·

1224 5066 1485 5150 auctoritatem,
1510 5066 1596 5159 quid
1614 5061 1730 5136 adhuc
1740 5067 1971 5171 dubitamus,
1997 5068 2093 5145 nibil
2112 5098 2206 5170 prae-

1219 5265 1513 5279 ffl-

1277 5395 1322 5466 st)
1340 5401 1432 5461 „seu”
1452 5395 1525 5450 deest
1540 5395 1605 5450 Mel.
1619 5414 1682 5469 opp.
