4500 5782
577 261 588 272 .
672 154 684 201 “’
712 207 1165 307 nrtsrottttuu.
1202 148 1307 290 rin
1342 213 1404 289 tv.
1428 270 1434 287 ,
1458 213 1588 293 toea.

136 208 322 299 ulit.
1787 219 2161 337 ·„·ttot

135 384 172 458 iu
203 378 296 463 hanc
314 381 535 461 sententiam
562 380 856 467 adductussnm,
895 397 935 479 qt
959 397 1120 468 statuam,
1171 408 1245 455 non
1260 387 1426 456 convenit
1438 381 1479 480 ³).
1496 385 1593 479 ‚visi
1603 402 1687 479 suot
1701 391 1814 461 multo
1823 388 2043 479 in‘gidiores,
2057 411 2164 481 quam

135 478 264 577 corpus
305 484 444 557 domini
488 506 568 565 vete
608 506 773 574 praesens
810 485 850 559 in
889 510 997 555 coena
1030 510 1120 571 esse;
1150 482 1246 557 inre
1264 487 1472 560 arbitrabar.
1529 480 1748 583 Magnopere
1771 493 2052 574 contenderunt,
2083 502 2164 563 ute

92 652 95 661 ,
134 583 267 682 sicut')
291 585 413 678 scripsi
435 585 479 655 ad
502 576 855 682 oecolampadium..
896 584 1048 658 Gratum
1067 588 1121 657 ia·
1170 587 1275 661 nobis
1296 589 1420 658 fratres
1443 575 1718 679 appellarentur.
1783 591 1876 661 Vide
1899 616 2026 662 eorum
2050 589 2164 661 stulti-

117 688 233 767 '‘cictis
251 681 360 771 mihi,
384 687 454 756 viri
469 673 615 778 optimi,
641 686 675 754 si·
685 689 729 757 ad
744 711 800 756 me
815 688 952 779 saepim
973 688 1122 778 scripse-
1171 688 1276 759 tiam!
1330 687 1421 759 Cum
1447 693 1620 762 damnent
1648 716 1732 776 nos,
1774 695 1925 784 cupiunt
1946 690 1977 785 ⁴)
2002 704 2163 763 tamena

134 788 223 865 ritis.
298 785 375 878 Ego
408 813 471 880 pro
499 813 575 856 mea
606 788 703 857 virili
732 789 900 875 libenter,
948 803 1123 882 quantum⁴
1170 787 1568 881 nobisfratrcshaberi!
1622 792 1696 866 Nos
1712 795 1892 869 noluimus
1912 795 1960 865 eis
1984 790 2050 862 hac
2072 795 2162 863 inre

133 904 278 983 potero,
300 890 503 974 vobiscum,
528 903 569 960 ut
587 889 703 974 aiunt,
728 892 856 961 faciam
875 892 985 982 paria.
1035 885 1121 959 Lu·
1170 891 1380 964 assentiri..
1402 891 1462 963 Sic
1484 890 1511 986 ς)
1536 896 1683 967 omnino
1708 897 1878 981 arbitror,
1914 896 1944 966 si
1966 889 2086 964 adhuc
2108 917 2161 965 rot

134 985 258 1069 theras
282 991 401 1074 iussit,
427 1004 468 1061 ut
486 992 557 1060 suis
581 993 697 1060 verbis
723 1016 783 1061 vos
804 995 1010 1078 salutarem,
1034 993 1121 1062 scri-

23 1110 29 1120 ·
134 1108 259 1187 pturus
272 1093 363 1184 ipse,
387 1093 419 1163 si
435 1117 498 1184 per
511 1094 759 1186 occupationes
773 1095 941 1171 licuisset.
987 1093 1120 1168 Valete.

131 1191 188 1289 Er
206 1193 411 1286 Marpurgo.
1042 1199 1047 1208 ’

147 1354 151 1363 .
870 1293 1069 1390 Philippus.

156 1528 278 1551 u—

915 1549 920 1557 .
968 1536 1017 1551 “
1043 1535 1094 1549 -

113 1610 139 1689 ι’
201 1619 331 1692 (Capito,
347 1620 381 1675 de
413 1620 632 1677 oiboscourenit
649 1622 880 1679 interbutberum
898 1635 925 1680 et
941 1626 1121 1697 zuinglium,
1148 1684 1152 1696 ,

145 1760 149 1764 ι
235 1708 303 1762 quse
318 1690 390 1743 dedit
423 1689 866 1751 caeliusinMelrnthooisConsil.
884 1694 928 1748 lat.
950 1694 1011 1749 Μ
1031 1695 1119 1765 pst.

234 1777 333 1830 quaere
348 1758 377 1810 in
391 1755 500 1811 lutheri
514 1759 662 1829 operibus.)
861 1768 865 1787 ·“

169 1927 341 2032 (Redit
374 1924 657 2029 Melanttleon
693 1896 1068 2035 Wiitebergam.)

141 2135 311 2243 N⁰·.⁶4⁰·

139 2233 309 2295 ΨΥ

796 2153 853 2215 12·
871 2148 944 2238 Oct,
962 2150 1093 2234 (lenae.)

752 2255 755 2261 .
766 2241 1119 2288 m

446 2288 510 2370 Io.
540 2285 792 2399 Agricolae.
824 2374 830 2395 ,

81 2472 84 2476 .
199 2433 275 2518 Edita
289 2453 317 2487 er
333 2429 414 2514 Mssa
430 2430 457 2483 in
468 2430 524 2512 ¹deo
534 2428 796 2491 Unscbuld.Nachr.
812 2434 888 2490 1721.
905 2453 933 2517 p.
948 2436 1023 2491 1038.
1064 2436 1118 2491 Le·

233 2512 305 2625 pptur
318 2499 450 2569 descripta
466 2517 495 2550 tn
514 2498 575 2551 cod.
593 2496 674 2553 Goth.
694 2500 736 2553 28.
756 2520 781 2571 p.
795 2503 839 2556 22.
865 2512 890 2555 et
905 2523 933 2556 m
949 2506 1010 2559 cod.
1023 2507 1117 2563 Melan.

262 2569 284 2624 l.
309 2588 336 2638 p.
353 2568 384 2619 41
393 2568 421 2620 b.
474 2565 637 2620 Germanice
658 2586 716 2622 eam
735 2570 811 2624 dedit
831 2571 981 2628 Walcbitts
1000 2575 1029 2627 in
1052 2595 1117 2648 opp.

233 2639 313 2693 tuit.
331 2633 466 2689 T.xv11.
485 2654 512 2705 p.
528 2634 604 2687 2374.

280 2734 497 2825 Iohanni
521 2747 795 2846 Agricolae,
819 2753 970 2831 Islebio.

33 2864 39 2885 ⁸
129 2857 244 2949 Forte
269 2872 459 2943 incidimus
480 2871 585 2939 lenae
606 2872 646 2940 in
667 2873 779 2944 civem
798 2870 1061 2951 Salveldensem
1080 2878 1118 2976 ¹),

130 2982 239 3074 quare
263 2976 348 3047 dttni
372 2973 440 3044 tibi
460 2967 645 3044 historiam
676 2977 791 3071 nostri
818 2966 956 3053 itineris
986 2985 1118 3054 deseri.

129 3082 284 3151 bendam
304 3086 387 3145 ess'e.
657 3132 661 3143 .
746 3110 750 3121 ¹
794 3114 798 3121 ·

231 3181 392 3251 Fuerunt
408 3175 596 3266 Marburgi
612 3172 845 3272 Zwinglias,
872 3174 1118 3281 Oecalampa-

130 3280 238 3363 dias,
262 3277 445 3359 Reiectus,
470 3273 636 3355 Hecata-
670 3283 854 3353 nobisculn
874 3277 1064 3356 Osiander
1084 3303 1119 3359 et

130 3381 308 3458 Brentius
331 3396 441 3454 erant.
492 3377 634 3469 Agitata
655 3396 707 3453 est
727 3408 829 3456 causa
850 3411 978 3461 coenae
1000 3391 1118 3461 domi·

131 3490 229 3559 nicae
244 3510 307 3578 per
322 3485 491 3555 triduum.
540 3476 812 3577 Landgravias
825 3488 1012 3570 ridebatur
1033 3514 1118 3583 pro-

113 3587 271 3683 ‘perare,
296 3601 337 3657 ut
358 3595 572 3669 conventum
595 3586 804 3677 dimitteret,
827 3592 911 3682 quia
937 3593 1035 3663 lorus
1060 3595 1116 3661 iu-

9 3673 47 3747 s
131 3693 243 3761 lectus
273 3701 324 3757 est
357 3686 567 3784 pestilentia.
635 3685 717 3761 Duo
745 3703 882 3760 tantum
911 3710 1115 3783 argumenta

132 3805 276 3864 tractata
299 3803 398 3873 sunt,
422 3786 552 3882 quibus
573 3788 725 3858 maxime
748 3793 931 3864 confidunt
953 3798 1117 3867 adverse-

132 3894 196 3979 rii,
219 3891 337 3985 primo
355 3902 490 3980 sextum
507 3906 610 3980 caput
634 3885 824 3979 lobannis,
848 3898 1002 3966 secundo
1021 3901 1115 3993 quod

131 4020 245 4068 unum
279 4017 406 4084 corpus
439 3991 562 4061 multis
596 3992 635 4061 in
668 3993 755 4063 locis
786 4019 858 4066 osse
891 4021 966 4067 non
996 4001 1116 4092 possit.

101 4132 109 4171 .·
133 4096 251 4191 Multa
273 4095 389 4165 obiter
412 4093 578 4163 dixerunt
597 4097 809 4183 adversarii,
841 4123 882 4170 ex
902 4101 1032 4193 quihus
1054 4127 1116 4195 ap-

133 4213 258 4292 paret,
275 4221 333 4266 eos
347 4220 466 4265 rerum
479 4194 719 4284 spiritualium
736 4202 841 4269 rudes
866 4225 949 4274 esse.
1000 4200 1117 4274 Inter-

53 4352 57 4371 .
132 4300 247 4391 rogati
260 4313 360 4381 sunt,
385 4297 473 4392 quid
490 4290 643 4369 sentiani
661 4300 704 4368 de
725 4300 882 4371 trinitate
903 4303 1017 4394 deque
1037 4306 1116 4373 aliis

134 4402 257 4473 multis
276 4401 399 4482 rebus;
431 4399 585 4492 itemque
602 4395 632 4495 ²)
657 4400 798 4470 articuli
819 4404 1005 4494 compositi
1024 4421 1116 4492 sunt,

134 4504 172 4573 in
201 4503 330 4599 quibus
352 4496 567 4593 chinglius
597 4524 696 4570 suam
723 4516 879 4573 recantat
906 4492 1115 4599 seutentiam

133 4607 178 4696 de
193 4617 332 4697 peccato
347 4603 529 4691 originali,
550 4605 593 4672 de
608 4627 675 4672 usu
691 4620 988 4677 sacramentorum
1004 4610 1116 4701 deque
1172 4608 1176 4613 ’

134 4706 215 4797 aliis
238 4706 468 4801 quibusdam,
504 4705 701 4796 dequibus
729 4729 865 4798 semper
893 4709 1116 4777 incommode

133 4796 273 4909 loeutus
288 4822 349 4877 est.
399 4804 556 4876 Tanaim
573 4800 631 4874 hic
650 4810 833 4897 scrupulus
856 4812 899 4878 de
920 4812 1115 4901 praesentia

133 4910 289 5002 corporis
305 4904 438 4978 Christi
462 4908 498 4975 in
520 4930 628 4975 coena
649 4908 805 5000 reliquus
828 4924 888 4982 est.
945 4910 1000 4981 De
1019 4930 1058 4981 ea
1078 4937 1116 4980 rc

181 5101 211 5170 3)
226 5072 445 5224 wammam.
456 5096 638 5155 rtUnscltuld.
652 5096 751 5155 Nechr.
765 5118 815 5173 pro
826 5102 897 5154 sicut
909 5099 1008 5199 babent
1017 5106 1116 5167 sernel;

133 5317 139 5330 ·
183 5250 448 5332 1)Unsch.Nachr.·
465 5250 821 5335 adduntruitersocturum
841 5268 942 5306 versus
956 5252 1116 5330 lit'sieltiem,

233 5341 301 5391 quae
317 5341 348 5373 ex
364 5340 484 5390 margine
496 5340 551 5373 ure
569 5340 634 5375 stsse
646 5340 818 5391 perspicuum
834 5333 883 5376 est.

132 5456 136 5463 ¹
180 5392 349 5528 nmina?
360 5387 538 5447 hebetoGo
584 5393 659 5458 ‚sed
676 5389 781 5453 Uoselr.
792 5390 892 5449 Nachr.
907 5401 935 5447 et
946 5392 1009 5447 cod.
1018 5392 1113 5449 Melan.

1171 994 1303 1080 integra
1319 1007 1422 1078 esset,
1448 1019 1522 1067 non
1538 1008 1697 1068 matteras
1713 998 1866 1087 amplius
1884 1011 2026 1067 tantam
2041 990 2071 1088 ⁸)
2092 1009 2161 1067 tra-

1169 1093 1332 1183 goediam
1347 1091 1389 1190 ⁷).
1440 1093 1594 1167 Articuli
1612 1099 1702 1169 editi
1715 1093 1744 1190 ⁸)
1762 1098 1947 1190 Marpurgi
1971 1091 2070 1167 haud
2096 1099 2161 1166 du·

1149 1190 1152 1247 ἶ
1171 1197 1226 1266 bie
1243 1196 1333 1267 istuc
1348 1191 1379 1292 ⁹)
1395 1198 1627 1287 perferentur.
1679 1198 1779 1272 Vale.
1804 1263 1809 1269 .
1831 1199 1948 1270 lenae.

1815 1296 2010 1392 Philippus
2023 1295 2113 1369 Mel.

1995 1506 2052 1565 17.
2070 1497 2141 1561 Oct.

1981 1587 2152 1616 Μ

1173 1490 1345 1614 Q

1487 1640 1609 1724 Frid.
1625 1640 1845 1749 Myconio.¹

1237 1781 1371 1850 Snegass.
1387 1801 1429 1853 ep.
1446 1781 1488 1835 19.
1522 1781 1706 1853 Apograpbon
1721 1781 1826 1845 inccd.
1839 1781 1977 1839 Meboert.
1995 1783 2019 1839 l.
2037 1784 2125 1855 ptb.

1174 1908 1269 1982 Viro
1297 1905 1512 1991 venerabili,
1554 1903 1608 1976 D.
1632 1900 1677 1975 F
1680 1901 1888 1981 riderico
1916 1901 2159 2001 Myronis,

1235 2006 1396 2081 Pastori
1408 2005 1597 2079 Ecclesiae
1620 2000 1841 2089 Galliensis,
1881 2007 2004 2079 amico
2026 2034 2096 2080 suo

1431 2123 1439 2135 ”
1550 2107 1763 2206 praecipuo,

1168 2209 1210 2299 S.
1232 2229 1277 2300 D.
1336 2226 1379 2300 ln
1412 2229 1539 2299 itinere
1573 2229 1669 2296 bono
1702 2227 1824 2296 animo
1854 2227 1923 2296 tuit
1955 2219 2157 2313 lutherus,

1170 2334 1282 2400 donec
1315 2344 1460 2399 ventum
1495 2344 1545 2398 est
1577 2323 1755 2421 Tangam.
1829 2324 1885 2396 lbi
1916 2331 2157 2417 cognovimus,

1171 2426 1359 2503 Viennam
1388 2455 1408 2499 a
1432 2425 1470 2498 T
1471 2412 1568 2498 uicis
1589 2453 1725 2498 summa
1749 2430 1787 2497 vi
1809 2432 2023 2519 oppugnari.
2088 2430 2157 2500 Ner

1168 2536 1241 2604 iam
1267 2534 1370 2603 dubii
1389 2555 1547 2601 rumores
1570 2545 1670 2615 sunt,
1709 2532 1769 2598 sed
1794 2531 1915 2599 omnia
1937 2523 2155 2628 feruntur')

1170 2637 1349 2726 'explorata
1371 2646 1477 2706 certo.
1536 2629 1590 2702 Ea
1611 2657 1649 2701 re
1671 2633 1774 2701 valde
1796 2654 1922 2699 omnes
1942 2633 2156 2703 consternati

1170 2750 1262 2807 sunt.
1320 2729 1495 2828 Princeps
1523 2758 1603 2804 curn
1632 2746 1705 2802 tota
1735 2732 1817 2801 aula
1842 2733 1997 2803 maxime
2018 2735 2156 2804 videtur

1169 2835 1237 2908 hoc
1266 2837 1423 2930 periculo
1449 2847 1656 2904 commotus.
1721 2828 1817 2902 Ante
1838 2846 2004 2903 nostrum
2027 2838 2154 2904 adven-

1169 2954 1244 3009 tum
1259 2934 1401 3009 fuit'tne
1414 2932 1513 3005 Dux
1526 2929 1728 3029 Georgius,
1753 2934 1816 3026 qui
1837 2935 1992 3004 contulit
2012 2936 2154 3005 consilia

1169 3067 1249 3111 eum
1264 3054 1385 3108 nostro
1402 3033 1572 3134 Principe
1589 3041 1632 3105 de
1653 3037 1837 3105 mittendis
1859 3036 2004 3105 auxiliis
2027 3040 2071 3106 ad
2094 3039 2153 3106 de-

1167 3143 1381 3212 fendendam
1396 3136 1586 3209 Austriam.
1637 3137 1777 3207 Dicitur
1794 3131 1958 3208 hilariter
1977 3150 2014 3208 et
2038 3162 2153 3207 aman-

1168 3256 1222 3313 ter
1240 3267 1319 3312 eum
1335 3243 1465 3315 nostris
1488 3255 1713 3312 conversatus
1731 3261 1816 3310 esse.
1867 3235 1974 3307 Nunc
1992 3239 2101 3328 igitur
2112 3241 2153 3307 de

1168 3346 1406 3435 comparando
1430 3343 1582 3412 exercitu
1606 3340 1833 3410 deliberatur.
1884 3337 1982 3410 Haec
2004 3365 2086 3410 cura
2108 3341 2153 3409 sic

1167 3458 1314 3537 occupat
1330 3468 1467 3529 omnes,
1484 3458 1525 3513 ut
1541 3437 1632 3510 nihil
1647 3442 1717 3511 lori
1732 3441 1780 3508 sit
1792 3438 1872 3508 aliis
1887 3435 2054 3529 negotiis.
2086 3439 2153 3510 lta·

1168 3573 1235 3641 que
1251 3570 1315 3636 ego
1332 3543 1423 3615 nihil
1436 3546 1492 3634 'egi
1508 3548 1588 3614 clim
1603 3544 1677 3615 ullo
1692 3545 1736 3613 de
1750 3541 1902 3630 negotiis
1916 3542 2151 3633 inspectionis.

1168 3648 1226 3719 Tu
1245 3649 1396 3731 interea,
1421 3658 1595 3741 quantum
1612 3644 1760 3736 poteris,
1785 3642 1945 3725 curabis,
1970 3658 2014 3714 ut
2030 3645 2153 3713 tolera·

1167 3751 1287 3820 biliter
1303 3744 1740 3838 gubernenturEcclesiae.
1776 3738 2153 3815 Adhortaberisetiam

1166 3849 1358 3936 Ecclesiae,
1382 3865 1421 3920 ut
1440 3861 1542 3921 orent
1555 3847 1769 3929 Dominum,
1791 3858 1833 3913 ut
1853 3844 2012 3935 depellat
2027 3841 2152 3915 Tarei-

1167 3976 1246 4023 enm
1266 3949 1513 4021 latrocinium.
1563 3949 1617 4023 De
1631 3941 1792 4018 Caesare
1807 3969 1953 4036 prorsus
1976 3943 2070 4015 nibil
2091 3973 2151 4017 au·

1168 4050 1239 4127 dio.
1286 4054 1452 4125 Fortasse
1468 4077 1550 4122 cnm
1570 4051 1694 4121 redibo
1712 4051 1877 4129 domum,
1901 4048 2042 4142 aliquid
2057 4048 2151 4117 inve-

1168 4157 1264 4225 niam
1287 4157 1468 4225 literarum
1492 4179 1533 4225 ex
1548 4148 1698 4223 Norico
1722 4150 1921 4221 missarum.
1988 4148 2099 4221 Valde
2121 4165 2150 4219 te

1165 4281 1272 4347 rogo,
1297 4271 1338 4326 ut
1352 4253 1538 4326 historiam
1553 4247 1725 4323 Monichi
1739 4249 1855 4331 illius,
1879 4251 1925 4318 de
1944 4274 2019 4343 quo
2034 4252 2150 4344 loque-

1167 4361 1293 4429 bamur
1301 4353 1514 4454 Marpnrgi
1522 4411 1532 4441 ,
1552 4357 1620 4449 qui
1634 4353 1818 4422 Danielem
1832 4352 2032 4436 enarravit,
2055 4353 2150 4422 eredo

1167 4484 1299 4529 nomen
1317 4450 1629 4552 essc.Hildri**·),
1654 4468 1763 4526 totam
1785 4466 1821 4521 et
1840 4452 2035 4542 diligenter
2055 4453 2148 4522 nobis

1217 4634 1246 4705 3)
1269 4634 1374 4720 [inscii.
1389 4634 1488 4688 Nacbr.
1508 4632 1633 4711 conuenit
1651 4631 1690 4681 eis
1706 4630 1863 4709 nedicunt,
1888 4629 2083 4698 praetermisso
2098 4649 2148 4700 seq.

1173 4812 1176 4819 .
1197 4832 1200 4837 ,
1218 4773 1245 4840 a
1264 4700 1666 4835 ttttltltttt.itl.l·’
1683 4706 1713 4750 Μ
1726 4694 1770 4751 *¹⁰
1784 4696 1886 4749 “¹¹¹¹''¹'
1899 4706 1950 4750 ‘⁸¹'

1220 4843 1245 4909 5)
1265 4840 1310 4894 Sic
1326 4860 1381 4894 non
1397 4839 1494 4915 legitur¹
1505 4837 1533 4890 in
1548 4837 1606 4911 deo¹
1617 4833 1719 4889 Unsch.
1732 4831 1768 4886 N.

1219 4912 1247 4975 6)
1268 4907 1372 4964 Unscb.
1390 4907 1421 4960 N.
1435 4924 1493 4959 nan
1507 4902 1628 4977 initdros
1640 4902 1762 4972 amplius
1776 4902 1874 4954 talem.

1219 4979 1248 5048 7)
1269 4978 1375 5031 Verba:
1393 4973 1512 5047 „Valde
1523 4974 1723 5027 mutandorum
1738 4998 1769 5011 -
1781 4998 1816 5013 -
1829 4972 2011 5036 tragoediae
2020 4973 2040 4995 ”
2056 4974 2147 5030 ‚diaeta

1268 5057 1332 5100 scint
1349 5047 1428 5100 etiam
1449 5040 1694 5161 spinolaqbutmri
1705 5037 1754 5159 aad}
1763 5039 1784 5089 Α
1805 5037 1925 5159 ricpqlfqtp'.
1943 5039 1973 5159 dr.
1993 5038 2147 5166 'dil-1223,

1218 5187 1245 5252 n
1265 5184 1327 5238 coa.
1340 5184 1435 5237 ntes..
1451 5180 1537 5233 ..tata
1554 5127 1637 5231 ...li
1652 5124 1703 5177 ’μ’
1758 5126 1771 5158 ⁰
1828 5126 1843 5158 ‘
1972 5147 1979 5161 ‘
2060 5133 2083 5180 μ
2140 5149 2145 5161 ’

1199 5252 1440 5390 *lidedtviiti'bhi
1450 5250 1656 5388 gibaldi-uritur.
1684 5387 1687 5391 .
1722 5379 1727 5392 Ι

1173 5444 1179 5449 ,
1198 5392 1243 5461 **)
1264 5380 1827 5461 lan.etstan,moqact119‚ttr2ac1·capus
1844 5380 1961 5451 fuldae.
1998 5383 2042 5441 De
2059 5406 2090 5440 eo
2104 5388 2145 5439 b·

1233 5461 1330 5514 bentur
1342 5459 1370 5511 in
1383 5455 1444 5510 cod.
1458 5450 1542 5506 Goth.
1557 5448 1619 5504 stt.
1645 5442 1768 5521 eicerpta
1787 5457 1866 5521 „ttttt
1876 5440 1944 5508 httn
1960 5452 2142 5525 &insolida

1270 5116 1343 5169 1529.
1379 5113 1441 5166 Vid.
1452 5110 1560 5164 Lutheri
