4500 5782
42 130 51 141 ¹
105 202 177 274 stt
409 222 412 229 ·
691 183 1121 263 EPISTOLARUM
1171 186 1276 264 LlB.
1310 185 1358 265 ll.
1411 186 1540 271 1521.
1978 296 1988 321 Ι
2057 196 2136 271 sta

108 371 268 441 lasticum
287 369 414 456 dogma
436 379 503 450 est,
529 358 693 433 humanis
716 361 1011 433 satisfactionibus
1033 383 1094 429 ex-
1144 361 1372 446 extricabiles,
1391 361 1454 432 ubi
1471 383 1645 454 nusquam
1659 385 1734 432 non
1749 388 1790 435 ex
1807 365 2013 458 quaestione
2025 390 2137 460 quae-

108 471 200 565 piari
221 469 399 543 delictum.
456 462 657 566 Videbatur
680 465 775 534 enim
798 487 909 558 aequa
933 486 1006 533 esse
1030 463 1094 531 de·
1145 463 1211 534 stio
1230 464 1398 536 nascitur.
1448 461 1567 532 Huius
1579 464 1649 532 nisi
1663 467 1892 538 conscientias
1907 469 2138 560 quorundam

108 576 192 645 here
218 573 394 640 honorum
419 592 458 637 ac
481 568 656 637 malorum
675 590 823 659 operum
846 565 1094 657 compensatio.
1135 565 1271 635 misere
1289 565 1445 635 adflictas
1461 578 1564 635 testes
1583 560 1716 652 habeo,
1741 569 1847 638 fidem
1868 569 2000 638 facient
2013 565 2055 665 ²¹)
2077 569 2137 640 vel

110 673 262 764 Quaeso,
279 696 321 740 ex
333 666 401 740 hoc
414 671 617 758 dogmatum
632 692 757 758 genere
778 668 899 738 diviua
915 666 1095 750 beneficia,
1144 668 1373 759 bibliopolis,
1397 667 1461 736 ubi
1474 680 1613 737 tantum
1627 690 1863 756 summarum,
1888 670 1937 741 sic
1952 671 2049 739 euim
2069 695 2137 741 vo-

111 799 200 870 quae
220 774 319 843 orbis
342 786 516 841 terrarum
539 793 602 862 per
623 767 803 840 Christum
825 770 971 861 accepit,
1001 763 1095 861 'quo-
1146 782 1242 854 cant,
1275 783 1413 840 tantum
1433 770 1765 839 commentariorum
1791 772 1831 840 in
1858 786 2025 864 quartam
2052 795 2137 842 sen-

111 878 217 946 modo
239 871 509 963 cognoscemus?
558 866 693 941 Annon
710 871 894 941 obliterata
917 885 968 939 est
987 865 1096 940 Chri·
1146 872 1336 942 tentiarum
1360 885 1410 940 est
1430 870 1600 961 reperire,
1625 886 1665 941 ut
1686 895 1809 943 corum
1828 874 2136 944 nomenclaturam

111 980 156 1050 sti
174 977 301 1067 gratia,
327 998 436 1066 quom
455 997 530 1043 non
552 973 649 1042 illius
671 974 857 1062 sanguine,
881 973 943 1041 sed
965 970 1096 1040 nostris
1145 974 1258 1042 iacere
1278 997 1382 1041 nemo
1401 973 1524 1062 possit.
1574 971 1692 1065 Atque
1714 969 1799 1043 haec
1820 989 1920 1059 sunt,
1944 976 2139 1066 principes,

112 1078 259 1174 piaculis
292 1076 424 1169 placari
456 1077 562 1144 detam
594 1075 762 1145 tradunt?
829 1070 965 1143 Annon
990 1068 1095 1143 Chri·
1146 1074 1207 1143 illa
1225 1074 1517 1144 conscientiarum
1536 1075 1708 1160 cauteria,
1736 1100 1826 1168 quae
1845 1077 1916 1144 iam
1937 1076 2026 1144 olim
2047 1100 2136 1169 pru-

112 1179 218 1252 stiaui
233 1179 376 1270 spiritus
398 1177 450 1245 vis
465 1176 649 1246 obscurata
664 1190 726 1259 est,
751 1200 859 1269 quom
875 1178 1012 1259 docent,
1034 1199 1096 1242 ve·
1148 1178 1272 1246 denter
1295 1176 1411 1244 caveri
1430 1175 1531 1246 iussit
1544 1169 1747 1267 Apostolus.
1798 1175 1920 1269 Neque
1939 1176 2037 1246 enim
2057 1178 2135 1247 ulla

112 1307 189 1353 mm
205 1280 470 1370 absolutamque
485 1277 650 1346 virtutem
666 1301 766 1368 posse
783 1273 949 1346 humanis
968 1276 1097 1344 animis
1146 1278 1283 1347 ratione
1304 1277 1432 1346 certius
1446 1273 1630 1348 Christum
1650 1278 1826 1362 dediscas,
1851 1302 1957 1371 quam
1975 1279 2038 1347 illo
2056 1279 2136 1369 ipso

113 1382 316 1470 contingere
331 1380 417 1449 citra
433 1379 547 1447 divini
562 1380 706 1470 spiritus
727 1378 918 1447 adflatum?
969 1374 1044 1446 lam
1064 1390 1098 1446 et
1148 1379 1327 1449 doctrinae
1350 1400 1494 1467 genere,
1515 1403 1587 1472 quo
1602 1379 1678 1448 solo
1693 1380 1796 1449 aiunt
1810 1375 2038 1468 theologastri
2058 1379 2137 1449 for-

113 1482 320 1555 nominibus
343 1481 492 1570 gratiae,
529 1481 643 1565 fidei,
673 1475 853 1550 charitatis
887 1504 926 1548 ac
949 1478 1025 1570 spei
1049 1478 1098 1546 sic
1148 1480 1239 1548 mari
1266 1502 1387 1570 posse,
1425 1492 1505 1549 utar
1535 1480 1630 1547 enim
1656 1480 1799 1549 interim
1821 1482 1980 1571 ipsorum
2005 1480 2137 1565 verbis,

91 1584 216 1657 'abusi
230 1597 328 1665 sunt,
353 1597 393 1653 ut
406 1578 499 1651 nihil
516 1582 635 1651 minus
651 1581 691 1649 in
706 1580 836 1650 divinis
856 1580 968 1649 literis
989 1579 1098 1668 signi·
1150 1581 1402 1664 conscientias,
1438 1580 1476 1647 id
1497 1582 1594 1673 quod
1617 1581 1666 1650 ita
1692 1582 1761 1650 sibi
1792 1596 2061 1673 persuaserunt,
2095 1595 2140 1651 ut

113 1688 232 1775 fiuent,
271 1707 378 1777 quarn
402 1684 498 1775 quod
520 1682 595 1751 istis
625 1683 664 1751 in
687 1682 987 1773 disputationibus
1016 1680 1098 1751 suis.
1148 1682 1306 1773 plerique
1328 1682 1525 1770 religiosuli
1553 1703 1627 1750 non
1652 1683 1699 1751 oh
1725 1683 1824 1752 aliud
1852 1683 2043 1753 videantur
2064 1681 2138 1750 ini-

113 1786 214 1860 Adeo
234 1810 308 1855 non
328 1785 435 1854 modo
452 1778 584 1857 Christi
599 1784 811 1868 doctrinam,
837 1784 899 1852 sed
916 1797 950 1852 et
963 1804 1099 1850 sermo-
1150 1782 1213 1876 qui
1235 1783 1533 1851 efflorescentibus
1549 1777 1773 1871 Evangelicis
1795 1784 1922 1867 literis,
1947 1782 2017 1851 nisi
2037 1782 2138 1876 quod

113 1911 196 1959 uetn
212 1886 455 1957 dedidicimus.
493 1883 598 1958 ‚Nam
612 1885 676 1953 ubi
689 1884 818 1973 gratia,
843 1884 939 1975 quod
955 1879 1098 1952 Christo
1150 1896 1334 1967 verentur,
1368 1907 1414 1951 ne
1438 1877 1601 1952 scholicis
1622 1885 1920 1975 disputationibus
1942 1884 2140 1977 antiquatis

112 1989 243 2060 favoris
269 1987 481 2058 vocabulum
508 1997 577 2069 est,
614 1987 765 2055 soranam
797 1984 927 2068 animi,
967 1996 1007 2053 ut
1039 1983 1099 2052 isti
1150 1998 1185 2054 et
1209 1984 1503 2053 conscientiarum
1531 1984 1818 2074 corrigendorum
1848 1986 1938 2055 ratio
1970 1986 2140 2056 defutura

114 2091 316 2181 disputant,
351 2086 489 2177 signat?
535 2099 597 2157 aut
624 2088 719 2155 unde
745 2100 828 2156 sunt
852 2085 932 2153 {idei
962 2085 1098 2153 infusae
1150 2085 1205 2157 sit.
1262 2083 1374 2154 Porro
1400 2086 1584 2177 momodo
1600 2087 1830 2156 conscientias
1856 2088 2039 2171 erudiant,
2074 2086 2142 2179 qui

114 2206 149 2262 et
170 2190 376 2283 acquisitae,
410 2188 579 2256 formatae
604 2200 638 2256 et
663 2187 824 2255 informis
846 2184 1099 2277 appellationes
1149 2209 1214 2255 nec
1237 2185 1377 2254 divinas
1398 2187 1507 2274 leges,
1532 2210 1596 2255 nec
1611 2189 1743 2277 peccati
1759 2189 1909 2273 formas,
1933 2183 2140 2257 necEvau-

113 2292 240 2363 natae?
297 2289 402 2360 Unde
428 2288 489 2355 ille
520 2287 606 2357 item
634 2281 813 2357 charitatis
844 2288 954 2370 ordo,
993 2309 1097 2378 quem
1150 2287 1281 2377 galium
1303 2300 1453 2370 norunt,
1484 2288 1667 2358 aestimare
1690 2290 1792 2358 facile
1812 2290 1975 2380 potestis,
2006 2301 2042 2358 et
2062 2311 2141 2358 nou

114 2391 382 2487 praescribunt?
433 2381 589 2480 Autquo
606 2401 746 2456 auctore
764 2388 909 2472 docent,
934 2381 1099 2454 humanis
1150 2390 1297 2457 obscure
1322 2390 1448 2457 docent
1471 2390 1639 2480 exempla.
1689 2387 1780 2475 lam,
1809 2392 1839 2459 si
1859 2391 1964 2475 libet,
1979 2402 2026 2460 et
2046 2412 2141 2483 quae

114 2491 250 2562 meritis
274 2492 311 2559 in
340 2512 436 2581 spem
460 2489 582 2557 salutis
605 2489 692 2577 erigi
714 2482 1099 2572 Christianus-mentes,
1150 2501 1278 2559 vocant
1293 2503 1509 2558 sacramenta
1526 2491 1827 2581 contemplamini,
1850 2492 1889 2560 iu
1908 2491 2050 2584 quibus,
2072 2490 2142 2560 ulti

102 2597 224 2663 immo
248 2594 343 2661 unde
366 2585 550 2681 prophana
571 2589 633 2658 illa
654 2589 772 2672 meriti
791 2589 998 2681 appellatio,
1028 2612 1096 2681 qua
1150 2588 1359 2680 abaptismo
1376 2591 1606 2681 poenitentia,
1631 2593 1821 2662 utareuim
1833 2593 1932 2682 vulgi
1949 2591 2148 2677 vocabulo,-

114 2691 208 2765 nihil
223 2692 464 2784 impudentius
475 2704 537 2760 aut
551 2690 662 2779 magis
674 2689 781 2780 impie
795 2691 948 2779 confingi
963 2689 1100 2780 potuit?
1150 2691 1288 2778 seiungi
1296 2693 1421 2781 coepit,
1437 2693 1620 2785 utriusque
1630 2688 1694 2786 ²¹⁶)
1708 2696 1842 2764 tructus
1853 2693 2031 2765 obscurati
2043 2706 2142 2778 sunt,

114 2795 294 2866 Hactenus
316 2793 581 2875 admonuimus,
613 2805 646 2861 et
670 2791 789 2881 paucis
811 2792 970 2883 quidem,
993 2815 1097 2883 quam
1151 2805 1240 2861 etex
1256 2791 1430 2882 baptismo
1447 2794 1595 2881 frigidae
1615 2796 1826 2864 cerimoniae
1842 2797 1953 2865 sactae
1970 2807 2072 2880 suut,
2096 2818 2142 2865 ex

116 2893 208 2966 nihil
233 2893 419 2964 conveniat
438 2916 554 2984 neque
574 2892 710 2981 legibus
731 2886 959 2971 Christianis,
985 2915 1100 2984 neque
1149 2892 1365 2984 poenitentia
1379 2917 1453 2961 non
1467 2894 1583 2980 aliud,
1607 2895 2143 2965 nisiconscientiarumcamili-

115 2997 266 3091 peccati,
292 3018 406 3089 neque
429 2995 600 3063 virtutum
624 2994 763 3076 formis,
790 3016 877 3085 quas
894 2992 1100 3083 praescribit
1151 2994 1230 3063 cina
1270 3006 1304 3062 et
1342 2994 1432 3064 ratio
1474 2996 1717 3086 compilandae
1750 2993 1973 3067 Christianae
2010 2997 2141 3088 plebis.

114 3097 368 3187 Evangelium‚
407 3118 486 3164 cum
523 3090 794 3185 philosophicis,
828 3095 986 3186 adeoque
1019 3118 1099 3163 eum
1149 3093 1297 3164 Missam
1315 3119 1399 3166 vero
1425 3120 1532 3189 quam
1552 3097 1591 3164 iu
1611 3093 1796 3188 prophano
1811 3111 1958 3190 quaestu
1973 3093 2144 3184 habeant,

115 3197 312 3288 Theologia
338 3192 557 3280 scholarum,
582 3219 668 3289 quas
691 3208 835 3280 vocant;
861 3193 965 3265 Nunc
984 3209 1104 3279 restat,
1151 3197 1237 3290 quid
1253 3195 1377 3266 attinet
1388 3198 1602 3267 admonere?
1643 3192 1694 3268 At
1707 3194 1813 3268 huius
1829 3199 2020 3290 impietatis
2031 3199 2144 3290 plane

115 3317 156 3373 ut
171 3300 239 3391 ipsi
255 3298 429 3388 cogitetis,
454 3321 560 3391 quam
573 3298 684 3366 multa
700 3297 740 3365 in
753 3297 899 3380 ritibus,
923 3296 961 3364 in
976 3297 1100 3366 formis
1151 3312 1309 3368 auctores
1334 3311 1419 3369 sunt
1444 3295 1643 3369 scholastici
1667 3295 1861 3388 Theologi,
1897 3299 1961 3393 qui
1986 3301 2142 3371 formam

115 3413 412 3472 sacramentorum
449 3410 578 3467 novata
610 3398 701 3481 sint,
746 3412 973 3490 posteaquam
1005 3399 1100 3467 divi·
1151 3399 1386 3490 poenitentiae
1413 3414 1608 3486 noverunt,
1640 3400 1702 3494 qui
1730 3424 1771 3469 ex
1793 3400 1903 3471 Missa
1927 3400 2142 3473 sacrificium

115 3527 182 3573 nae
199 3503 320 3571 literae
336 3499 514 3570 contemni
530 3522 683 3589 coepere.
727 3497 887 3569 Primum
903 3497 999 3566 cuim
1012 3499 1100 3587 legi·
1150 3500 1324 3583 iecerunt,
1350 3501 1449 3569 cuius
1470 3503 1604 3572 fructus
1624 3502 1663 3571 in
1686 3503 1829 3594 quosvis
1848 3503 2049 3593 dispensari
2072 3524 2142 3595 pro

114 3604 183 3674 bus
211 3602 343 3671 divinis
368 3601 467 3670 velut
495 3599 742 3682 exauctoratis,
771 3600 865 3668 bone
887 3600 988 3683 deus,
1022 3600 1101 3691 quis
1151 3601 1297 3669 arbitrio
1320 3600 1544 3672 sacrificantis
1558 3603 1686 3693 possit.
1740 3626 1805 3672 nec
1826 3604 1921 3671 enim
1946 3604 2142 3675 obscurum

114 3726 260 3775 acervus
277 3705 394 3791 legum
411 3700 592 3784 successit,
618 3712 658 3769 ut
673 3701 969 3792 quemadmodum
987 3701 1100 3789 graeci
1152 3715 1219 3785 est,
1246 3701 1333 3792 quid
1349 3697 1408 3770 hic
1428 3704 1618 3774 commenti
1631 3704 1703 3774 sint
1725 3718 1758 3774 et
1775 3704 1925 3774 stolidus
1943 3705 2010 3775 iste
2020 3699 2142 3798 Aqui-

115 3806 252 3887 dixere,
273 3801 348 3874 ἔστι
362 3795 474 3882 πόλος
489 3796 560 3895 πρὸ
578 3793 723 3885 utilem,
749 3794 863 3880 attilae
874 3825 917 3901 γε
934 3796 1004 3892 μέν
1026 3799 1102 3871 ἐστι
1152 3825 1216 3869 nas
1251 3815 1284 3870 et
1304 3801 1446 3887 Scotus,
1485 3804 1543 3872 vir
1567 3799 1636 3875 hoc
1665 3807 1811 3875 nomine
1839 3804 1947 3895 longe
1972 3803 2141 3895 dignissi-

115 3902 181 3979 καὶ
204 3903 329 3988 ἄλλος,
371 3927 446 3973 non
474 3903 625 3971 absurde
658 3903 700 3970 de
728 3914 780 3971 tot
809 3901 1099 3971 constitutionum
1151 3926 1241 3974 mus.
1304 3899 1352 3973 Et
1378 3929 1456 3975 cum
1476 3900 1673 3996 Evangelio
1696 3908 1769 3976 duo
1794 3919 1933 3976 tantum
1960 3906 2061 3997 signa
2083 3907 2141 3977 di-

9 4070 17 4081 .
116 4002 314 4099 rhapsodiis
340 4019 373 4074 et
390 4003 494 4073 nobis
516 4004 633 4072 dicere
655 4003 773 4086 liceat,
799 4001 874 4074 ἔστι
888 3994 1004 4093 νόμος
1028 3998 1101 4096 πρὸ
1152 4004 1256 4074 vinae
1281 4006 1410 4094 gratiae
1438 4007 1564 4076 tradita
1588 4007 1674 4092 sint,
1705 4009 1920 4079 addiderunt
1941 4007 2002 4078 isti
2024 4003 2141 4079 Ordi-

114 4101 257 4201 utpote,
273 4099 388 4196 νόμος
401 4127 445 4202 γε
458 4100 528 4198 μέν
541 4103 617 4175 ἐστι
629 4098 693 4175 καὶ
710 4100 817 4185 ἄλλος
827 4097 875 4197 ¹⁵),
893 4106 981 4172 dum
995 4104 1101 4196 quid·
1151 4129 1254 4190 nem,
1279 4129 1324 4175 ne
1343 4107 1576 4192 nesciremus,
1604 4108 1770 4178 interesse
1787 4109 1880 4178 inter
1899 4131 2000 4178 rasos
2024 4124 2060 4179 et
2081 4130 2141 4179 re-

115 4210 204 4279 lihet
241 4220 417 4285 statuunt,
457 4218 613 4287 mutant,
653 4207 807 4295 probant
838 4206 1100 4296 reprobantque
1152 4206 1289 4298 liquum
1311 4208 1437 4296 vulgus
1460 4222 1493 4277 et
1507 4207 1796 4295 Matrimonium,
1817 4223 1858 4279 ut
1878 4210 2055 4280 obnoxios
2069 4210 2140 4280 sihi

114 4310 314 4403 pontifices,
340 4331 490 4401 quorum
509 4303 690 4399 tyranu’di
711 4306 805 4373 viam
826 4305 908 4374 iecit
923 4301 1100 4395 theologia
1151 4301 1258 4376 huius
1272 4308 1409 4376 ordinis
1426 4303 1588 4378 homines
1603 4312 1773 4396 facerent,
1797 4325 1848 4394 et,
1870 4310 1991 4380 nescio
2010 4332 2081 4404 qua
2094 4312 2142 4381 de

115 4406 368 4491 scholicorum,
393 4432 474 4477 cum
487 4406 609 4474 divina
625 4406 787 4495 dogmata
804 4407 982 4498 antiquari
1001 4430 1101 4498 passa
1151 4431 1290 4492 caussa,
1321 4407 1634 4481 Confirmationem
1660 4425 1696 4481 et
1715 4412 1930 4481 unctionem.
2000 4409 2078 4481 lem
2097 4434 2140 4482 ex

116 4524 187 4594 est,
220 4509 452 4600 nequeenim
473 4507 644 4575 valiturae
668 4521 767 4577 erant
786 4508 993 4599 pontificum
1015 4532 1102 4576 con·
1151 4503 1281 4577 horum
1308 4511 1468 4579 doctrina
1499 4513 1707 4581 innumerae
1741 4507 1927 4583 hominum
1956 4511 2141 4596 tudone,

117 4609 333 4692 stitutiones,
366 4607 438 4676 nisi
458 4607 557 4698 prius
576 4608 714 4677 sublato
740 4631 863 4698 scopo,
895 4633 999 4699 quern
1020 4609 1101 4677 imi·
1151 4610 1338 4679 innumera
1359 4606 1544 4682 schismata
1571 4612 1801 4684 sacerdotum
1823 4628 1857 4683 et
1876 4607 2141 4685 Monachorum

115 4711 264 4784 tandum
287 4724 321 4778 et
343 4710 560 4802 sequendum
586 4708 723 4778 civibus
742 4709 814 4779 suis
829 4704 992 4780 Christus
1015 4708 1101 4783 fixit
1152 4710 1331 4801 prodiere,
1356 4736 1509 4803 quorum
1530 4715 1740 4804 professioni
1765 4728 1908 4783 eatenus
1930 4738 2013 4783 ctam
2032 4711 2144 4785 Chri·

114 4811 239 4906 Neque
254 4834 339 4879 vero
357 4808 546 4900 pontificiis
566 4822 702 4879 tantum
724 4810 860 4899 legibus
884 4823 1028 4879 onerata
1051 4823 1102 4879 est
1151 4825 1225 4893 sto,
1256 4827 1429 4903 quatenus
1449 4839 1530 4883 cum
1552 4812 1938 4905 doctrinaEvaugelica
1960 4816 2141 4887 convertit·

115 4913 314 5006 respublica
336 4905 556 4993 Christiana,
590 4912 651 4978 sed
676 4924 896 4981 accessemnt
919 4906 1102 4999 theologa—
1151 4906 1281 4981 Obiter
1295 4914 1562 5003 perstrinximus
1579 4931 1781 5005 argumenta
1803 4918 1977 5009 quaedam
1998 4931 2140 4987 sentem

117 5031 270 5087 stromm
299 5012 492 5083 sententiae
530 5012 574 5080 de
603 5011 837 5081 conscientiae
870 5012 1008 5081 casibus
1044 5011 1102 5079 in-
1151 5013 1220 5083 tiae
1236 5006 1416 5100 Laudari,
1441 5040 1505 5085 cur
1526 5018 1555 5085 is
1576 5031 1610 5087 et
1626 5013 1890 5110 philosophiam
1916 5031 1951 5088 et
1980 5012 2165 5109 philoso-¹

1154 5190 1423 5209 ω

149 5208 238 5279 *tat
263 5205 414 5278 marginem
439 5200 501 5255 libri
527 5201 644 5271 primurn
673 5199 737 5254 editi
763 5199 892 5271 scriptum
919 5210 972 5255 cata
1003 5203 1101 5264 „velut

185 5273 360 5328 Plutarchus:
391 5272 450 5328 lou
469 5264 549 5331 tiator
567 5267 621 5343 πρὸ
640 5264 749 5337 τόκοιο,
773 5264 854 5328 sinos
872 5284 904 5339 γε
916 5271 970 5343 μέν
984 5270 1040 5330 ἔστι
1054 5276 1102 5329 καὶ
1203 5272 1248 5340 21)
1266 5268 1375 5338 sacient]
1395 5268 1464 5323 Mel.
1479 5285 1559 5341 opp:
1579 5267 1689 5323 faciant.

184 5339 291 5403 lilios?
325 5343 360 5399 F.
651 5352 692 5423 Jta
1202 5338 1271 5406 ω)
1282 5339 1434 5410 utriusque]
1448 5337 1530 5391 biber
1542 5336 1661 5409 mimum
1674 5337 1952 5409 maneamusque.
