4500 5782
49 232 104 305 sa
326 172 334 183 ⁸
644 224 1076 303 ammonitrum
1123 222 1227 303 mu.
1260 222 1313 303 n.
1368 222 1501 299 1519.
2040 212 2091 286 or

50 398 213 474 c⁰²¹0⁸ll⁸
240 398 337 469 ”adli
360 398 538 490 pellucessl
559 394 623 495 ³²),
654 400 723 468 nisi
750 400 822 469 iem
843 413 924 469 ante
947 422 1048 469 cruce
1100 425 1169 495 que
1185 425 1226 471 ex
1242 400 1352 492 ipsius
1370 397 1561 469 sententiae
1582 395 1709 466 ordine
1729 392 1893 485 pluribus
1910 388 2092 461 coniectu-

50 514 304 600 perpurgatos,
329 513 557 593 mortuosque
573 502 733 593 pristinis
751 501 878 571 mundi
893 502 1049 571 clemen·
1099 505 1149 572 ris
1171 504 1339 594 coarguit.
1391 500 1479 571 ltem
1499 499 1599 582 loco,
1620 516 1728 593 pasce
1748 518 1828 564 oves
1847 516 1966 574 meas,
1992 490 2090 584 qnod

52 607 119 692 ⁰⁰⁸2
143 617 186 675 1¹¹
206 626 289 675 cum
306 594 433 671 Patd⁰
451 602 578 671 dicam·
1099 606 1242 698 proprie
1264 629 1303 675 ac
1326 602 1493 695 privatim
1515 593 1625 669 Petr'o
1647 598 1781 668 dictum
1807 609 1874 680 est,
1906 592 2092 686 respondit

158 703 235 777 Sub
252 699 338 773 haec
353 698 646 801 etMartinus”)
661 705 700 775 in
715 698 885 776 harenam
906 705 1050 773 descen·
1099 700 1296 777 Martinus
1320 701 1382 802 ⁴¹),
1426 717 1508 795 pust
1548 724 1671 794 parem
1703 698 1884 790 Apostolis
1923 695 2092 795 omnibus

54 800 179 903 dit'),
204 830 288 879 nam
312 801 481 877 hactenus
505 831 579 876 non
600 808 685 877 satis
709 821 844 878 certum
868 819 942 876 erat
964 830 1050 876 con·
1098 809 1345 880 auctoritatem
1379 806 1560 877 traditam:
1595 797 1753 898 Accipite
1783 794 1964 896 Spiritum
1996 818 2089 866 san-

54 909 169 1002 gredi,
182 934 263 979 cum
271 902 337 1003 ³³⁶)
353 931 493 978 caussae
503 908 699 980 invidiosae
715 909 848 1003 iudices
867 907 1049 998 designare
1101 919 1214 996 ctum,
1247 932 1399 1008 quorum
1425 903 1634 976 remiseritis
1651 917 1716 975 etc.
1740 897 1843 995 (haec
1867 899 1962 969 enim
1981 899 2091 968 verba

54 1011 243 1085 commode
258 1034 334 1079 nou
348 1023 482 1100 posset,
509 1034 574 1101 pro
592 1011 669 1081 iure
685 1010 933 1103 appellationis
949 1033 1049 1096 suae;
1101 1026 1185 1083 sunt
1207 1010 1408 1081 demandati
1432 1007 1575 1103 officii),
1600 1001 1782 1076 Christum
1801 1001 1977 1084 docuisse,
2002 999 2090 1093 quid

55 1130 178 1186 tamen
193 1135 275 1183 cum
291 1112 336 1180 de
353 1136 394 1187 eo
408 1112 647 1198 convenisset,
672 1113 728 1204 agi
752 1125 916 1203 coeptum
933 1124 984 1181 est
1004 1111 1050 1179 de
1101 1115 1147 1184 sit
1161 1138 1318 1207 pascere,
1343 1127 1377 1182 et
1394 1111 1534 1205 qualem
1554 1107 1709 1179 voluerit
1731 1129 1820 1191 esse,
1843 1103 1905 1199 qui
1927 1115 2091 1195 pasturus

54 1213 128 1287 Ro.
154 1211 338 1285 Pontificis
368 1214 592 1299 auctoritate,
624 1230 960 1307 controversumque
990 1225 1050 1297 est,
1101 1219 1157 1289 sit.
1217 1213 1277 1288 Ad
1301 1211 1387 1285 hacc
1407 1207 1531 1281 Eleius
1546 1208 1700 1281 Consilii
1721 1204 2003 1279 Constantiensis
2026 1226 2091 1275 flu·

55 1340 104 1387 ⁸¹¹
127 1316 207 1389 lum
229 1314 515 1405 divin⁰l21'0bari
535 1331 652 1407 P⁰³⁸el
672 1314 889 1397 oecumenici
908 1314 1051 1407 pontifi·
1102 1319 1298 1389 ctoritatem
1326 1315 1508 1406 allegavit,
1544 1312 1610 1383 uhi
1635 1313 1728 1380 inter
1748 1311 1935 1379 damnatos
1959 1304 2093 1375 articu-

55 1419 108 1489 cis
121 1412 330 1491 authoritas.
381 1412 469 1485 Esse
486 1418 755 1489 oecumenicum
773 1417 977 1511 pontificem
992 1415 1051 1484 in·
1101 1420 1156 1489 los
1168 1417 1213 1516 ⁴²)
1243 1418 1469 1490 Hussitarum
1501 1427 1536 1486 et
1564 1409 1624 1484 hic
1647 1409 1702 1509 ⁴⁸).
1724 1414 1768 1481 de
1800 1408 2004 1480 necessitate
2034 1429 2092 1475 aa.

55 1544 172 1609 genue
190 1520 320 1591 latetur
334 1512 532 1588 Martinus
545 1515 600 1615 ³⁴).
652 1518 695 1590 ln
716 1514 785 1589 hoc
808 1519 977 1610 disputat:
1003 1539 1051 1586 an
1102 1521 1188 1592 lutis
1210 1536 1262 1591 est
1276 1520 1342 1616 ⁴⁴),
1369 1522 1510 1590 credere
1531 1514 1737 1588 Romanum
1752 1511 1962 1584 Pontificem
1984 1532 2092 1579 oecu-

57 1622 137 1693 iure
169 1620 292 1691 divino
322 1619 468 1710 probari
494 1621 569 1689 eius
596 1617 794 1692 authoritas
822 1620 943 1713 possit.
1008 1616 1051 1688 ln
1101 1625 1282 1693 menicum
1296 1622 1392 1691 esse(
1431 1619 1485 1691 lbi
1505 1620 1671 1687 iactatum
1686 1616 1793 1700 varie,
1815 1612 2019 1686 Concilium
2033 1632 2093 1679 er·

57 1719 156 1793 hunc
186 1723 306 1794 locum
335 1722 625 1813 quandoquidem
654 1724 762 1814 paulo
798 1721 956 1814 asperior
991 1732 1052 1803 est,
1102 1750 1181 1795 rare
1205 1748 1281 1795 non
1308 1746 1419 1816 posse.
1486 1719 1684 1791 Prudenter
1706 1718 1751 1786 ad
1773 1711 1861 1787 haec
1881 1708 2092 1809 Martinam,

56 1824 134 1893 dies
155 1823 316 1917 quinque
330 1813 408 1913 ⁴⁵⁶),
440 1823 481 1892 ni
505 1825 630 1909 fallor,
663 1824 815 1915 impensi
838 1836 931 1895 sunl·
996 1819 1052 1890 lbi
1102 1851 1178 1896 non
1200 1850 1322 1896 omnes
1345 1824 1512 1895 articulos
1532 1846 1597 1914 pro
1619 1816 1804 1889 haereticis
1827 1818 2030 1897 damnatos,
2055 1824 2092 1883 et

56 1926 171 1995 mulla
194 1925 319 1995 acerbe
340 1918 482 2005 Eltius,
516 1926 626 1997 multa
658 1925 865 2010 inciviliter,
897 1921 1053 1993 breviter
1102 1929 1257 2022 reliqua,
1290 1951 1379 2020 quae
1402 1920 1462 1995 hic
1491 1923 1611 1993 omnia
1640 1921 1829 1990 molestum
1859 1931 1911 1989 est
1938 1916 2091 1999 κῆπος

58 2027 181 2098 omnia
206 2026 403 2111 eiusmodi,
427 2040 469 2097 ut
488 2026 662 2096 invidiam
685 2028 781 2119 apud
799 2027 924 2117 volgus
938 2020 1051 2095 Mur-
1103 2055 1218 2124 neque
1241 2025 1348 2100 huius
1372 2041 1423 2099 est
1444 2024 1515 2095 loci
1538 2037 1704 2107 tractare,
1733 2044 1822 2115 quae
1844 2020 1890 2091 sit
1909 2015 2092 2088 Concilio·

58 2126 138 2201 tino
158 2124 202 2225 ⁵⁵)
238 2128 421 2200 conilaret.
493 2123 753 2218 Argumentum
790 2128 947 2221 primum
978 2138 1053 2196 erat
1103 2157 1184 2202 rum
1200 2131 1399 2202 auctoritas.
1447 2126 1528 2197 Hoc
1550 2127 1665 2218 palam
1686 2139 1756 2207 est,
1781 2146 1856 2191 uon
1878 2142 1980 2213 posse
1992 2116 2094 2189 Con·

59 2225 173 2310 Elii,
207 2229 398 2308 ecclesiam
412 2224 601 2325 ἀκέφαλον
626 2254 699 2300 esse
721 2254 796 2299 non
818 2252 940 2322 posse,
971 2252 1052 2299 cum
1103 2234 1225 2303 cilium
1241 2256 1353 2302 novos
1367 2229 1532 2300 articulos
1552 2228 1635 2297 fidei
1651 2227 1813 2295 condere.
1864 2220 1962 2292 Male
1977 2217 2094 2290 audiit
2144 2278 2149 2289 .

60 2332 163 2401 civile
188 2354 318 2423 corpus
341 2331 405 2416 sit3
440 2353 514 2399 csse
540 2332 648 2420 igitur
669 2330 803 2424 Papam
828 2332 906 2402 iure
928 2330 1051 2399 divino
1104 2338 1151 2406 ob
1170 2331 1256 2405 haee
1272 2329 1469 2406 Martinus
1483 2330 1545 2428 ⁴⁵),
1564 2330 1660 2422 quod
1682 2328 1870 2397 videbatur
1891 2323 2093 2414 obstrepere

60 2446 166 2525 eaput
180 2432 359 2506 ecclesiae.
411 2430 509 2502 Tum
527 2427 793 2529 Martinus³⁸)‚
817 2427 1001 2504 Christum
1016 2454 1053 2500 δὲ
1103 2437 1284 2520 conciliis,
1313 2458 1422 2528 quom
1443 2434 1504 2501 ille
1526 2427 1618 2500 nihil
1641 2430 1775 2498 maiore
1798 2427 1968 2526 religione
1989 2446 2094 2516 prae·

59 2535 163 2607 fateri
179 2547 287 2625 caput
302 2556 394 2620 cute,
416 2558 498 2603 cum
512 2535 656 2605 ecclesia
669 2536 715 2606 sit
730 2558 880 2625 regnum
899 2533 1053 2625 spiritus,
1104 2552 1228 2623 staret,
1253 2560 1360 2633 quam
1377 2549 1416 2604 ut
1437 2558 1500 2603 sua
1520 2532 1680 2603 conciliis
1702 2544 1791 2601 esset
1811 2526 2016 2610 auctoritas,
2041 2524 2095 2595 ibi

60 2661 132 2706 ⁰⁰¹¹
166 2635 370 2707 deSldfflsfl
400 2635 498 2705 iliud
530 2631 1053 2728 ⁶³PU1‚·Ui³dC⁰l0⁸⁸en·l·
1104 2637 1281 2724 haereses,
1312 2633 1524 2707 Bohemicae
1550 2635 1738 2718 factiones,
1770 2645 1806 2702 et
1825 2631 1863 2699 id
1889 2639 2000 2720 genus
2022 2623 2095 2696 cri-

60 2736 116 2807 Ad
133 2734 225 2807 haec
239 2736 337 2807 lucos
350 2737 488 2830 aliquot
507 2762 549 2806 ex
562 2736 790 2833 Hieronymo
812 2751 845 2808 et
861 2729 1054 2835 Cypriane
1103 2744 1202 2811 mina
1226 2741 1295 2810 alia
1318 2739 1589 2811 obiiciebantur.
1639 2734 1804 2826 Largitus
1818 2726 1863 2829 ⁴⁶)
1887 2745 1938 2801 est
1959 2725 2095 2809 Eleius,
2180 2733 2185 2744 '

29 2924 37 2939 ,
60 2839 201 2913 eddidit
216 2832 359 2919 Ektltsss
386 2839 448 2931 qui
458 2854 639 2932 'quantum
654 2842 701 2911 de
723 2841 801 2911 iure
822 2841 945 2911 divino
970 2862 1055 2930 pro-
1104 2843 1286 2939 aequalem
1301 2842 1461 2911 omnium
1476 2836 1730 2933 Apostolorum
1746 2834 1989 2907 auctoritatem
2004 2831 2096 2901 suis*

60 2942 164 3025 bent,
192 2939 267 3032 ipsc
281 2940 424 3013 viderit.
476 2938 601 3013 lamet
622 2942 768 3037 quidam
782 2942 852 3012 loci
868 2940 1055 3010 manifeste
1106 2971 1160 3032 se,
1185 2970 1251 3016 nec
1271 2957 1538 3014 consectaneum
1560 2964 1653 3025 esse,
1678 2954 1719 3010 ut
1738 2941 1808 3006 sint
1828 2936 1990 3029 aequales
2003 2928 2096 3025 Epi·

61 3043 151 3134 apud
166 3043 312 3113 eosdem
326 3041 514 3134 scriptores
528 3039 570 3138 17)
593 3043 632 3111 in
653 3044 803 3114 dubium
824 3045 1054 3126 vocabantur,
1107 3048 1214 3140 scopi,
1267 3044 1438 3117 Interesse
1458 3043 1552 3113 enim
1578 3043 1671 3111 inter
1693 3032 1901 3130 ἀποστολὴν
1922 3050 1956 3104 ot,
1979 3030 2095 3103 arlmi'.

62 3167 148 3236 quos
163 3143 241 3235 ipse
254 3167 320 3235 pro
343 3144 447 3215 certis
463 3146 673 3236 proferebat.
723 3138 917 3216 Bernardt'
932 3154 1054 3214 aucto·
1106 3148 1371 3232 nistrationem,
1410 3169 1491 3216 cum
1511 3168 1585 3212 non
1614 3143 1658 3213 sit
1682 3134 1867 3232 ἀποστολὴ
1895 3137 1992 3207 aliud
2023 3133 2094 3205 nisi

63 3247 199 3315 tiialem
230 3246 277 3316 ati
301 3240 516 3338 Eugenium
541 3270 606 3317 ceu
629 3243 840 3320 πανοπλίαν
855 3241 1053 3317 Achilleam
1106 3249 1234 3342 legatio
1251 3249 1301 3328 gig
1314 3243 1484 3341 ὑπακοὴν
1498 3241 1671 3329 πίστεως,
1697 3237 1822 3312 Paulo
1838 3242 1881 3310 ad
1890 3238 2096 3313 RQaucto..

64 3346 232 3431 lasslflbssis
257 3370 340 3416 ‘⁰¹¹¹
363 3360 482 3417 lamen
503 3362 539 3419 et
556 3348 596 3416 3¹1
614 3350 738 3419 eodem
753 3350 847 3419 libro
864 3348 909 3418 ad
924 3342 1054 3440 Euge·
1106 3378 1156 3428 re.
1206 3349 1330 3443 Neque
1347 3349 1441 3419 inter
1463 3341 1672 3439 ἀποστολὴν
1693 3361 1728 3417 et
1749 3340 2095 3414 administrationem

64 3444 162 3517 nium
178 3447 271 3530 sint,
295 3472 386 3540 quae
405 3473 480 3518 non
500 3449 650 3519 omnino
672 3447 765 3518 nihil
784 3453 831 3521 ad
852 3449 1053 3521 institutum
1106 3455 1193 3551 quid
1219 3452 1378 3541 intersit,
1408 3452 1526 3524 video.
1592 3447 1820 3541 lntplcrahile
1846 3444 1963 3514 visum
1993 3435 2097 3517 Etta

67 3544 232 3617 dtartim‘
251 3543 294 3643 ³⁸)
316 3550 459 3619 iaciant.
515 3549 680 3621 Ceterum
703 3546 902 3621 Bernardo
924 3553 963 3622 in
985 3546 1053 3620 hoc
1107 3554 1237 3626 alicubi
1252 3555 1414 3623 recedere
1434 3579 1454 3623 a
1477 3552 1668 3645 pontificiis
1688 3549 1853 3632 decretis,
1878 3560 1939 3617 aut
1963 3568 1982 3613 a
2006 3564 2097 3637 qaia*

67 3650 207 3739 ”03⁰⁰st
223 3651 312 3742 (inid
329 3651 509 3733 debeatur,
536 3653 615 3745 quis
632 3667 683 3722 est
703 3668 775 3723 tam
790 3655 965 3747 stupidus,
990 3653 1053 3746 qui
1105 3661 1342 3749 libnscunquc
1375 3655 1493 3724 verbis
1526 3653 1675 3724 alicuius
1707 3677 1726 3722 e
1762 3649 1891 3720 sanctis
1922 3646 2097 3740 patribus.

68 3774 133 3819 non
153 3751 354 3840 intelligat?
402 3750 458 3823 Ex
471 3750 667 3844 Evangelio
685 3777 770 3825 usus
791 3769 842 3826 est
864 3755 942 3826 loco
956 3754 1054 3825 Mat·
1107 3760 1242 3829 Verum
1264 3757 1473 3827 sententiam
1496 3780 1595 3826 suam
1621 3755 1665 3823 de
1681 3752 1836 3845 pontiiic.
1857 3752 1935 3825 loco
1957 3750 2002 3817 ad
2019 3742 2097 3817 Ga

70 3845 155 3923 limi
170 3847 234 3945 ’⁹)=
265 3860 306 3921 ¹¹¹
324 3876 361 3923 ⁶5
377 3846 417 3922 P
411 3863 466 3922 ‘lt
465 3878 509 3923 1¹⁸
516 3908 528 3939 2
551 3863 583 3923 ⁶2
605 3878 714 3952 super
727 3854 772 3950 ⁴⁰)
792 3850 890 3926 hanc
911 3864 1054 3953 petram
1106 3864 1193 3932 latas
1217 3854 1413 3928 Martinus
1435 3855 1478 3954 ⁴⁷)
1512 3856 1644 3927 muniit
1676 3844 1752 3924 non
1781 3843 2023 3945 ἄπροςχόρδφ
2040 3842 2098 3942 “),

11 3962 17 3975 ’
72 3966 125 4023 tlt·
184 3948 386 4025 Martinus
409 3954 450 4052 ⁴¹)
475 3957 730 4027 confessionem
753 3958 854 4028 illam
876 3959 959 4029 fidei
982 3980 1055 4027 esse
1107 3977 1281 4058 quantum
1296 3961 1416 4031 video:
1441 3956 1497 4028 Ab
1514 3957 1581 4042 iis,
1606 3954 1673 4055 qui
1687 3950 1906 4024 videbantur
1921 3974 1995 4021 csse
2017 3938 2140 4018 alt<

73 4055 193 4141 voluit,
219 4047 439 4150 Parumque
461 4058 513 4126 ibi
533 4081 721 4149 personam
736 4061 921 4130 universae
944 4059 1055 4130 eccle-
1107 4058 1216 4162 quid,
1242 4057 1372 4160 quales
1397 4055 1605 4160 aliquando
1623 4055 1787 4159 fuerint,
1809 4049 1911 4126 nihil
1932 4074 2011 4121 mcc
2035 4050 2096 4119 in-

74 4153 131 4225 ‘lste
154 4180 276 4247 3⁸1⁸st
284 4210 295 4242 2
327 4182 434 4252 ⁸²q11⁰
458 4154 641 4231 Christum
665 4174 801 4252 petram
827 4185 973 4244 vocare,
999 4161 1055 4230 id·
1108 4174 1233 4240 terests
1257 4160 1364 4234 Deus
1387 4162 1481 4233 eninr
1500 4186 1694 4259 personam
1718 4152 1880 4229 hominis
1902 4178 1974 4224 non
1998 4150 2097 4221 occi-

1104 4265 1179 4365 pit,
1219 4259 1317 4334 mitt
1343 4275 1464 4335 nutem
1498 4263 1565 4362 qui
1589 4256 1806 4332 ridebantur
1831 4280 1905 4329 esse
1934 4246 2097 4353 aliquid,

1107 4363 1211 4439 nihil
1242 4365 1481 4442 contulerunt.
1552 4364 1700 4438 Interim
1731 4359 1852 4431 Eleius
1879 4359 2047 4451 opinatur
2075 4378 2097 4427 tt

113 4467 155 4537 82)
176 4469 326 4541 pellacem]
348 4469 427 4527 Loth.
440 4491 504 4544 opp.
523 4472 607 4528 eth:
624 4474 769 4528 tttosuem.
1108 4463 1260 4541 Christo
1276 4468 1465 4564 Apostolos
1489 4473 1597 4541 lectos
1621 4492 1712 4550 esse,
1743 4466 1805 4535 sed
1831 4456 1975 4543 aPetro
1997 4456 2097 4530 ordi-
2186 4506 2189 4513 -

113 4554 327 4695 gphtartinus]
346 4554 425 4610 Lutln
440 4577 504 4630 opp.
515 4557 608 4660 etia-e·
627 4558 664 4614 l).
679 4560 813 4615 Martinus
825 4557 967 4613 liutherus·
1108 4587 1209 4642 napos
1237 4574 1435 4666 episcop⁰53
1476 4598 1517 4643 εχ
1544 4568 1601 4642 his
1630 4569 1791 4639 aegrimes
1819 4565 1968 4660 reliqua.
2037 4556 2097 4631 Ati

168 4645 277 4710 qum]
298 4641 421 4712 Exempl.
434 4644 541 4699 Beroia
562 4664 618 4717 qur.
1967 4662 1970 4669 ¹

116 4724 158 4794 il)
178 4727 327 4794 Martinus]
347 4729 447 4784 lidem:
466 4729 608 4788 Lutherus.
1107 4754 1395 4771 ····-·“-·····

114 4809 157 4877 35)
178 4809 314 4877 Martino]
331 4810 411 4866 Loth.
426 4831 491 4886 opp.
505 4825 532 4868 et
543 4814 590 4870 ln:
609 4814 736 4871 umbem.

112 4893 154 4960 56)
173 4893 325 4960 Martinus]
346 4895 445 4949 iidem:
464 4895 606 4952 liutherus.

114 4961 157 5031 57)
175 4964 336 5043 scriptores]
352 4962 432 5019 Luth.
445 4984 508 5037 opp.
522 4967 566 5020 ed.
581 4966 673 5022 ienae:
689 4964 857 5041 Scripturas.

114 5031 157 5099 88)
177 5031 290 5084 Martini
331 5032 571 5089 tidonis-Latiari.

111 5097 155 5165 ³9)
174 5098 255 5153 Loth.
271 5118 287 5151 ο
308 5119 334 5170 p.
350 5111 377 5154 et
388 5098 421 5155 L.
434 5102 550 5173 addunt:
573 5104 614 5159 16.
1156 5077 1201 5146 44)
1220 5082 1271 5148 ”ll
1290 5077 1457 5133 mem„
1476 5094 1543 5157 ’μ’

111 5168 153 5237 40)
171 5170 265 5289 werp
306 5168 448 5251 qdpefu„
471 5191 563 5242 ,um
971 5176 974 5183 ·
1155 5162 1201 5225 46)
1221 5163 1369 5228 Martinus]
1388 5160 1464 5215 huth.
1478 5178 1542 5232 opp.
1557 5168 1583 5214 et
1597 5155 1645 5212 L:
1670 5156 1815 5254 Ι,ιιίί)ει“υο.ι

111 5236 157 5301 tt)
211 5242 330 5303 actenus]
351 5237 455 5293 ladems
479 5238 621 5296 Luthcrue.
1155 5248 1201 5317 46)
1219 5248 1353 5320 Largitus]
1369 5247 1448 5302 Luth.
1462 5266 1526 5320 opp.
1538 5245 1580 5299 ecl.
1597 5244 1719 5299 leaenae
1738 5238 1860 5313 largius.

1157 4857 1203 4923 49)
1217 4852 1586 4919 interdamnatosarticnlos]
1599 4850 1728 4973 Lnth.op¹
1744 4846 1838 4903 ,εὼς
1852 4840 2095 4900 contraarticuloe.

1157 4925 1203 4987 48)
1223 4936 1248 4978 et
1267 4925 1322 4990 hic]
1347 4926 1464 4996 Exempl.
1484 4924 1588 4978 Beroia
1606 4933 1645 4977 est
1666 4930 1691 4976 et
1730 4940 1766 4974 rc.
1805 4906 2094 4985 hutberiopp·etL·t

1208 4995 1417 5065 pronunciatum
1438 5003 1486 5048 est.

96 5316 122 5383 ⁸)
139 5320 183 5375 die
196 5330 295 5393 quarto
309 5322 411 5378 mensis
424 5322 496 5380 lulii.
531 5326 566 5382 F.
1154 5332 1200 5399 47)
1219 5332 1366 5397 Martinus]
1389 5329 1468 5384 Luat.
1483 5348 1546 5401 opp.
1563 5338 1589 5382 et
1602 5326 1650 5382 ln:
1667 5323 1809 5381 lutherus.

12 5440 14 5447 ·
98 5405 133 5473 “l
150 5405 314 5479 &hucque
329 5406 364 5461 ad
378 5405 449 5462 diem
464 5408 543 5468 8.m.
558 5408 629 5466 tulit.
664 5412 699 5468 F.
1156 5413 1200 5484 48)
1218 5413 1413 5488 ἁπροςχόρδῳ]
1440 5414 1559 5468 ibidem:
1578 5410 1677 5467 alieno·
1996 5366 2105 5421 '-
