4500 5782
187 230 263 308 576
758 219 1187 298 EPISTOLARUM
1236 223 1345 297 LlB.
1385 224 1450 297 lll.
1507 223 1641 300 1522.

189 406 279 475 tiore
294 402 347 471 rei
360 398 581 469 nummariae
601 398 754 480 ratione,
780 396 915 465 mederi
936 394 1026 466 licet.
1079 394 1179 484 Qua·
1228 410 1327 487 parte
1346 422 1506 489 possum,
1531 399 1738 490 gratificari,
1764 424 1878 493 neque
1903 395 1974 493 τὴν
1999 399 2201 500 deotoyszip

71 511 76 520 '
188 507 234 577 lis
260 504 376 598 qualis
405 514 525 571 nostra
553 513 619 585 est,
651 525 670 569 a
697 523 780 567 vero
808 523 885 569 non
909 499 1033 589 procul
1060 499 1179 567 abesse
1229 500 1482 590 professionem
1503 505 1658 571 detrecto
1677 497 1728 595 *),
1751 504 1858 573 modo
1883 502 1929 572 sit
1949 503 2203 595 εει-0100111101

187 620 337 681 constat.
395 603 487 675 Nam
509 616 648 692 praeter
670 596 795 671 Budci
821 616 1026 690 argumenta
1056 615 1091 670 et
1113 623 1180 667 nos
1229 603 1384 677 doceam.
1435 603 1527 673 Nam
1545 629 1587 673 ex
1603 605 1663 673 illa
1685 628 1807 674 omnes
1820 605 1976 675 rationes
1993 629 2091 675 meas
2106 601 2203 679 bactr-

187 711 283 802 apud
300 702 531 783 Plutarchum
554 706 722 798 pleraque
746 699 1064 794 deprehendimus,
1091 726 1179 795 quae
1229 726 1298 773 nus
1324 731 1502 796 comparo.
1555 706 1625 777 Sed
1647 700 1715 775 hoc
1736 706 1884 805 pess‘qne
1909 702 2036 792 habet,
2069 708 2205 801 quodie

188 809 282 885 hauc
311 809 486 883 rationem
510 807 690 879 adiuvant.
740 805 834 875 Dedi
865 805 1004 877 erudito
1037 805 1176 874 cuidam
1231 819 1329 878 tauto
1352 833 1518 893 numero,
1551 822 1638 901 quot
1662 802 1720 878 hic
1746 832 1867 877 snmus
1885 809 2124 900 professores,
2158 815 2204 883 rix

188 915 284 1007 apud
296 936 361 983 nos
370 910 588 981 adulescenti
601 908 781 999 negotium
795 908 979 997 digerendi
994 901 1178 979 retrahen·
1231 933 1342 977 unnm
1359 925 1419 980 aut
1441 912 1592 981 alterum
1617 912 1796 995 invenias,
1821 911 1885 1004 qui
1906 905 2084 981 humanas
2106 912 2204 985 literas

2141 229 2201 307 10
2222 328 2225 333 ,

188 1019 296 1109 dique
319 1015 521 1083 universam
540 1010 745 1081 Budeanam
767 1011 957 1095 rationem,
983 1003 1090 1101 qnam
1115 1008 1179 1077 ubi
1230 1011 1406 1081 bonafide
1422 1015 1547 1085 tradat.
1601 1012 1701 1101 Quae
1718 1014 1789 1081 nisi
1805 1013 1938 1091 fuerint
1964 1015 2078 1105 probe
2103 1016 2205 1105 cogni

189 1120 250 1188 ille
274 1116 480 1197 absolverit,
510 1116 555 1182 ad
575 1127 609 1183 te
631 1113 821 1185 mittemus.
873 1108 1041 1203 Optarim
1061 1122 1178 1180 autem

189 1224 231 1291 ad
258 1219 468 1287 nomismata
493 1229 552 1285 tna
578 1217 737 1283 conferre
768 1230 927 1285 nostram
959 1212 1179 1304 supputatio-

189 1346 283 1392 nem.
334 1318 424 1387 Nam
440 1318 544 1386 nobis
559 1342 632 1385 non
648 1331 718 1385 tam
736 1318 847 1385 multa
863 1329 961 1400 sunt,
987 1340 1091 1408 quam
1116 1316 1179 1382 de-

188 1425 317 1493 siderat
334 1417 440 1489 hnins
457 1421 509 1488 rei
526 1419 696 1490 tractatio.
752 1417 919 1488 Vidimus
941 1417 1102 1487 aureolos
1123 1416 1179 1483 di-

188 1525 283 1595 versi
298 1522 466 1615 ponderis
484 1535 580 1606 octo;
607 1521 712 1590 nobis
731 1520 858 1589 unicus
878 1534 928 1588 est
942 1517 1178 1612 1111011000-

190 1625 249 1696 rii.
310 1624 493 1693 Habemus
518 1637 553 1691 et
578 1622 743 1693 denarios
766 1623 920 1715 aliquot,
952 1623 1082 1713 quibus
1105 1622 1177 1688 fere

188 1726 345 1800 Romani
360 1726 417 1795 nsi
432 1738 532 1807 sunt,
559 1737 594 1794 et
608 1716 892 1819 τετράδραχμον
905 1748 1036 1809 unum,
1063 1721 1177 1811 graeci

189 1831 284 1898 enim
302 1841 336 1896 et
352 1819 536 1921 ὃράχμαις
556 1842 590 1897 01
601 1818 893 1921 τετραδράχμοις
909 1826 964 1895 usi
982 1839 1075 1894 sunt.
1117 1821 1178 1892 lu-

188 1955 316 1999 venem
330 1942 519 2018 cognatum
536 1942 654 2012 tunm,
679 1930 784 2021 que'm
799 1924 891 1996 mihi
905 1919 1065 1996 eLoclsa
1082 1950 1178 1994 com-

186 2031 380 2116 mendasti,
407 2032 565 2100 nondum
593 2030 679 2101 vidi.
730 2028 844 2100 Curae
864 2026 955 2098 milri
979 2043 1083 2099 erunt
1103 2026 1178 2096 eius

187 2135 321 2217 studia,
347 2133 411 2202 ubi
427 2133 484 2201 sui
500 2127 591 2200 mihi
613 2132 751 2221 copiam
774 2133 905 2205 fecerit.
957 2130 1044 2201 Doc.
1058 2123 1179 2198 Mar-

187 2233 305 2304 tinam
328 2235 434 2303 audio
453 2235 562 2318 velle,
589 2249 627 2304 ut
651 2256 772 2322 graeca
790 2234 979 2325 praelectio
995 2233 1095 2302 alteri
1116 2235 1178 2301 de-

187 2339 376 2407 mandetur
396 2329 450 2430 *)‚
475 2339 572 2428 qnod
595 2336 710 2405 nolim
731 2360 806 2425 ego.
855 2334 947 2405 Nam
971 2331 1178 2423 theologica,

187 2462 276 2533 quae
293 2438 490 2529 praelegere
507 2462 689 2528 coeperam
704 2435 1177 2528 propterBaeealaureatum,

109 2538 114 2545 ’
189 2555 230 2610 111
252 2564 330 2609 11101
347 2551 417 2624 011,
443 2539 605 2609 omittere
625 2540 747 2607 malim
763 2532 834 2632 **).
885 2538 1065 2609 Hactenus
1082 2538 1177 2607 enim

187 2666 266 2713 mea
290 2665 397 2732 opera
418 2641 549 2710 vicaria
577 2654 715 2709 tantum
739 2641 826 2724 fuit,
853 2643 909 2715 vel
933 2643 1095 2724 absente,
1119 2638 1177 2707 vel

186 2744 324 2814 felicius
335 2738 694 2832 occupatotlfartino.
744 2738 793 2812 Et
806 2736 1042 2813 humanarum
1056 2743 1177 2813 litera·

188 2870 269 2917 rum
286 2859 320 2915 et
334 2845 457 2914 multis
476 2859 509 2914 et
529 2845 685 2914 adsiduis
703 2846 909 2914 doctoribus
926 2868 1016 2935 opus
1032 2868 1105 2913 esse
1121 2844 1177 2912 vi-

187 2951 272 3030 deo,
295 2970 385 3041 quae
402 2972 477 3015 non
489 2947 608 3015 minus
624 2941 691 3016 hoc
707 2946 844 3031 seculo,
863 2972 969 3040 quam
984 2942 1175 3037 sophistico

188 3050 250 3120 illo
278 3049 514 3139 negliguntur.
565 3048 687 3139 Nuper
711 3051 797 3118 adeo
820 3050 1007 3141 plerosque
1032 3049 1177 3118 iuvenes

188 3153 393 3242 languentes
422 3151 584 3220 revocavi
614 3152 653 3219 in
676 3151 787 3235 viam,
821 3152 902 3244 qui,
931 3152 1058 3221 omissa
1088 3153 1176 3221 bene

188 3254 331 3341 dicendi
354 3277 454 3337 cura,
480 3253 597 3322 nescio
618 3253 702 3346 quid
724 3254 957 3326 sectabantur.
1008 3250 1112 3322 Nunc
1135 3276 1177 3320 ex

187 3354 260 3423 illis
277 3354 422 3447 qnidam
437 3353 627 3423 Homerica
640 3357 750 3425 multa
774 3355 894 3427 latinis
916 3355 1075 3423 versibus
1095 3356 1177 3423 red-

189 3456 252 3527 dit.
304 3453 403 3528 Vale.

927 3553 1126 3647 Philippus.

1063 3898 1153 3983 (lut.)

523 4074 573 4161 G.
604 4075 847 4186 Spoletina.

257 4282 277 4342 †
295 4275 334 4331 Ex
348 4274 515 4348 autographo
529 4271 663 4328 Melantb.
678 4271 707 4325 in
720 4272 789 4329 cod.
802 4273 882 4331 Bssil.
898 4274 931 4327 F.
949 4276 1009 4329 tot.
1024 4277 1102 4347 epist.
1113 4274 1159 4332 10.

238 4430 293 4506 D.
319 4424 523 4525 Georgio
554 4425 837 4526 Spoletina,
870 4440 1029 4524 patrono
1058 4460 1126 4504 suo

548 4528 815 4627 observandiss.

359 4661 523 4734 (spalatinus
536 4662 678 4735 adscripsit
694 4682 796 4717 annum
816 4664 856 4729 111.
867 4664 1007 4736 11111111.)

188 4762 233 4856 S.
284 4779 362 4872 Ego
385 4805 489 4866 vero,
514 4781 565 4850 mi
585 4781 783 4872 Spalatine,
808 4780 903 4854 nihil
922 4808 1034 4876 aoqne
1061 4787 1179 4878 cupio,-

189 4900 293 4981 atque
314 4882 435 4968 vobis,
461 4884 701 4963 amantissime
729 4888 772 4955 de
795 4910 852 4955 me
875 4887 1030 4970 meritis,
1056 4888 1086 4957 si
1109 4914 1179 4982 quo

186 5084 401 5103 m

222 5200 250 5271 Φ)
265 5198 331 5256 Vid.
345 5198 455 5254 butberi
469 5195 548 5269 epist.
563 5195 591 5249 d.
606 5196 649 5253 24.
665 5197 714 5253 tut.
729 5197 805 5253 1522.

222 5286 268 5354 ¹¹2)
287 5282 324 5337 Er
344 5283 457 5355 epistola
476 5280 508 5335 ad
525 5278 628 5351 Spalst.
664 5301 732 5353 quae
751 5286 858 5337 ineunte
871 5282 974 5337 Martio
992 5284 1059 5339 152³
1078 5287 1130 5341 scri
1150 5298 1178 5344 ts

256 5362 312 5415 est.
334 5350 510 5434 intelligitur,
533 5315 737 5403 Melanthonem
757 5370 786 5403 ex
801 5369 878 5405 more
892 5350 1062 5407 Baccalaurei
1082 5306 1176 5413 biblici

255 5422 346 5493 legere
357 5438 480 5493 rorpssse
492 5428 557 5474 snte
569 5419 623 5475 iter
633 5417 744 5475 tenet
757 5420 790 5474 rd
805 5419 915 5476 comitis
928 5418 1161 5519 Wormstirqsis.
1180 5442 1183 5451 ·
1261 5460 1264 5469 ·
1284 5418 1612 5492 sumamma-uuis
1626 5416 1799 5479 lectionibus.
1812 5417 1894 5491 eique
1906 5421 2052 5479 manderet
2063 5424 2216 5498 theologias

1231 1127 1305 1196 tae,
1343 1115 1463 1206 quales
1499 1139 1626 1207 quaeso
1669 1139 1790 1183 sumus
1825 1109 2010 1205 theologos
2050 1115 2205 1208 parituri?

1231 1213 1330 1299 Scio,
1356 1230 1527 1309 qnantum
1545 1210 1601 1283 1111
1618 1216 1728 1285 tribui
1745 1215 1891 1299 debeat,
1907 1239 1960 1303 ,ue
1978 1217 2063 1310 quis
2079 1210 2136 1303 hic
2152 1238 2205 1313 pu-

1231 1330 1296 1400 tet,
1320 1318 1483 1407 derogari
1502 1312 1637 1411 aliquid
1660 1312 1784 1417 divino
1806 1312 1982 1411 Spiritui.
2021 1316 2096 1419 Sed
2113 1332 2167 1427 ,esp
2174 1336 2205 1409 Ι11

1230 1416 1413 1489 literarum
1439 1420 1569 1514 aliquis
1597 1420 1636 1489 in
1661 1444 1836 1489 sacrarum
1865 1443 1985 1490 rerum
2013 1412 2206 1495 tractatione

1230 1543 1332 1605 usus,
1357 1547 1447 1614 qnae
1461 1546 1504 1590 ne
1518 1522 1623 1612 plane
1640 1535 1970 1606 contemnerentur,
1996 1517 2135 1607 hortor,
2157 1520 2206 1595 dc-

1230 1622 1342 1690 clamo
1372 1619 1438 1691 hoc
1466 1637 1672 1712 argumento
1700 1622 1877 1717 qnotidie,
1916 1638 1957 1695 ut
1989 1625 2207 1697 fundamenta

1230 1724 1360 1795 iaciant
1378 1725 1554 1794 discendis
1576 1726 1620 1795 iis
1640 1727 1792 1811 artibus,
1816 1726 1892 1795 sine
1912 1725 2045 1818 quibus
2065 1751 2139 1797 nou
2156 1728 2207 1799 ad·

1229 1827 1375 1895 modum
1393 1826 1542 1897 feliciter
1558 1842 1758 1898 versaturus
1774 1826 1822 1896 sis
1836 1827 1875 1896 in
1890 1828 2126 1919 gravioribus.
2154 1825 2207 1899 At-

1230 1952 1298 2020 que
1312 1923 1380 1997 lsoc
1394 1942 1462 2013 est,
1488 1954 1551 1998 cur
1568 1930 1686 2014 domi,
1710 1955 1772 2003 eur
1787 1928 1929 2021 publice
1945 1924 2058 2023 latina
2075 1945 2111 2002 ct
2120 1953 2207 2021 grae·

1230 2054 1268 2098 ca
1283 2032 1438 2103 doceam.
1492 2030 1609 2119 Quam
1631 2056 1773 2125 possum
1796 2030 1960 2122 plurimis
1983 2033 2206 2117 aduloeeenti-

1230 2235 1389 2307 doceant.
1463 2231 1575 2326 idque
1625 2259 1699 2303 non
1745 2234 1951 2326 simpliciter
1997 2236 2206 2319 tentavimus,

1230 2329 1464 2437 Ambsdorff,
1490 2338 1643 2426 optimae
1657 2336 1739 2405 fidei
1756 2331 1883 2420 homo,
1905 2349 1942 2407 et
1963 2360 2049 2426 ego,
2075 2341 2206 2432 nequis

1230 2461 1378 2529 usquam
1409 2440 1613 2507 adulescens
1640 2452 1824 2527 vagaretur
1854 2437 1989 2508 incerta
2020 2439 2205 2511 studiorum

1230 2552 1263 2609 et
1286 2538 1379 2607 vinae
1401 2540 1549 2612 ratione.
1599 2538 1753 2633 Fuitque
1776 2538 1964 2611 consilium
1989 2540 2091 2631 pium
2111 2542 2204 2633 mags

1229 2638 1453 2732 quam'felix.
1504 2639 1640 2711 Partim
1659 2666 1724 2734 per
1746 2642 1927 2729 coruulcm
1943 2642 2066 2729 urbis,
2089 2645 2204 2736 partin

1228 2766 1291 2833 per
1305 2745 1517 2834 professores
1533 2745 1638 2829 stetit,
1654 2742 1845 2836 quominus
1860 2744 2120 2835 proficeremus.
2147 2744 2203 2817 lta·

1229 2869 1297 2937 que
1312 2869 1407 2914 nunc
1422 2870 1512 2938 quos
1527 2871 1670 2937 possum
1686 2848 1725 2915 in
1742 2847 1860 2915 officio
1877 2847 2047 2917 contineo
2066 2850 2203 2919 auctori-

1228 2960 1298 3015 tate
1315 2971 1409 3032 mea3
1437 2949 1566 3028 immo,
1589 2965 1630 3019 ut
1643 2950 1762 3018 verius
1776 2948 1910 3032 dicam,
1932 2949 2142 3021 ambeundis
2162 2952 2202 3029 iic

1229 3049 1358 3142 quibus
1374 3050 1555 3126 committo
1569 3074 1709 3141 pueros.
1742 3049 1858 3121 Tanta
1872 3065 1923 3120 est
1935 3045 2126 3123 hominum
2137 3076 2202 3143 per·

1228 3151 1323 3224 liclia.
1374 3147 1469 3219 1111111
1487 3152 1584 3221 dotari
1607 3177 1672 3243 ago
1689 3167 1780 3223 certe
1799 3148 1891 3221 nihil
1912 3152 2011 3221 aliud
2030 3154 2100 3223 nisi
2115 3155 2201 3223 illum

1229 3250 1483 3323 Terentianum
1509 3251 1644 3326 ἑαυτὸν
1670 3247 1970 3346 τιμωρούμενον,
2006 3257 2097 3325 adeo
2122 3258 2200 3327 dolet

1227 3355 1359 3424 malum
1385 3356 1579 3445 publicum.
1637 3355 1782 3427 Utinam
1804 3357 1933 3447 possim
1957 3371 2076 3427 tecum
2101 3380 2199 3428 coram

1229 3456 1273 3527 de
1288 3451 1345 3529 his
1357 3459 1462 3527 rebus
1473 3458 1648 3531 omnibus.
1665 3456 1718 3526 De
1734 3455 1939 3548 theologicis
1954 3458 2109 3529 scribam
2124 3461 2200 3529 alias

1233 3554 1277 3627 V
1272 3553 1461 3650 ulgerium
1479 3556 1572 3628 nihil
1588 3575 1679 3642 erat,
1705 3585 1768 3629 cur
1783 3573 1823 3629 tu
1839 3561 1908 3629 cito
1925 3559 2098 3635 mitteres.
2139 3558 2198 3650 Ego

1229 3672 1310 3729 tuus
1326 3683 1415 3729 sum.
1466 3659 1565 3730 l'ale.

1968 3758 2163 3857 Philippus.

1997 4132 2001 4141 ·
2074 4106 2138 4219 'fen
2156 4115 2198 4178 tu.

2084 4210 2197 4245 W*

1237 4110 1305 4184 No.
1320 4108 1406 4180 217.

1237 4205 1397 4239 Μ

1462 4290 1591 4373 Micio.
1621 4232 2013 4403 111110ωεί10310..

1223 4544 1230 4555 ,
1297 4493 1317 4556 ³.
1340 4489 1446 4549 rasa
1464 4485 1669 4555 scammuse...
1689 4485 1848 4541 arumna
1876 4487 2013 4557 11110,
2042 4462 2200 4564 casp..

1332 4557 1439 4614 Clariss.
1454 4556 1561 4623 Muffat.

1262 4710 1524 4812 Philippus
1560 4705 1903 4782 Melanckthon
1948 4711 2184 4788 Michacli

1451 4812 1832 4908 Hummcfbergio
1861 4813 1992 4887 snoS.
2038 4820 2041 4825 ’

1230 4933 1337 5047 Quas
1353 4954 1546 5037 lacrumas,
1572 4974 1660 5045 qnae
1676 4950 1829 5018 lamenta
1846 4948 2017 5042 exprimat
2039 4948 2108 5026 boc
2133 4968 2206 5026 tem·

1228 5081 1294 5150 pus
1309 5053 1522 5138 Hieremiae,
1548 5053 1576 5120 si
1593 5052 1671 5145 quis
1688 5052 1825 5144 uspiam
1842 5052 1905 5122 sit!
1958 5053 2096 5127 Divino
2116 5060 2208 5128 bene-

1229 5244 1454 5263 mu·-

1263 5355 1292 5425 *1
1309 5352 1440 5409 lutherus
1462 5350 1568 5425 scripsit
1581 5346 1720 5420 spalatino
1744 5348 1770 5400 d.
1788 5345 1813 5399 4.
1829 5346 1895 5415 tut..
1916 5358 1945 5403 ut
1957 5350 2167 5410 Mdsntbouem
2184 5356 2213 5410 11.

1230 2132 1297 2200 bus
1320 2156 1401 2201 suos
1426 2134 1571 2221 adsigno
1601 2148 1859 2225 praeceptores,
1900 2133 1962 2227 qui
1994 2134 2206 2227 grammatica
2239 2146 2242 2181 ¹
