4500 5782
56 205 129 287 ΙΙ
643 144 1081 283 uetsrdnaltuu
1132 206 1256 282 12·le
1272 206 1325 280 lt·
1375 204 1504 281 1520.
2013 210 2120 291 m.

57 382 344 468 menum,
357 382 534 453 Germanr
542 378 738 474 Principes
788 378 954 475 lniquam
967 402 1051 449 sane
1101 380 1321 471 apertissime
1330 378 1556 469 cognoscetis
1571 395 1768 470 exspect-are
1779 381 1911 466 milite,
1903 406 2095 475 qnam·

58 476 152 555 hus
157 484 413 555 defensionem
426 506 564 567 assem,
590 487 685 577 quod
710 483 775 553 etsi
797 482 953 568 omnia,
950 506 1052 575 qtae
1102 482 1155 551 rie
1168 494 1203 551 et
1217 504 1323 573 quam
1337 481 1477 572 copiose
1497 481 1677 565 dicantur,
1703 484 1874 575 quoniam
1895 484 2095 580 illiusqibrl.

55 584 405 670 inilffiuareautur,
429 586 651 670 admiserim,
673 580 923 655 adhnctamen
936 579 1052 653 Mur·
1102 582 1296 675 spicuitatis
1310 596 1426 666 eruut,
1448 606 1757 675 quaeneqnemea
1776 580 1883 676 (qnae
1897 584 2095 683 nullas&

52 682 161 755 ιῐιιιι
175 690 392 757 coercendus
408 687 659 779 etpuniendos
676 687 790 770 venit,
814 682 934 757 adhuc
951 686 1051 755 illius
1101 708 1219 777 nsque
1233 684 1441 775 cuiusquam
1458 684 1659 778 eloquentia
1677 685 1722 751 ad
1739 688 2000 801 permovendos·
2006 690 2093 759 atsi-

51 786 146 857 rh'hri
161 788 370 857 damnandi·
365 803 465 873 ·,sunt
489 800 526 857 et
541 812 617 856 non
632 789 748 857 solum
766 811 808 856 ex
824 786 938 871 illa,
914 812 965 855 ι-ιι
982 810 1051 903 qua
1102 810 1179 855 mos
1193 800 1328 855 vestros
1341 785 1531 873 indigeat.-
1557 781 1591 853 F
1592 785 1756 875 pastolam
1771 785 1927 876 primum
1937 782 2093 859 esibus

52 882 198 959 inhiet
216 885 263 961 V
255 887 493 983 udlaorbsrgo
516 903 659 982 totaque
672 888 885 959 Germaniae
905 890 1052 979 provin-
1103 910 1183 955 aem
1204 883 1391 956 Decimum
1414 884 1518 954 Pont
1541 884 1637 957 Max.
1662 887 1785 956 scribit
1808 887 1950 977 plenam
1968 889 2093 961 modr-
2158 926 2162 937 ·

60 990 270 1075 dundee
284 1014 450 1061 universo
463 1008 638 1060 terrarum
653 992 740 1060 orbe
755 991 923 1063 tollendi-.-
945 988 1051 1058 &Non
1102 989 1206 1070 stiae,
1228 989 1369 1078 plenam
1396 987 1558 1070 officii,
1546 1010 1586 1054 ιιι
1607 1012 1676 1079 quo
1697 988 1807 1079 ipsius
1825 1013 1946 1059 vocem
1968 990 2063 1063 ιιι
2026 1016 2092 1063 ιο-

60 1110 104 1161 se
118 1091 268 1163 deibus
289 1107 324 1163 et
343 1094 427 1161 liliis
444 1093 570 1162 vestris
593 1092 796 1162 divinarum
819 1106 863 1161 et·
878 1086 1052 1160 humana-
1102 1114 1178 1159 cem
1193 1042 1327 1159 Christi
1341 1113 1378 1157 se
1393 1089 1598 1158 auditurum
1618 1090 1820 1179 pollicetur:
1847 1104 1952 1184 atque
1961 1093 2016 1162 ιιι
2028 1094 2092 1163 de-

60 1215 157 1263 run-
170 1216 295 1264 serum
318 1194 556 1283 cognitionem
586 1194 736 1285 optatis,
772 1206 813 1263 ut
835 1194 927 1261 bene
945 1206 1051 1285 atquc
1101 1216 1199 1261 mum
1218 1191 1396 1259 erroribus
1413 1190 1486 1258 suis
1505 1189 1601 1257 viam
1616 1213 1740 1280 parare
1762 1205 1907 1262 conatus
1922 1208 1990 1277 est,
2005 1218 2092 1276 ιιι·

60 1294 161 1365 tuse
170 1295 332 1364 meant?
370 1310 410 1365 ut
431 1320 474 1363 ex
499 1292 606 1365 huius
626 1295 753 1364 mundi
779 1294 993 1387 sempiterno
1017 1307 1052 1363 et
1103 1294 1190 1361 dens
1200 1288 1382 1383 Epistulae
1397 1291 1506 1361 solius
1528 1291 1677 1360 lectidne
1696 1290 1754 1382 (ut
1771 1294 1877 1363 multi
1896 1295 2025 1385 magni·
2029 1318 2092 1367 as·

60 1394 267 1471 utilibus:
272 1396 412 1465 ordine
424 1397 562 1466 discant
588 1396 871 1485 magistratibus
880 1392 1053 1465 obedire?
1101 1392 1233 1487 solent)
1264 1407 1469 1463 contentum
1495 1391 1698 1484 Principem
1736 1418 1813 1465 non
1839 1395 1943 1464 iaeile
1968 1412 2092 1489 postes

62 1504 100 1567 ιιι
125 1498 265 1568 selectis
291 1498 465 1567 uirtutum
492 1498 717 1581 munoribus,
750 1522 840 1589 quae
869 1494 1052 1585 religionis
1101 1488 1237 1563 Luteci
1267 1494 1494 1586 pertinaciam
1529 1517 1570 1563 ac
1601 1496 1832 1564 temeritatem
1862 1500 2091 1570 narrantibus

62 1612 144 1669 sunt
160 1610 198 1667 et
214 1599 338 1682 officii,
361 1598 631 1668 consectentur?
681 1597 820 1687 Quodsi
841 1622 881 1667 ex
902 1598 1052 1667 alicuius
1102 1620 1204 1666 aures
1233 1596 1489 1686 praebiturum.
1557 1593 1629 1666 Sed
1662 1620 1815 1689 eousque
1847 1598 2011 1690 deceptus
2038 1614 2091 1671 est

62 1698 246 1770 doetrinae
265 1700 393 1769 studiis
419 1715 453 1771 et
479 1700 786 1770 exercitationibus
811 1700 902 1767 male
922 1698 1051 1769 morati
1102 1712 1137 1767 et
1157 1698 1303 1766 mentita
1325 1710 1377 1766 cst
1397 1696 1566 1789 iniquitas
1591 1697 1680 1781 sibi,
1711 1701 1806 1790 quod
1827 1695 2026 1770 Pontifex
2013 1714 2091 1787 rste,

59 1801 231 1887 undant,
245 1828 248 1837 ·
262 1800 420 1871 seditiosi
443 1816 478 1870 ct
501 1801 649 1871 rebelles
670 1801 756 1871 fiant
781 1813 886 1894 atque
909 1801 948 1869 in
966 1800 1051 1869 vitia
1102 1824 1211 1891 quum
1232 1799 1392 1867 omnium
1415 1797 1673 1866 eruditissimus
1697 1800 1743 1867 sit
1766 1823 1974 1895 summoque
1995 1802 2091 1874 iudi-

63 1900 285 1987 dilshantur,
310 1925 430 1971 nonne
448 1905 566 1994 potius
582 1904 694 1972 libros
714 1903 850 1972 omneis
871 1926 947 1971 cam
965 1925 1052 1971 cou-
1103 1901 1173 1984 cio,
1214 1924 1351 1968 summo
1381 1900 1419 1967 in
1449 1899 1596 1987 legendo
1620 1900 1736 1968 studio
1764 1901 1986 1974 blandientes
2013 1903 2091 1995 ipse

60 2002 214 2073 ·tiuntss
238 2005 465 2074 exterminari
489 2000 725 2097 authorcsque
747 2006 891 2075 illorum
916 2028 957 2072 ex
986 2026 1053 2072 na-
1101 1996 1271 2070 Martim'
1303 1995 1420 2070 chelas
1451 2013 1486 2068 et
1515 2015 1731 2091 pungentem
1761 2004 1909 2071 caudam
1937 2005 2089 2087 advertit

63 2114 161 2175 teme
181 2101 361 2175 humanae
380 2106 513 2174 finibus
532 2107 611 2175 eiici
625 2108 753 2175 dehere
766 2106 948 2176 statuetis?
998 2102 1051 2174 Ita
1102 2104 1278 2195 sensitque
1303 2103 1494 2171 fallaciam:
1527 2114 1631 2194 atque
1654 2126 1694 2170 co
1716 2103 1837 2171 minus
1858 2104 1991 2173 bonam
2013 2130 2089 2177 esse

64 2228 206 2297 morsus
225 2207 271 2275 de
286 2207 388 2275 vobis
401 2207 573 2279 existimo.
624 2206 714 2276 Nam
735 2208 764 2274 si
780 2206 1050 2277 Lacedaemonii
1101 2197 1236 2273 Lutati
1249 2218 1402 2273 mentem
1417 2203 1761 2295 existimarepotuit,
1782 2230 1854 2297 quo
1869 2204 1972 2276 illum
1987 2232 2090 2279 meu·

63 2305 291 2388 ilieserunt,
317 2332 380 2376 cur
395 2333 468 2377 non
485 2309 580 2378 idem
594 2308 770 2378 faciantet
784 2306 979 2377 Germani?
1011 2305 1052 2377 Si
1103 2308 1211 2376 daciis
1235 2306 1325 2374 vidit
1350 2318 1383 2374 et
1407 2304 1631 2395 captionibus
1659 2305 1746 2373 niti:
1782 2308 1905 2376 doctus
1926 2307 2090 2381 videlicet

65 2402 273 2491 idololatrae
299 2408 336 2478 id
359 2424 565 2493 sanxerunt,
600 2434 662 2479 cur
683 2433 757 2477 non
779 2410 873 2477 idem
894 2412 1052 2480 sanciant
1102 2409 1165 2476 illo
1180 2407 1383 2477 Solomonis
1399 2405 1598 2496 proverbio.
1648 2405 1769 2475 Labiis
1791 2408 1864 2476 suis
1881 2409 2091 2501 intelligitur

64 2504 281 2580 Christiani?
330 2508 499 2598 Quonam
520 2535 604 2579 vero
632 2525 733 2601 pacto
757 2506 928 2579 Martini
952 2511 1051 2581 istius
1101 2509 1265 2578 inimicus
1280 2529 1391 2600 quum
1405 2508 1444 2575 in
1464 2508 1568 2576 corde
1584 2507 1783 2576 tractaverit
1799 2510 1919 2579 dolos:
1944 2512 2089 2604 quando

67 2606 144 2681 luri
171 2610 365 2682 utilitatem
393 2613 549 2705 aliquam
575 2609 780 2681 hominibus
801 2614 927 2681 afferre
950 2627 1053 2705 pote-
1102 2610 1304 2680 submiserit
1319 2632 1441 2678 vocem
1456 2632 1566 2692 suam,
1585 2630 1631 2676 ne
1645 2610 1835 2678 credideris
1849 2611 1894 2695 ei,
1919 2613 2089 2705 quoniam

67 2725 162 2798 suut,
197 2713 266 2807 qui
304 2713 471 2783 falsarum
504 2713 738 2804 opinionum,
772 2715 1051 2793 contentionum,
1101 2725 1233 2802 septem
1263 2710 1441 2804 nequitiae
1471 2723 1554 2777 sunt
1582 2710 1621 2779 in
1644 2713 1750 2779 corde
1780 2711 1887 2785 illins.
1949 2711 2089 2784 Eodem

63 2812 323 2897 immodestiae,
347 2816 548 2907 superbiae,
574 2816 757 2884 seditionis
778 2830 812 2885 et
832 2818 1051 2905 arrogantiae
1103 2829 1202 2905 pacto
1218 2813 1324 2881 ctiam
1340 2810 1552 2881 Pontificum
1575 2812 1711 2881 decreta
1735 2826 1769 2882 ct
1790 2815 1954 2905 epistolas
1975 2828 2010 2885 et
2030 2832 2089 2887 ec-
2205 2836 2211 2855 ¹

66 2916 260 3007 plenissimi
284 2916 381 2983 sint?
430 2914 622 3033 Quomodo
641 2909 805 2985 Lulsrus
834 2918 907 3009 ipse
936 2920 1051 2987 bonus
1101 2916 1310 2985 clesiasticos
1322 2927 1438 3004 patres
1453 2926 1694 3002 suscepturum
1713 2937 1749 2981 se
1762 2907 1941 3000 Laurus,
1965 2918 2085 2988 ohser-

68 3018 250 3087 suvibus
262 3017 378 3100 utrlrs
402 3018 464 3109 qui
482 3031 516 3086 ct
530 3019 761 3087 immodestus
780 3032 831 3087 est
851 3031 885 3086 et
904 3033 1050 3095 conten-
1099 3031 1263 3086 vaturum
1286 3028 1390 3106 atquc
1413 3038 1530 3082 vener
1531 3028 1661 3084 iturum
1685 3017 1850 3130 spondet,
1882 3018 1945 3109 qui
1967 3030 2087 3087 tamen

68 3118 196 3189 tiosos?
245 3115 383 3187 Annon
396 3116 528 3187 Paulus
547 3120 610 3187 ait:
643 3118 682 3187 Si
704 3120 782 3213 quis
802 3120 943 3188 videtur
965 3142 1052 3191 coo·
1100 3117 1287 3184 nilminus
1306 3140 1463 3207 unquam
1483 3128 1659 3205 praestare
1679 3117 1891 3204 cogitaverit.
1942 3115 2089 3189 Fatetur

10 3282 14 3287 .
68 3219 235 3289 turtiosus
254 3243 344 3302 esse,
367 3242 434 3287 nos
455 3220 560 3289 talem
581 3221 871 3289 consuetudinem
896 3243 970 3288 non
986 3216 1051 3288 ha·
1100 3218 1221 3286 itidem
1237 3215 1438 3287 Romanam
1458 3211 1651 3284 Ecclesiam
1673 3240 1857 3309 nunquam
1879 3243 1998 3289 arera
2016 3220 2088 3293 lide

68 3320 314 3413 bemsneque
327 3316 483 3388 Ecclesia
500 3319 593 3389 Dei?
628 3319 745 3390 Huius
760 3334 811 3389 cst
828 3321 931 3389 etiam
948 3345 1051 3412 prae-
1099 3319 1175 3387 ullo
1204 3342 1268 3387 suo
1298 3318 1437 3385 decreto
1465 3317 1643 3385 recessisse
1677 3330 1782 3411 atque
1812 3319 1917 3387 ctiam
1943 3344 1979 3391 se
2001 3334 2088 3391 tuuc

67 3436 200 3515 septum
216 3421 334 3490 illud:
380 3419 555 3490 Modestia
580 3437 692 3491 vestra
713 3437 797 3492 nota
819 3423 865 3491 sit
885 3423 1050 3491 omnibus
1100 3416 1314 3489 haereticum
1324 3442 1399 3486 non
1408 3431 1522 3507 negat,
1535 3419 1576 3501 si,
1593 3415 1940 3510 postquamEcclesra
1950 3422 2087 3517 ahquid

66 3516 280 3595 huminibus.
337 3519 579 3608 Quamobrem
601 3525 750 3593 videatis
772 3520 835 3592 has
857 3539 1005 3593 nostras
1015 3537 1052 3593 et
1100 3521 1272 3603 sanxerit,
1301 3520 1407 3609 ipse
1397 3522 1443 3587 ab
1464 3514 1530 3587 hac
1551 3520 1730 3589 sanctione
1759 3522 1938 3595 desciscat.
1995 3522 2088 3613 Quis

61 3618 166 3695 tau
177 3623 335 3705 delicias,
349 3615 529 3691 Laterum
531 3648 663 3717 ,quam
676 3627 768 3693 bene
785 3623 1051 3695 Pauloobtem-
1100 3647 1175 3692 non
1200 3618 1259 3690 hic
1276 3616 1490 3690 Martiarum
1515 3621 1635 3690 laudet
1653 3635 1688 3690 et
1708 3623 1875 3691 extollat?
1925 3622 1997 3695 Sed
2016 3627 2088 3696 cito

65 3739 156 3814 peret
187 3738 224 3795 et
247 3724 295 3793 ab
316 3723 413 3793 illius
433 3726 627 3816 praeceptis
649 3750 712 3794 nec
734 3741 971 3795 transversum
995 3722 1051 3815 (ut
1100 3723 1317 3816 palinodiam
1345 3724 1483 3814 scripsit
1504 3723 1705 3792 admonitus
1728 3721 1902 3818 (credo)
1892 3750 1930 3793 ιιι
1954 3726 2088 3797 somnis

64 3824 175 3919 liunt)
188 3824 343 3915 digitum
358 3825 531 3907 discedat,
556 3840 596 3895 ut
608 3828 794 3896 conturbet
809 3828 938 3899 omnia.
979 3826 1050 3897 Sed
1100 3850 1121 3894 a
1143 3828 1416 3908 cacodaemone,
1439 3837 1478 3893 ut
1499 3826 1681 3915 quondam
1701 3820 1923 3895 Stesichorus
1947 3828 1992 3896 ab
2011 3825 2087 3898 He·

63 3924 102 3997 ui
121 3930 189 3997 diu
209 3928 314 3997 istius
333 3926 622 3996 inverecundiam
647 3942 682 3997 ct
710 3928 1050 4011 immoderationem,
1100 3925 1198 4009 lena,
1229 3950 1304 3993 ιιοιι
1326 3950 1396 4017 quo
1418 3925 1535 3993 visum
1559 3922 1875 4017 (quemadmodum
1897 3927 1975 4021 ille)
1996 3928 2088 3999 reei-

62 4050 249 4122 qusmurcc
274 4028 368 4119 ipse,
402 4052 471 4097 -nec
492 4030 596 4097 amici
620 4029 675 4098 sui
702 4044 848 4118 negant,
880 4052 1050 4113 accusem,
1099 4040 1213 4118 peret,
1232 4028 1292 4095 sed
1314 4040 1354 4095 ut
1373 4049 1410 4093 se
1433 4025 1570 4093 lumine
1593 4026 1722 4094 mentis
1742 4027 1894 4100 orbaret.
1945 4027 2088 4100 Reconu

62 4130 331 4201 &nodamus
345 4129 452 4214 illud,
469 4132 564 4222 quod
583 4130 616 4197 ei
629 4131 779 4198 maxime
791 4130 954 4199 tribuunt
968 4153 1050 4199 eru-
1099 4128 1188 4198 tavit
1206 4151 1349 4220 nanque
1375 4140 1410 4197 et
1431 4124 1642 4195 Pontificum
1666 4125 1913 4198 Romanorum
1939 4130 2088 4215 decreta,

57 4230 206 4327 ditionis
219 4231 379 4323 ¹pondus
415 4226 653 4323 (eloquentiae
684 4254 825 4324 nanque
857 4246 973 4322 partes
1010 4230 1048 4298 in
1099 4229 1230 4321 quibus
1244 4252 1367 4296 eorum
1381 4222 1575 4296 authoritas
1588 4240 1621 4296 et
1636 4229 2087 4322 excellentissimapotestss

55 4330 257 4423 prementia
285 4353 349 4423 por
380 4355 438 4399 me
466 4333 548 4401 licet
574 4356 659 4424 quas
691 4333 765 4423 ipse
794 4333 947 4401 voluerit
980 4332 1050 4399 sihi
1099 4329 1306 4423 exponitur,
1330 4328 1617 4416 languidissima,
1641 4329 1868 4417 frigidissima
1888 4331 2087 4424 etinsptis-

62 4431 199 4551 smnus)
207 4445 244 4503 et
258 4456 443 4551 quaeram,
468 4456 642 4525 quaenam
665 4446 699 4501 et
721 4448 852 4526 quanta
875 4428 1049 4502 sitMar-
1098 4431 1186 4499 sima
1201 4430 1353 4499 dictitat·
1377 4430 1521 4497 illorum
1547 4430 1724 4520 epistolas.
1730 4454 1864 4501 meram
1885 4434 2088 4525 superbiam

60 4532 137 4603 ts‘ns‘
141 4532 336 4616 Doctrina,
362 4534 423 4626 qni
442 4556 558 4603 secum
577 4558 736 4626 pugnans
756 4558 930 4652 nusquam
955 4535 1049 4602 idem
1099 4533 1231 4623 spirare
1249 4530 1447 4599 contendit:
1470 4545 1576 4623 atque
1590 4556 1630 4599 ex
1645 4530 1731 4622 ipsis
1746 4532 1885 4625 aliquos
1900 4548 1934 4603 et
1947 4549 2087 4609 ιιιιιια

60 4635 189 4707 mit?
239 4630 399 4703 Obsecro
415 4648 531 4704 autem
553 4660 633 4717 vos,
659 4634 737 4703 viri
753 4633 943 4717 Germani,
965 4635 1049 4705 utsi
1099 4647 1133 4702 et
1148 4632 1331 4703 eruditos
1321 4656 1360 4699 ιιι
1373 4633 1526 4701 serendis
1548 4628 1752 4701 huiusmodi
1775 4634 1912 4723 legibus
1931 4617 2093 4709 humans

61 4727 358 4809 trudeLatm
366 4736 566 4804 errrdrtrone
580 4733 971 4828 opnuonemhictenus
985 4732 1050 4803 ha-
1100 4757 1228 4824 passos,
1245 4728 1951 4823 hicsapiensacdivinushomoiudicat.
1987 4736 2087 4826 Quid

62 4837 204 4925 huistis,
242 4860 319 4907 non
345 4837 454 4925 agatis
482 4837 585 4905 aliter
614 4862 654 4906 ac
682 4862 793 4930 quum
818 4838 1048 4928 pecuniarum
1098 4831 1157 4904 bic
1171 4856 1283 4923 agam,
1297 4832 1503 4925 Principes?
1540 4832 1912 4923 Quemadmodumde
1928 4853 2088 4910 tantors

61 4938 270 5031 iampridem
285 4960 516 5029 expensarum
535 4962 708 5006 summam
722 4939 901 5031 quaeritis.
945 4937 1049 5007 Tunc
1098 4934 1239 5004 dicam?
1290 4932 1366 5003 lam
1388 4958 1499 5027 prope
1519 4959 1661 5004 omnem
1681 4937 1756 5005 vim
1778 4939 1968 5007 verborum
1992 4940 2086 5011 eius-

18 5110 24 5117 ,
62 5041 153 5109 mim
174 5038 291 5131 posito
308 5038 461 5122 calculo,
482 5040 510 5107 si
529 5040 609 5129 plus
626 5053 688 5108 ant
711 5040 831 5107 minus
857 5040 1048 5131 aliqnando
1098 5037 1216 5119 modi,
1247 5060 1336 5128 quae
1357 5036 1502 5105 audacia
1528 5036 1629 5107 istius
1652 5051 1687 5106 et
1704 5038 1833 5107 scelere
1853 5034 1921 5107 hoc
1943 5040 1980 5108 in
2007 5042 2085 5121 loco
2118 5036 2125 5047 “

63 5140 98 5209 ιιι
116 5139 319 5211 rationibus
335 5139 531 5221 invenitur,
557 5166 663 5232 quam
684 5153 801 5209 mente
823 5141 1050 5257 collegeratis,
1092 5139 1320 5227 dignemint,
1335 5138 1547 5229 consumpsi,
1574 5138 1620 5206 ita
1637 5150 1677 5206 ιιι
1693 5138 1954 5225 difficillimum,
1978 5142 2085 5211 ιιιιιιιιι

63 5242 189 5313 ιιιιοιιι
211 5256 332 5311 tomen
352 5240 584 5334 acquiescitis.
648 5239 744 5311 Dum
771 5241 889 5311 talia
878 5243 985 5330 igitur
1010 5242 1050 5309 in
1099 5253 1135 5307 et
1149 5239 1366 5329 impossibile
1384 5234 1473 5307 mihi
1488 5239 1547 5322 sit,
1561 5239 1927 5330 detemeritateipsius
1941 5256 1975 5313 et
1992 5245 2088 5315 iosa-

64 5344 217 5414 ucdmm
228 5342 352 5427 aliero,
373 5366 415 5412 ex
431 5343 570 5437 quibus,
591 5341 682 5426 liri,
702 5338 840 5412 huius
830 5342 1049 5412 inscientiam
1099 5340 1159 5411 nia
1174 5340 1352 5509 periqqe,
1357 5355 1398 5409 ut
1414 5362 1516 5409 causa
1528 5338 1697 5431 postulat,
1714 5339 1842 5415 dicere.
1893 5342 2088 5433 Quaetau-
