4500 5782
679 213 949 289 ANNALES
985 213 1354 301 uttan-mnn-
1393 214 1517 290 1519.

120 519 168 575 m
907 415 1091 490 ANNO
1144 419 1279 495 1519.

126 600 154 665 5.
197 587 317 651 Erasmo
335 592 443 651 scribit
461 604 489 649 et
506 602 635 653 avertere
651 591 749 657 studet
762 595 960 673 calumniam,
988 593 1072 677 q'uod
1086 606 1189 659 notare
1204 598 1348 656 voluisset
1360 588 1476 671 Erasmi
1491 595 1721 655 commentarios
1738 594 1772 650 iu
1784 585 1825 650 N.
1840 585 1878 650 T.

116 701 163 767 25.
197 690 350 755 liutherus
366 694 405 752 ad
421 689 630 773 Spalartman:
661 692 849 773 „Hebraicas
863 699 974 769 litteras
989 692 1148 778 Philippus
1170 710 1270 758 noster
1291 709 1405 758 tractat.
1432 729 1480 745 -
1532 693 1633 756 Nimia
1649 707 1691 755 est
1709 695 1841 753 hominis
1855 704 1884 751 et
1901 691 1971 781 sides
1984 703 2014 750 et
2029 690 2101 749 dili-

246 799 367 877 gentis,
393 808 430 855 ut
447 798 501 863 rix
518 800 648 881 tempori
662 802 824 881 quicquam
843 790 954 859 cedat.”

198 896 300 959 llense
323 895 467 957 lanuario
492 901 612 974 „libros
631 913 689 960 tres
711 900 748 960 de
762 897 925 961 Rhetorica
932 892 948 915 '⁴
972 899 1066 961 edidit
1087 913 1118 962 et
1138 900 1248 961 dicavit
1261 896 1416 961 Bernardo'
1428 898 1552 978 lllour03
1578 904 1611 961 ιιι
1626 899 1811 981 praefatione
1827 901 1962 980 loquitur
1978 896 2014 954 de
2029 894 2102 954 falsa

107 1023 175 1078 leis.
247 1000 443 1082 philosophia
458 1003 504 1059 sui
518 1005 585 1061 aevi
598 1013 627 1061 et
641 1002 677 1063 de
693 1006 827 1083 neglecta
843 1016 904 1063 arte
919 1002 1076 1063 rhetorica.
1129 1004 1168 1065 cf.
1186 1025 1233 1085 ep.
1249 998 1322 1063 lllal.
1339 1003 1368 1062 d.
1387 1009 1418 1068 8.
1433 1002 1513 1083 Apr.
1529 1003 1561 1064 h.
1580 1024 1607 1069 a.

124 1111 151 1169 t.
197 1097 350 1165 Lutlrerus
362 1100 557 1184 Spoletinum
573 1104 727 1183 hortatur,
754 1117 788 1165 ut
801 1119 902 1183 curet,
929 1118 961 1165 ut
977 1104 1167 1167 lllelanthoni
1182 1105 1364 1187 stipendium
1380 1086 1531 1187 augeatur.

195 1203 300 1267 dlense
314 1202 402 1283 Fen.
427 1202 605 1268 Orationem
628 1207 786 1271 funebrem
807 1207 843 1271 de
859 1205 1069 1271 Moxinailiano
1089 1204 1212 1271 Caesare
1233 1206 1369 1287 (mortuo
1394 1208 1423 1268 d.
1444 1212 1500 1273 17.
1515 1204 1596 1287 lan.)
1616 1207 1705 1267 habet
1726 1218 1755 1266 et
1773 1204 1852 1281 edit,
1881 1224 2006 1286 euinque
2024 1202 2101 1261 dicat
2194 1252 2198 1259 .

247 1304 372 1368 lordani
387 1306 615 1374 Herzheimero.
714 1338 717 1347 ·

113 1411 178 1467 tlart.
194 1407 299 1473 ,llense
314 1407 425 1471 Martio
440 1410 589 1493 praefatur
605 1410 641 1471 de
656 1415 753 1493 pretio
768 1432 852 1473 verae
868 1408 1054 1492 Theologiae
1077 1425 1106 1472 et
1125 1413 1161 1474 de
1178 1412 1278 1475 studio
1293 1435 1442 1475 sacrarum
1458 1415 1646 1475 litterarum
1638 1434 1671 1473 m
1684 1406 1846 1488 Lutheri,
1850 1411 2054 1491 ,operationes
2068 1410 2100 1467 in

246 1504 422 1591 Psalmo?-
450 1518 524 1575 item
537 1519 570 1575 in
583 1509 736 1575 Plutarchi
750 1516 888 1575 libellum
905 1514 964 1575 de'
955 1519 1144 1591 institutione
1160 1538 1339 1617 puerorum,
1366 1538 1456 1601 quem
1470 1537 1573 1597 graece
1587 1519 1620 1577 in
1636 1535 1725 1575 usum
1740 1514 1917 1585 discentium
1932 1509 2035 1572 edidit
2053 1544 2102 1559 -

247 1613 355 1678 Oratio
372 1615 408 1676 de
424 1616 606 1697 corrigendis
628 1616 757 1678 adolesc.
773 1616 878 1678 studiis
893 1613 1027 1679 Basileae
1044 1615 1224 1679 aFrohenio
1245 1622 1355 1681 iterum
1377 1640 1487 1681 excusa
1510 1632 1571 1697 est,
1598 1618 1698 1679 addita
1723 1616 1779 1689 oda
1799 1635 1902 1695 graeca
1928 1618 1960 1673 in
1981 1613 2100 1673 laudem
2188 1614 2195 1626 '

244 1714 387 1779 Lutheri.

119 1824 163 1885 tt
194 1814 349 1883 Lutherus
366 1821 404 1883 ad
419 1817 627 1900 Spoletinum:
655 1816 846 1905 „Philippus
859 1819 1037 1885 Melanthon
1052 1843 1192 1904 prospere
1207 1826 1285 1907 agit,
1306 1826 1364 1885 nisi
1381 1825 1505 1907 quod
1478 1845 1531 1885 ιιι
1547 1833 1664 1882 tantum
1678 1821 1793 1881 efficere
1809 1840 1969 1900 possumus
1986 1838 2100 1889 omnes,

242 1946 282 1983 ne
297 1926 463 1984 litterarum
474 1927 567 1983 nimia
581 1926 695 1984 insania
710 1925 888 1986 valetudinis
902 1929 1043 1987 acceleret
1057 1930 1218 1987 iacturam:
1246 1926 1327 1986 ardet
1341 1947 1396 2007 pro
1413 1930 1515 1987 aetatis
1531 1927 1626 1986 colore
1644 1927 1745 1983 omnia
1769 1925 1907 1985 omnibus
1925 1923 2015 1982 simul
2035 1920 2099 1977 fieri

112 2037 177 2109 april.
244 2039 275 2085 et
291 2016 418 2086 lhcere.”

128 2127 152 2185 i·
194 2125 316 2190 Enarrat
330 2125 512 2193 l‘aalterium
528 2124 719 2207 hebraicum,
746 2143 776 2189 et
788 2128 915 2190 Homeri
929 2125 1017 2191 lliad.

71 2298 73 2329 ἰ
192 2228 297 2290 llense
319 2228 424 2311 Aprili
446 2228 508 2290 edit
527 2226 680 2291 Plutarchi
699 2238 947 2295 commentorium
966 2225 998 2295 el
1019 2228 1140 2306 καλῶς
1160 2224 1298 2321 εἰὀηται
1319 2220 1363 2297 τὸ
1388 2216 1483 2296 λάθε
1504 2212 1665 2315 βιώσας,
1694 2229 1824 2291 dicatum
1846 2227 1983 2290 Barthol.
1999 2225 2095 2305 Veld-

71 2332 74 2373 Ι
243 2332 382 2408 kirchio,
407 2329 589 2391 Academiae
602 2329 736 2394 Rectori.

123 2426 166 2481 ¹²¹¹·
194 2428 232 2493 D.
251 2434 310 2500 24
325 2430 395 2494 Iun.
412 2431 591 2495 lllelanthon
606 2457 676 2496 cnm
688 2431 827 2501 Luthero
846 2439 927 2497 venit
940 2430 1078 2517 Lipsiaru
1094 2436 1132 2496 ad
1148 2439 1345 2519 colloquium.

110 2526 424 2648 ¹¹²,‘¹Dteb11sindea
439 2547 595 2619 27.Iunii
611 2575 707 2636 nsque
722 2553 760 2614 ad
777 2531 830 2621 16
844 2552 902 2616 lul.
919 2556 980 2615 fnit
997 2556 1186 2637 colloquium
1199 2551 1356 2635 Lipsieuse
1375 2556 1452 2615 inter
1468 2548 1598 2613 Euhium
1621 2565 1650 2610 et
1667 2498 1906 2611 Garolostadium
1929 2564 1957 2609 et
1977 2545 2006 2609 l
2008 2549 2098 2609 uthe-

240 2675 388 2715 rum-
417 2651 597 2715 Melanthon
609 2659 745 2737 publicas
759 2658 905 2738 quidem
895 2679 928 2719 ιιι
944 2679 979 2719 eo
995 2669 1092 2738 partes
1108 2677 1172 2719 non
1187 2661 1264 2737 egit,
1290 2658 1322 2717 id
1339 2669 1399 2733 ost,
1422 2676 1485 2715 non
1498 2654 1582 2715 fuit·
1573 2676 1605 2714 ιιι
1620 2672 1746 2713 numero
1761 2672 1883 2730 eornm,
1910 2657 1963 2734 qui
1979 2653 2098 2732 publice

241 2756 446 2837 disputarant,
469 2769 499 2816 at
512 2768 614 2821 nmen
626 2760 824 2840 disputationi
837 2782 901 2821 non
918 2765 1017 2825 solnm
1031 2759 1187 2837 interluit,
1210 2760 1262 2821 sed
1278 2781 1365 2840 saepe
1382 2762 1472 2821 etiam
1492 2753 1696 2819 Carolostadio
1706 2798 1718 2830 ,
1739 2758 1847 2835 impari
1863 2751 1980 2829 Echio,
2007 2770 2096 2833 argn-

162 2884 167 2895 ·
241 2872 341 2918 menta
355 2862 433 2917 clam
449 2869 599 2940 tum-voce
615 2874 681 2921 tum
695 2861 811 2922 schedis
826 2867 967 2943 porrectis
980 2864 1132 2943 suggessit.
1187 2858 1412 2941 QuareEekius
1425 2859 1519 2921 fertur
1536 2864 1569 2921 in
1584 2860 1657 2927 haec
1674 2858 1762 2917 verba
1777 2861 1966 2937 prorupisse:
1995 2853 2096 2933 „Taoe

239 2973 292 3033 tu,
317 2958 478 3040 Philippe,
511 2982 546 3021 ac
569 2976 620 3022 tua
642 2965 739 3023 studia
762 2985 849 3041 cura,
883 2987 920 3024 ne
943 2988 991 3025 ane
1015 2956 1192 3045 perturba.''
1219 3002 1262 3014 -
1317 2961 1494 3044 Philippum
1515 2965 1638 3029 suasio
1663 2959 1840 3040 disputando
1862 2959 2009 3018 adiuvisse
2032 2962 2096 3038 ipse

239 3074 362 3123 testatus
376 3075 422 3127 est
436 3075 540 3143 postea
555 3069 587 3127 ιιι
604 3087 651 3146 ep.
668 3066 706 3129 ad
721 3062 942 3143 Camerarirun,
969 3088 1060 3149 quam
1079 3066 1148 3129 dedi
1167 3067 1245 3126 inlia
1262 3067 1290 3125 d.
1311 3073 1341 3131 1.
1357 3064 1417 3125 lul.
1438 3065 1545 3131 1550.
1597 3061 1749 3124 Praeterea
1771 3061 1832 3124 vid.
1849 3081 1924 3142 quae
1940 3056 1985 3125 (il.
2001 3058 2095 3120 foer·

239 3160 410 3225 stemannus
424 3165 503 3224 infra
515 3188 546 3246 p·
567 3171 612 3232 88
632 3189 676 3249 sq.
691 3172 723 3228 in
741 3172 874 3248 epistolis
890 3165 963 3228 illel.
980 3190 1015 3228 ea
1030 3168 1066 3228 de
1080 3190 1111 3227 re
1127 3172 1253 3248 scripsit.
1305 3164 1461 3229 Caeterum
1475 3161 1597 3246 Lipsiae
1619 3167 1749 3245 aliquant
1767 3163 1999 3222 familiaritatem
2019 3185 2093 3221 con-

238 3270 424 3327 traxitcum
438 3265 559 3327 Adamo
574 3265 678 3329 lirant
692 3267 870 3350 (Cratone),
904 3291 921 3329 a
944 3291 1005 3353 quo
1027 3291 1216 3351 summopere
1238 3268 1392 3329 laudatum
1413 3264 1604 3330 loachimum
1624 3263 1845 3342 Camerarium,
1872 3269 1925 3347 qni
1950 3278 2021 3324 tuuc
2037 3260 2094 3323 Er-

239 3368 353 3429 fordiae
378 3381 456 3443 erat,
483 3370 614 3445 audivit,
647 3375 705 3447 ita,
738 3385 772 3433 ut
794 3370 971 3433 dlelauthon
993 3369 1195 3434 Carne'rarium
1217 3391 1324 3451 magna
1347 3372 1592 3450 complecteretur
1614 3355 1828 3427 herrevolerltia.
1884 3363 1971 3441 (Post
1997 3370 2093 3426 collo-

119 3493 159 3546 Μ,
237 3474 344 3552 quium
358 3467 518 3553 Philippus
534 3476 634 3533 statim
649 3474 770 3533 rediisse
784 3471 978 3554 Viteborgam
994 3474 1137 3554 videtur.)

115 3579 161 3639 21.
189 3568 293 3632 Narrat
305 3576 338 3632 in
353 3576 480 3653 epistola
493 3573 531 3633 ad
548 3571 817 3657 Oecolampadium
833 3577 906 3659 quid
923 3581 953 3635 in
969 3581 1123 3660 colloquio
1139 3564 1226 3663 Lips.
1241 3587 1341 3643 actum
1357 3578 1404 3636 sit.

116 3679 160 3740 ιι.
189 3670 319 3752 Eckius,
345 3678 502 3756 epistolam
517 3673 589 3736 Mel.
608 3678 646 3737 ad
663 3675 950 3760 Oecolompadium‚
977 3701 1053 3762 quae
1071 3683 1171 3740 statim
1191 3680 1305 3762 prodiit
1322 3681 1405 3759 typis
1429 3680 1594 3759 exscripta,
1621 3693 1706 3753 aegre
1730 3672 1846 3743 ferens,
1873 3667 2018 3751 Philippo
2045 3694 2090 3731 sn-

238 3781 275 3836 tis
291 3779 396 3837 acerbe
412 3777 580 3857 respondet.

104 3867 158 3937 Αυι·
188 3873 255 3939 Eut
269 3876 447 3939 Melanthea
465 3879 700 3955 „defensionem
714 3903 800 3942 anam
814 3897 917 3944 contra
931 3880 1090 3945 Eckium.”
1140 3881 1279 3967 Augetur
1291 3879 1429 3961 Philippi
1446 3878 1628 3959 stipendium
1646 3899 1662 3936 a
1678 3874 1816 3957 Principe
1834 3872 1979 3935 Electore.

187 3976 241 4041 l’er
256 3993 398 4041 aestatem
417 3985 626 4063 interpretatur
640 3987 799 4064 epistolam
813 3982 900 4047 Pauli
914 3986 951 4046 ad
965 3984 1129 4048 Romanos.

106 4080 165 4152 &tl
187 4092 254 4158 Edit
268 4094 402 4159 Lutheri
417 4096 665 4163 commentarium
679 4104 712 4163 in
730 4124 778 4184 ep.
798 4103 836 4161 ad
853 4098 989 4179 Galatas,
1016 4117 1045 4165 et
1064 4103 1214 4185 praefatur
1228 4105 1351 4163 nomine
1368 4098 1493 4162 Ottonis
1508 4092 1660 4157 Germani.

186 4194 301 4261 Eodem
313 4222 418 4263 mense
433 4203 496 4267 edit
510 4203 609 4265 theses
624 4203 660 4264 de
674 4204 732 4265 lide
746 4209 779 4265 in
796 4206 882 4266 rebus
896 4207 1016 4266 divinis.

113 4303 157 4363 19.
187 4296 344 4383 Philippus
361 4317 391 4363 et
407 4299 454 4367 Io.
468 4304 615 4386 Agricola
631 4306 703 4369 lircti
716 4320 786 4367 ιιιιιι
801 4310 982 4369 baccalaurei
997 4313 1029 4367 in
1047 4311 1156 4371 bibliis.

107 4413 160 4471 iar.
187 4414 306 4480 Enarrat
329 4442 432 4481 mense
448 4418 527 4481 Nor.
546 4436 575 4483 et
590 4419 662 4483 Dec.
678 4420 878 4504 Evangelinm
893 4423 1047 4485 Matthaei.
1076 4458 1121 4473 -
1175 4422 1298 4502 Accipit
1323 4441 1432 4481 munus
1456 4418 1607 4500 quoddam
1629 4438 1645 4475 a
1667 4414 1805 4495 Principe
1822 4412 1979 4488 Electore,
2007 4414 2088 4494 quod

234 4535 335 4583 antam
349 4527 438 4606 quale
450 4525 560 4600 luerit,
585 4545 646 4588 nou
662 4538 794 4602 constat,
817 4530 877 4587 nisi
894 4528 975 4609 quod
987 4522 1145 4588 Lutherus
1163 4527 1192 4587 d.
1214 4531 1271 4592 29.
1286 4520 1367 4607 Nov-
1389 4523 1490 4581 scribit
1511 4521 1548 4583 ad
1561 4517 1768 4600 Spoletinum:
1797 4510 1926 4591 „Placet
1941 4513 2087 4597 Philippo

234 4625 408 4687 mandatnm
426 4646 517 4686 esses
535 4623 692 4707 Principe,
719 4641 752 4687 ιιι
767 4638 866 4702 gestet
880 4631 935 4689 sibi
952 4621 1088 4691 donata?
1137 4626 1191 4689 Ad
1213 4628 1271 4687 hoc
1295 4624 1408 4688 dorma
1432 4623 1584 4683 referenda
1605 4635 1648 4681 est
1663 4624 1750 4700 epist.
1765 4616 1837 4680 illel.
1855 4619 1891 4678 ad
1906 4615 2086 4681 Electorern.

109 4752 157 4813 pm
233 4749 323 4809 quam
339 4740 468 4787 exeunte
487 4748 564 4787 anno
583 4730 667 4808 legis.

118 4843 161 4899 ll.
186 4841 276 4905 iltuit
291 4841 480 4904 Schwabelio
497 4845 660 4925 quaedam,
687 4867 763 4928 quae
780 4851 810 4906 in
825 4843 944 4909 Scholls
957 4848 1115 4909 dictaverat
1129 4852 1162 4915 in
1184 4850 1270 4926 epist.
1288 4845 1326 4904 ad
1341 4841 1504 4905 Romanos.

179 4942 252 5033 ¹lidit
271 4946 329 5006 hoc
345 4966 424 5006 anno
439 4941 568 5006 Luciani
585 4952 750 5008 orationem
767 4950 905 5011 adversus
921 4954 1118 5025 calumniam,
1145 4968 1270 5030 eamque
1293 4947 1403 5007 dicavit
1419 4943 1550 5005 Heorico
1566 4939 1657 5005 Birco
1677 4962 1693 5000 a
1710 4938 1829 5001 Duben.

177 5042 249 5109 llloc
263 5069 343 5111 anno
358 5047 504 5134 lohannes
520 5046 626 5121 Koch,
652 5049 916 5130 lleilbronnensis,
943 5054 1167 5113 commendatus
1189 5053 1224 5109 ah
1240 5048 1365 5110 Hieron.
1383 5046 1639 5127 Baumgartnero,
1666 5046 1698 5102 fit
1716 5041 1919 5111 dlelanthonis
1940 5038 2082 5097 famulus.

178 5212 182 5227 ,
229 5165 261 5211 et
275 5170 393 5211 ιιιιιιιιιι
406 5149 465 5209 lide
480 5152 561 5231 apud
576 5173 645 5212 eum
659 5158 768 5221 mansit
783 5175 877 5237 usque
892 5155 929 5215 ad
944 5168 1091 5231 mortem,
1118 5157 1139 5212 i.
1154 5176 1179 5212 e.
1194 5154 1232 5211 ad
1247 5173 1358 5211 annum
1378 5152 1485 5216 1553.

178 5249 251 5333 {Post
267 5255 459 5335 colloquium
473 5247 559 5333 Lips.
583 5259 674 5334 pestis
696 5251 834 5337 Lipsiam
850 5257 982 5340 inrpdit,
1008 5277 1099 5339 qnare
1114 5258 1203 5315 multi
1217 5254 1387 5315 scholastici
1395 5250 1587 5329 Vitebergam
1605 5251 1785 5323 migrarunt,
1807 5246 1883 5303 inter
1901 5262 1976 5323 quos
1994 5241 2082 5296 etiam

176 5372 182 5477 Ι
229 5356 289 5417 fuit
301 5353 426 5432 casm
439 5350 635 5430 (irascimur,
657 5357 860 5421 fidelisssimus
875 5373 978 5442 postea
993 5355 1130 5441 Phihppi
1146 5360 1266 5417 amicus·
