4500 5782
175 212 252 286 679
538 318 547 333 .
742 205 1187 284 EPISTOLARUM
1235 204 1358 331 lillis
1383 205 1452 282 ΙΙΙ.
1507 207 1640 287 1524.
2132 202 2208 287 'tto

175 381 414 484 provehendis
428 384 540 454 literis
555 383 683 454 studio.
733 381 825 452 Nam
844 406 933 476 quae
951 378 1039 451 mihi
1057 384 1167 451 bene·
1220 405 1302 451 nem
1324 382 1521 453 desiderare
1545 399 1692 477 queant.
1745 382 1864 455 Habes
1890 387 1929 455 id
1953 386 2055 479 quod
2074 386 2208 461 videtur

175 488 332 560 volentia
366 486 496 577 magis,
543 510 649 579 quam
681 509 759 553 meo
791 486 910 578 aliquo
940 485 1068 555 merito
1101 484 1168 553 tri·
1219 507 1293 554 esse
1305 478 1372 554 hac
1387 487 1427 554 in
1441 510 1479 556 re
1498 501 1611 578 caput.

169 584 353 683 buunt⁸),
382 588 453 658 nisi
474 588 542 656 sim
566 586 916 678 impudentissimus,
940 610 1015 655 non
1040 610 1165 680 queam
1319 583 1459 658 Deinde
1489 601 1531 658 ut
1554 588 1708 658 maxime
1737 612 1838 659 meus
1866 611 1997 674 essem,
2035 602 2156 661 tamen
2182 603 2212 659 et
2240 632 2244 647 .

176 715 373 786 agnoscere.
425 689 532 778 Quod
552 713 634 758 vero
651 690 694 758 ad
714 684 931 758 invehendas
955 689 993 757 in
1016 686 1166 781 patriam
1219 687 1305 768 tibi,
1330 689 1382 756 mi
1397 687 1848 784 Hieronyme,·videndum
1863 707 1972 777 esset,
1996 704 2041 761 ut
2053 685 2211 783 pulcher

168 795 445 888 'excitandasque
467 792 587 861 literas
607 791 764 860 animum
786 790 980 875 adiiciunt,
999 792 1168 860 videntur
1219 791 1310 879 rimo
1341 792 1441 883 operi
1463 792 1634 862 idoneum
1661 789 1888 863 architectum
1913 797 2151 877 conduceres,
2180 808 2210 861 et

171 921 252 968 uon
273 896 381 966 modo
405 898 448 964 de
470 895 542 964 suis
559 893 715 977 civibus,
743 895 802 962 sed
828 893 871 960 de
891 893 1057 967 universa
1074 890 1167 962 Ger·
1218 887 1326 978 mihi,
1357 916 1402 962 ne
1426 894 1667 964 conditionem
1689 896 1919 987 susciperem,
1947 897 2009 964 cui
2032 896 2128 964 vires
2149 918 2209 963 no·

170 996 296 1070 'mania
312 993 548 1090 pulcherrime
571 995 697 1064 mereri
722 1018 859 1087 cupere.
912 992 1045 1064 Felices
1071 994 1166 1063 enim
1218 1005 1310 1063 strae
1324 1019 1399 1064 non
1413 999 1661 1087 respondeant.
1699 997 1812 1067 Porro
1829 1022 1910 1069 cum
1927 997 2128 1067 existimem
2141 1016 2209 1065 nou

175 1097 431 1192 Respublicae,
465 1099 497 1169 si
516 1097 637 1168 literae
657 1121 779 1167 rursus
802 1098 840 1165 in
864 1096 1020 1167 civitates
1044 1112 1079 1168 et
1100 1091 1167 1165 ho-
1218 1096 1394 1166 trivialem
1424 1098 1580 1192 aliquem
1609 1100 1861 1192 praelectorem
1889 1124 1909 1169 a
1934 1100 2041 1169 vobis
2068 1096 2209 1193 requiri,

175 1200 317 1273 minum
349 1202 496 1271 consilia
528 1215 716 1292 coetusque
746 1213 968 1271 revocantur.
1048 1194 1166 1293 Atque
1217 1201 1280 1267 sed
1296 1200 1588 1286 declamatorem,
1614 1200 1676 1294 qui
1693 1203 1733 1269 in
1754 1204 1880 1271 urbem
1901 1225 2022 1272 secum
2044 1225 2120 1270 non
2143 1225 2209 1268 me-

175 1297 245 1375 hae
263 1303 303 1373 hs
318 1317 417 1375 tanto
430 1302 639 1394 Principum
654 1326 693 1371 ac
708 1298 848 1392 Regum
870 1314 1014 1371 veterno
1041 1300 1167 1369 viden·
1218 1301 1373 1371 diocrem
1391 1316 1528 1373 tantum
1545 1296 1666 1374 earum
1683 1301 1825 1389 artium,
1851 1328 1941 1397 quae
1957 1303 2068 1393 vulgo
2084 1303 2208 1372 docen—

173 1418 236 1479 tur
255 1405 361 1498 plane
381 1428 543 1490 casurae,
568 1404 638 1473 nisi
659 1404 803 1473 urbium
826 1427 893 1497 ope
917 1405 1011 1493 apud
1034 1425 1100 1472 nos
1121 1404 1165 1472 ab
1217 1416 1294 1487 tur,
1319 1405 1592 1495 supellectilem,
1619 1406 1677 1474 sed
1704 1430 1782 1474 eam
1806 1406 1912 1476 etiam
1934 1404 2207 1475 dicendialacul·

173 1506 323 1578 interitu
347 1508 589 1593 vindicentur,
624 1532 694 1600 quo
717 1505 829 1596 magis
857 1506 1091 1576 adnitendum
1115 1518 1165 1575 est
1218 1517 1324 1573 tatem
1340 1507 1493 1591 adferat,
1519 1533 1608 1600 quae
1626 1508 1901 1578 adolescentium
1924 1508 2126 1577 orationem
2139 1508 2207 1573 bn-

104 1601 112 1610 ⁵
171 1610 297 1680 tibiae
319 1610 425 1680 bonis
447 1609 634 1695 omnibus,
660 1608 723 1701 qui
746 1609 784 1677 in
805 1606 956 1677 urbibus
975 1607 1165 1699 imperatis,
1216 1619 1292 1696 gat,
1326 1607 1488 1700 improbe
1512 1613 1680 1695 lacerem,
1712 1610 1744 1679 si
1765 1630 1822 1679 me
1846 1610 1949 1681 vobis
1972 1610 2206 1680 obtruderem

173 1718 215 1782 ut
229 1713 380 1803 optimas
396 1700 602 1804 disciplinas
620 1710 789 1781 tueamini
806 1733 846 1780 ac
867 1711 964 1779 velut
985 1709 1165 1780 exulantes
1216 1706 1307 1777 Nam
1334 1723 1374 1779 ut
1396 1712 1439 1780 de
1467 1713 1684 1792 eruditione,
1719 1712 1763 1780 de
1788 1712 1932 1801 ingenio
1964 1708 2060 1781 nihil
2088 1712 2207 1793 dicam,

175 1817 322 1884 domum
349 1813 537 1888 reducatis.
604 1809 709 1903 Quod
745 1837 830 1907 vero
856 1836 894 1883 ea
926 1812 963 1881 in
990 1835 1027 1881 re
1050 1837 1162 1880 meam
1210 1810 1306 1903 >qliae
1327 1810 1397 1883 sint
1422 1837 1505 1881 sane
1525 1813 1737 1898 mediocria,
1764 1813 1865 1883 siita
1888 1814 2016 1900 vultis,
2042 1825 2138 1882 certe
2155 1835 2208 1901 ge

174 1940 318 2008 operam
349 1916 521 2010 requiris,
561 1915 716 1984 breviter
748 1915 830 2002 tibi,
864 1914 914 1984 mi
938 1913 1164 2009 Hieronymo,
1216 1935 1284 1981 nus
1301 1915 1473 1985 orationis
1489 1930 1627 1986 estnon
1642 1907 1835 1985 admodum
1849 1910 1981 1985 scholis
1997 1915 2100 1998 utile,
2124 1936 2206 2008 quae

172 2011 287 2091 ocidit!
306 2011 553 2111 ἀκκισάμενος
577 2018 815 2107 respondebo:
849 2012 941 2085 nihil
964 2011 1055 2084 mihi
1082 2039 1164 2108 per·
1216 2017 1466 2086 exuberantem
1485 2019 1625 2110 copiam
1635 2031 1671 2087 ct
1687 2017 1855 2107 floridum
1870 2019 2054 2111 quoddam
2069 2015 2208 2085 dicendi

171 2120 258 2190 inde
272 2119 312 2189 in
328 2121 419 2191 votis
435 2143 526 2204 esse,
552 2133 656 2212 atque
674 2119 815 2210 publica
832 2110 947 2190 studia
960 2118 1163 2212 ubicunque
1215 2140 1325 2206 genus
1343 2119 1533 2210 postulant.
1584 2118 1713 2190 Nostra
1730 2143 1814 2189 vero
1837 2119 1952 2190 oratio
1978 2120 2082 2189 exilis
2106 2132 2141 2189 et
2163 2118 2208 2187 ie·

171 2223 332 2314 gentium
357 2222 476 2316 aliqua
500 2245 541 2291 ex
564 2237 660 2312 parte
684 2222 815 2294 iuvare.
877 2218 951 2290 Nec
976 2232 1163 2314 postquam
1216 2218 1301 2289 iuna
1324 2235 1393 2306 est,
1421 2216 1516 2289 nihil
1533 2217 1718 2318 ἀνθηρὸν,
1738 2222 1859 2291 omnia
1881 2234 2051 2313 angusta,
2079 2228 2116 2290 et
2139 2221 2208 2288 sine

94 2367 106 2389 .
170 2323 226 2395 'rei
253 2324 537 2413 magnitudinem
567 2321 764 2414 intelligere
794 2321 910 2414 coepi,
950 2322 1067 2393 destiti
1091 2323 1163 2392 illis
1215 2343 1328 2394 succo.
1390 2320 1491 2392 Misit
1513 2348 1569 2392 me
1596 2348 1746 2416 puerum
1773 2325 1812 2393 in
1837 2323 2031 2395 Saxoniam
2052 2314 2207 2420 Casperio,

170 2449 236 2518 pro
251 2425 348 2494 virili
364 2425 596 2517 patrocinari,
619 2450 734 2519 neque
749 2426 850 2496 vobis
865 2424 904 2492 in
920 2448 957 2494 re
974 2439 1044 2495 tam
1061 2449 1163 2516 prae·
1214 2447 1289 2492 non
1315 2424 1516 2515 intelligens
1534 2450 1644 2512 onus,
1665 2422 1782 2496 nihilo
1804 2428 1917 2515 magis
1940 2424 2146 2518 adpositum
2168 2422 2205 2493 ad

162 2528 266 2597 ¹clara
288 2528 475 2598 defuturus
499 2528 584 2612 sim,
608 2530 716 2598 modo
739 2541 780 2597 ut
801 2551 939 2620 queam.
997 2524 1081 2596 Non
1100 2550 1162 2613 ¹me
1213 2549 1290 2594 rem
1311 2538 1465 2612 tantam,
1491 2553 1598 2621 <pram
1622 2530 1667 2598 ad
1691 2529 1806 2621 lyram
1830 2528 1949 2597 asinos
1971 2528 2088 2614 aiunt.
2140 2524 2204 2597 De»

170 2653 280 2713 uxor,
317 2652 392 2699 non
415 2630 539 2714 amici,
580 2654 654 2700 non
685 2642 849 2722 quaestus
880 2641 1059 2715 moratur,
1090 2653 1161 2722 quo
1213 2626 1355 2699 fuerant
1377 2630 1472 2717 enim
1490 2638 1601 2722 puero
1618 2643 1883 2722 praeceptores,
1916 2640 2088 2723 eramque
2103 2628 2203 2699 'in-e

169 2731 352 2802 minusad
369 2756 432 2801 vos
451 2757 533 2802 mox
553 2732 733 2801 advolem:
768 2729 835 2800 alia
860 2744 961 2817 sunt,
992 2754 1083 2826 quae
1105 2753 1162 2799 me
1213 2742 1370 2800 versatus
1393 2724 1530 2816 schola,
1555 2734 1619 2803 ubi
1636 2732 1784 2824 capitale
1801 2745 1874 2801 erat
1892 2731 2069 2820 attingere
2083 2731 2203 2800 melio·

170 2829 229 2903 hic
243 2834 373 2927 partim
395 2835 559 2924 alligant,
586 2834 714 2924 partim
732 2833 838 2902 etiam
853 2856 872 2903 a
888 2847 957 2903 tam
975 2832 1162 2925 splendida
1216 2831 1411 2907 cesliteras.
1465 2829 1508 2900 ln
1523 2834 1675 2905 Saxonis
1696 2856 1825 2923 magna
1842 2835 1991 2902 varietas
2008 2834 2201 2904 studiorum

169 2936 353 3033 provincia
377 2938 585 3009 absterrent.
642 2932 803 3004 Primum
827 2935 941 3020 enim,
972 2938 1060 3005 dum
1084 2959 1162 3004 mea
1215 2956 1373 3003 meorum
1385 2935 1466 3014 suit,
1483 2949 1517 3006 et
1531 2937 1844 3028 quantulacunque
1862 2949 1913 3005 est
1927 2936 2201 3030 facultas'qusm

170 3061 274 3128 opera
296 3039 347 3107 uti
370 3038 463 3108 volet
480 3036 650 3129 Princeps
662 3030 898 3122 Fridcricus,
923 3062 996 3106 non
1018 3061 1160 3130 possum
1214 3036 1362 3104 assecuti
1384 3059 1522 3122 sumus,
1546 3062 1585 3107 ea
1604 3037 1679 3106 sine
1702 3039 1791 3107 duce
1812 3030 2076 3131 odcocltdaimqr
2097 3037 2202 3108 conti·

75 3132 79 3137 ’
170 3134 255 3208 hinc
278 3134 425 3210 honeste
449 3140 640 3210 discedere.
699 3136 792 3213 Nam
813 3164 893 3209 cum
920 3139 951 3209 is
974 3142 1018 3209 de
1044 3165 1096 3210 me
1115 3140 1161 3208 li-
1214 3136 1275 3226 git.
1298 3134 1403 3207 Nunc
1418 3136 1663 3228 cupiam‘hanc
1678 3162 1865 3232 personam
1878 3162 1998 3209 errore
2012 3150 2201 3233 susceptem

169 3241 388 3311 beralissime
411 3242 558 3313 meritus
580 3241 646 3326 sit,
671 3242 922 3334 praestandum
938 3254 989 3313 est
1007 3240 1160 3312 vicissim
1213 3240 1409 3331 deponere;
1429 3240 1626 3326 vsl--llceat3
1678 3241 1862 3312 ettamen
1891 3240 1978 3309 dum
2009 3243 2200 3331 non2'lllet

170 3337 275 3426 mihi,
300 3367 346 3413 ne
362 3342 449 3435 quid
463 3344 502 3412 in
514 3344 692 3433 ingratum
710 3358 835 3439 putent
850 3342 1060 3415 collocatum
1076 3366 1159 3417 esse.
1213 3363 1356 3431 operam
1390 3334 1455 3426 du,
1486 3350 1545 3415 '‘'ut
1582 3342 1715 3414 virinm
1748 3339 2040 3413 imbecillitatem·
2060 3344 2200 3459 tgooqm

170 3442 294 3538 ltaque
326 3440 417 3513 mihi
445 3469 549 3515 curae
579 3459 646 3532 est,
687 3446 905 3539 persolvere,
949 3471 1023 3516 nou
1051 3444 1159 3516 modo
1212 3436 1320 3513 modo
1350 3441 1521 3529 sarciam,
1558 3458 1593 3515 et
1617 3438 1719 3515 vitiis¹
1741 3443 1830 3513 meis
1860 3445 2025 3529 medear,
2062 3446 2149 3538 qui,
2175 3443 2201 3512 si

170 3558 343 3641 quantum
364 3548 494 3632 debeo,
527 3548 719 3619 sedetiam
745 3564 917 3642 quantum
941 3538 1007 3617 itte'
1026 3546 1095 3617 sibi
1116 3546 1160 3616 de
1211 3542 1453 3630 conditionem
1472 3546 1626 3616 ambiam
1646 3545 1942 3639 splendidiorem,
1966 3546 2199 3618 velle2'videar

168 3671 226 3718 me
243 3648 441 3740 pollicetur.
493 3646 621 3719 Malim
637 3646 800 3744 equidem
818 3650 910 3719 lame
925 3650 1034 3733 mori,
1054 3674 1159 3741 quam
1211 3640 1308 3718 κατὰ
1329 3642 1535 3742 παροιμίαν
1559 3644 1617 3729 die
1643 3640 1878 3743 ἓξαμαρτὲῖν,
1905 3649 2004 3741 quod
2025 3647 2200 3720 aut-stulti

158 3752 216 3821 sb
241 3750 358 3822 officio
382 3751 577 3837 discedere,
606 3753 811 3843 praesertim
825 3775 906 3821 curn
920 3775 999 3822 meo
1018 3765 1159 3842 peccato
1212 3761 1274 3818 aut
1300 3747 1455 3841 improbi
1487 3747 1776 3820 e'tiamhominis
1794 3772 1880 3819 ‘esse
1909 3751 2082 3821 iudicant.
2104 3790 2109 3811 ·.
2132 3746 2202 3820 de

171 3854 291 3923 literas
313 3854 406 3945 ipsas
422 3878 497 3922 non
512 3854 684 3923 mediocri
700 3853 837 3923 invidia
853 3876 1053 3944 gravarem,
1077 3843 1161 3925 ,τότε
1213 3850 1308 3918 enim
1334 3850 1481 3920 omnino
1493 3927 1497 3931 ,
1510 3850 1669 3935 feliciore
1687 3844 1791 3922 vobis
1813 3852 1946 3922 artifice
1967 3856 2201 3946 opti'8·'‚¹·qutffl

171 3948 218 4029 ds'
232 3979 298 4047 μοι
315 3948 427 4048 χάνοι
442 3952 566 4050 εὐρεῖα
580 3951 712 4047 χθών,
738 3980 818 4026 cum
840 3980 967 4046 parum
989 3955 1161 4049 reveritus
1212 3964 1288 4023 nos·
1304 3972 1436 4026 sunms.
1492 3949 1603 4047 Faria
1623 3953 1930 4048 ‘quod'eenditori
1951 3953 2045 4044 leges
2062 3950 2201 4046 prieti-

119 4064 122 4075 '
170 4057 321 4127 videbor
340 4059 545 4146 dignitatem
561 4058 754 4130 literarum.
799 4053 958 4127 -Extrudi
979 4043 1036 4126 md
1055 4050 1160 4126 facile
1213 4053 1337 4146 piunt,
1376 4067 1413 4123 at
1439 4077 1502 4143 ego
1521 4030 1881 4127 bonibirl'dsliclurb
1905 4078 1980 4125 esse
2002 4056 2150 4143 sentio,
2166 4064 2201 4123 ut

171 4160 302 4251 patiar,
328 4176 364 4233 at
382 4157 411 4256 ²)
432 4159 635 4229 missionem
650 4160 806 4248 flagitare
824 4183 898 4230 non
914 4150 1057 4229 videtin
1078 4157 1160 4228 satis
1212 4154 1381 4245 mancipii
1401 4152 1487 4226 v'itia
1512 4156 1551 4226 in
1576 4158 1741 4227 auctione
1761 4158 1867 4227 dicat.
1925 4153 2090 4251 Exposui
2112 4157 2201 4227 euim

172 4261 294 4349 civile,
336 4278 370 4333 et
394 4277 510 4332 tamen
540 4262 644 4331 video
667 4261 730 4331 diu
754 4285 813 4330 me
838 4254 897 4331 hie
921 4256 1064 4330 haerere
1085 4284 1159 4330 non
1212 4258 1300 4352 quid
1320 4257 1360 4325 in
1374 4282 1437 4347 ‘me
1457 4258 1530 4350 ipse
1556 4259 1769 4346 desiderem,
1799 4257 1977 4353 reliquum
2002 4271 2148 4358 estppt
2165 4271 2199 4327 tu

168 4373 284 4456 posse.
347 4359 478 4436 Schola
515 4362 706 4433 collabitur
740 4362 892 4432 subinde
926 4361 1160 4452 migrantibus
1212 4359 1350 4445 videas,
1382 4362 1562 4452 quomodo
1584 4361 1824 4432 satisfacturus
1849 4360 1897 4429 sis
1917 4360 1990 4431 tuis
2009 4361 2147 4431 civibus
2171 4373 2202 4428 et

166 4464 317 4557 „optimis
337 4466 537 4557 quibusque
555 4462 830 4537 professoribus.
887 4458 965 4555 Ego
988 4460 1056 4534 hoc
1080 4488 1161 4556 per-
1211 4460 1366 4553 patriae,
1388 4461 1418 4530 si
1434 4474 1468 4531 te
1483 4475 1673 4552 proxeneta
1686 4462 1794 4534 talem
1805 4456 2201 4546 Rhetorculumhren-

159 4579 278 4660 petuo
297 4567 442 4636 biennio
463 4566 588 4637 sedulo
602 4567 688 4658 egi,-
716 4566 1067 4659 utconstitueretur3
1104 4590 1161 4636 res
1212 4563 1281 4633 tuti
1298 4563 1551 4649 conduxerint,
1577 4588 1684 4657 quam
1703 4564 1770 4634 scis
1786 4586 1859 4633 esse
1882 4562 2201 4659 seminarimtmi·

172 4668 220 4740 ita
234 4664 445 4754 extrahitur,
470 4683 511 4739 ut
525 4690 623 4761 spem
641 4693 783 4739 omnem
801 4662 1066 4741 constituendae
1085 4669 1161 4741 eius
1211 4664 1386 4757 publicae.
1437 4656 1782 4759 ltaque'nonsslfiodo
1799 4654 1952 4736 serritlu
1977 4689 2035 4735 me
2061 4660 2122 4736 bic
2145 4666 2202 4734 de-

172 4770 372 4842 abiecerim.
442 4766 593 4840 Decrevi
632 4783 749 4842 autem
776 4782 1051 4866 quantocunque
1081 4792 1159 4842 meo
1213 4767 1318 4849 tinet,
1356 4766 1418 4836 sed
1446 4768 1661 4838 conscientia
1691 4768 1798 4867 etiam
1824 4766 2080 4855 imbecillitatis
2108 4790 2201 4839 meae

171 4873 330 4966 periculo
344 4874 556 4967 perdurare,
579 4869 777 4947 καὶταῦτα
793 4866 959 4974 ναυάγια
976 4865 1161 4946 nolueris·
1212 4871 1402 4953 absterret,
1428 4894 1499 4962 quo
1515 4870 1633 4940 minus
1649 4862 1794 4962 operam
1807 4890 1923 4940 meam
1940 4856 2202 4941 ven'dile'in'vo-
2236 4942 2240 4948 ἢ

172 4973 283 5062 σθαι,
316 5000 363 5046 ne
384 4999 535 5071 usquam
554 4974 594 5044 in
612 4998 670 5046 me
691 4975 748 5047 vel
767 4974 873 5047 lidem
894 4976 953 5046 vel
975 4976 1162 5067 gratitudi-
1212 4971 1281 5045 bis.
1332 4969 1424 5043 Volo
1442 4985 1560 5043 autem
1583 4985 1618 5041 te
1638 4972 1866 5064 amplissimis
1890 4971 2120 5042 verbismeo
2137 4994 2204 5042 no-

571 5106 574 5111 ·
1211 5073 1310 5149 mine
1326 5071 1473 5146 Senatui
1486 5073 1615 5165 gratias
1631 5098 1752 5165 agere,
1774 5087 1848 5145 tam
1864 5067 2131 5158 honorilicede
2150 5096 2203 5143 me

170 5184 398 5203 ·“““·“··”··“·
1014 5193 1016 5197 ’
1212 5173 1390 5257 sentienti.
1439 5172 1533 5247 Sunt
1551 5175 1645 5249 inter
1661 5175 1882 5248 Professores
1896 5175 2083 5246 literam·
2092 5175 2204 5270 pleri·

220 5250 251 5378 l)
265 5304 324 5362 Lis.
336 5304 385 5359 vt.
399 5304 543 5361 mendam
562 5304 733 5359 adunatur.
927 5312 930 5319 ¹
952 5298 955 5303 '
1213 5300 1284 5373 que
1298 5273 1378 5363 alii,
1402 5277 1566 5372 equibus
1581 5279 1733 5372 optimos
1750 5301 1909 5372 quosque
1930 5277 2087 5370 optarim
2104 5302 2128 5351 a
2143 5302 2205 5348 vo-

220 5407 248 5476 2)
267 5404 326 5462 Lib.
345 5400 394 5462 Vl·
415 5390 565 5461 mendosos
582 5408 641 5459 nd.
1213 5380 1259 5453 lid
1273 5379 1392 5470 seligi,
1417 5374 1510 5451 nihil
1524 5382 1649 5454 attinet
1661 5381 1861 5467 nominare,
1884 5403 1969 5452 mm
1983 5380 2098 5455 norit.
2129 5377 2205 5453 Stis
2225 5451 2230 5461 ,
