<?xml version="1.0" encoding="UTF-8"?>
<!DOCTYPE html PUBLIC "-//W3C//DTD XHTML 1.0 Transitional//EN"
    "http://www.w3.org/TR/xhtml1/DTD/xhtml1-transitional.dtd">
<html xmlns="http://www.w3.org/1999/xhtml" xml:lang="en" lang="en">
 <head>
  <title>
</title>
<meta http-equiv="Content-Type" content="text/html;charset=utf-8" />
  <meta name='ocr-system' content='tesseract 3.04.00' />
  <meta name='ocr-capabilities' content='ocr_page ocr_carea ocr_par ocr_line ocrx_word'/>
</head>
<body>
  <div class='ocr_page' id='page_1' title='image "./corpusreformato07melagoog/corpusreformato07melagoog_0166.png"; bbox 0 0 4500 5782; ppageno 0'>
   <div class='ocr_carea' id='block_1_1' title="bbox 64 236 2100 383">
    <p class='ocr_par' dir='ltr' id='par_1_1' title="bbox 64 236 2100 383">
     <span class='ocr_line' id='line_1_1' title="bbox 64 236 2100 383; baseline 0.008 -68"><span class='ocrx_word' id='word_1_1' title='bbox 64 236 128 315; x_wconf 75' lang='lat'>141</span> <span class='ocrx_word' id='word_1_2' title='bbox 656 238 1093 328; x_wconf 79' lang='lat' dir='ltr'><strong>EPISTOLARUM</strong></span> <span class='ocrx_word' id='word_1_3' title='bbox 1140 251 1249 331; x_wconf 90' lang='lat' dir='ltr'>LlB.</span> <span class='ocrx_word' id='word_1_4' title='bbox 1273 250 1321 328; x_wconf 90' lang='lat'>11.</span> <span class='ocrx_word' id='word_1_5' title='bbox 1375 250 1506 333; x_wconf 78' lang='lat'>1620.</span> <span class='ocrx_word' id='word_1_6' title='bbox 1560 338 1586 383; x_wconf 57' lang='lat'><strong>·</strong></span> <span class='ocrx_word' id='word_1_7' title='bbox 2027 256 2100 331; x_wconf 75' lang='lat'>142</span> 
     </span>
    </p>
   </div>
   <div class='ocr_carea' id='block_1_2' title="bbox 57 412 2156 2471">
    <p class='ocr_par' dir='ltr' id='par_1_2' title="bbox 57 412 2156 2471">
     <span class='ocr_line' id='line_1_2' title="bbox 61 412 2156 523; baseline 0.01 -41"><span class='ocrx_word' id='word_1_8' title='bbox 61 412 313 509; x_wconf 71' lang='lat' dir='ltr'><strong>quaestionum</strong></span> <span class='ocrx_word' id='word_1_9' title='bbox 330 415 526 507; x_wconf 74' lang='lat' dir='ltr'><strong>navigasti,</strong></span> <span class='ocrx_word' id='word_1_10' title='bbox 551 440 648 490; x_wconf 89' lang='lat' dir='ltr'>nnnc</span> <span class='ocrx_word' id='word_1_11' title='bbox 665 434 800 509; x_wconf 91' lang='lat' dir='ltr'>antem,</span> <span class='ocrx_word' id='word_1_12' title='bbox 821 424 921 497; x_wconf 84' lang='lat' dir='ltr'>velut</span> <span class='ocrx_word' id='word_1_13' title='bbox 935 449 954 496; x_wconf 93' lang='lat' dir='ltr'>e</span> <span class='ocrx_word' id='word_1_14' title='bbox 967 450 1059 499; x_wconf 88' lang='lat' dir='ltr'>nau·</span> <span class='ocrx_word' id='word_1_15' title='bbox 1108 450 1266 514; x_wconf 79' lang='lat' dir='ltr'>scenam,</span> <span class='ocrx_word' id='word_1_16' title='bbox 1300 428 1346 497; x_wconf 92' lang='lat' dir='ltr'>ad</span> <span class='ocrx_word' id='word_1_17' title='bbox 1375 422 1529 513; x_wconf 89' lang='lat' dir='ltr'>theatra,</span> <span class='ocrx_word' id='word_1_18' title='bbox 1570 426 1616 496; x_wconf 90' lang='lat' dir='ltr'>ad</span> <span class='ocrx_word' id='word_1_19' title='bbox 1634 428 1804 509; x_wconf 82' lang='lat' dir='ltr'>factiones</span> <span class='ocrx_word' id='word_1_20' title='bbox 1826 442 2098 523; x_wconf 65' lang='lat' dir='ltr'>compararetur,</span> <span class='ocrx_word' id='word_1_21' title='bbox 2148 466 2156 483; x_wconf 51' lang='grc' dir='ltr'><em>ι</em></span> 
     </span>
     <span class='ocr_line' id='line_1_3' title="bbox 61 514 2099 609; baseline 0.01 -25"><span class='ocrx_word' id='word_1_22' title='bbox 61 514 181 607; x_wconf 75' lang='lat' dir='ltr'>hagie·</span> <span class='ocrx_word' id='word_1_23' title='bbox 191 528 377 609; x_wconf 83' lang='lat' dir='ltr'>receptus,</span> <span class='ocrx_word' id='word_1_24' title='bbox 409 520 615 592; x_wconf 89' lang='lat' dir='ltr'>divinarum</span> <span class='ocrx_word' id='word_1_25' title='bbox 640 523 826 597; x_wconf 89' lang='lat' dir='ltr'>literarum</span> <span class='ocrx_word' id='word_1_26' title='bbox 846 528 983 599; x_wconf 89' lang='lat' dir='ltr'>deliciis</span> <span class='ocrx_word' id='word_1_27' title='bbox 1004 554 1060 600; x_wconf 91' lang='lat' dir='ltr'>se-</span> <span class='ocrx_word' id='word_1_28' title='bbox 1107 532 1169 601; x_wconf 91' lang='lat' dir='ltr'>sed</span> <span class='ocrx_word' id='word_1_29' title='bbox 1197 532 1320 601; x_wconf 89' lang='lat' dir='ltr'>eadem</span> <span class='ocrx_word' id='word_1_30' title='bbox 1342 530 1504 601; x_wconf 90' lang='lat' dir='ltr'>omnium</span> <span class='ocrx_word' id='word_1_31' title='bbox 1524 525 1808 601; x_wconf 88' lang='lat' dir='ltr'>Christianorum</span> <span class='ocrx_word' id='word_1_32' title='bbox 1834 546 1932 607; x_wconf 91' lang='lat' dir='ltr'>esset.</span> <span class='ocrx_word' id='word_1_33' title='bbox 1990 528 2099 604; x_wconf 85' lang='lat' dir='ltr'>Chri-</span> 
     </span>
     <span class='ocr_line' id='line_1_4' title="bbox 61 617 2098 727; baseline 0.008 -38"><span class='ocrx_word' id='word_1_34' title='bbox 61 638 166 689; x_wconf 70' lang='grc' dir='ltr'>ωηο</span> <span class='ocrx_word' id='word_1_35' title='bbox 185 619 354 707; x_wconf 65' lang='lat' dir='ltr'>frueris,</span> <span class='ocrx_word' id='word_1_36' title='bbox 371 621 416 691; x_wconf 89' lang='lat' dir='ltr'>de</span> <span class='ocrx_word' id='word_1_37' title='bbox 443 617 611 695; x_wconf 88' lang='lat' dir='ltr'>humanis</span> <span class='ocrx_word' id='word_1_38' title='bbox 633 626 887 701; x_wconf 78' lang='lat' dir='ltr'>traditionibus</span> <span class='ocrx_word' id='word_1_39' title='bbox 912 645 946 703; x_wconf 90' lang='lat' dir='ltr'>et</span> <span class='ocrx_word' id='word_1_40' title='bbox 968 630 1059 702; x_wconf 89' lang='lat' dir='ltr'>ficti·</span> <span class='ocrx_word' id='word_1_41' title='bbox 1107 647 1201 705; x_wconf 90' lang='lat' dir='ltr'>stum</span> <span class='ocrx_word' id='word_1_42' title='bbox 1235 632 1442 727; x_wconf 85' lang='lat' dir='ltr'>profitemur</span> <span class='ocrx_word' id='word_1_43' title='bbox 1479 646 1654 727; x_wconf 85' lang='lat' dir='ltr'>quotquot</span> <span class='ocrx_word' id='word_1_44' title='bbox 1680 634 1755 703; x_wconf 91' lang='lat' dir='ltr'>eius</span> <span class='ocrx_word' id='word_1_45' title='bbox 1782 634 1952 725; x_wconf 89' lang='lat' dir='ltr'>sanguine</span> <span class='ocrx_word' id='word_1_46' title='bbox 1983 636 2098 707; x_wconf 90' lang='lat' dir='ltr'>abluti</span> 
     </span>
     <span class='ocr_line' id='line_1_5' title="bbox 60 714 2098 829; baseline 0.009 -38"><span class='ocrx_word' id='word_1_47' title='bbox 60 720 123 791; x_wconf 81' lang='lat' dir='ltr'>dis</span> <span class='ocrx_word' id='word_1_48' title='bbox 142 714 392 817; x_wconf 70' lang='lat' dir='ltr'>scholis&#39;2qtrid</span> <span class='ocrx_word' id='word_1_49' title='bbox 414 724 548 795; x_wconf 85' lang='lat' dir='ltr'>sentis?</span> <span class='ocrx_word' id='word_1_50' title='bbox 594 726 725 799; x_wconf 85' lang='lat' dir='ltr'>Nonne</span> <span class='ocrx_word' id='word_1_51' title='bbox 739 731 779 799; x_wconf 89' lang='lat' dir='ltr'>in</span> <span class='ocrx_word' id='word_1_52' title='bbox 793 732 864 803; x_wconf 91' lang='lat' dir='ltr'>alio</span> <span class='ocrx_word' id='word_1_53' title='bbox 879 758 976 805; x_wconf 93' lang='lat' dir='ltr'>nunc</span> <span class='ocrx_word' id='word_1_54' title='bbox 992 732 1059 805; x_wconf 89' lang='lat' dir='ltr'>tibi</span> <span class='ocrx_word' id='word_1_55' title='bbox 1107 758 1246 821; x_wconf 89' lang='lat' dir='ltr'>sumus,</span> <span class='ocrx_word' id='word_1_56' title='bbox 1279 760 1393 829; x_wconf 90' lang='lat' dir='ltr'>equo</span> <span class='ocrx_word' id='word_1_57' title='bbox 1416 759 1583 822; x_wconf 90' lang='lat' dir='ltr'>numero,</span> <span class='ocrx_word' id='word_1_58' title='bbox 1617 760 1707 829; x_wconf 91' lang='lat' dir='ltr'>quae</span> <span class='ocrx_word' id='word_1_59' title='bbox 1729 750 1779 806; x_wconf 90' lang='lat' dir='ltr'>est</span> <span class='ocrx_word' id='word_1_60' title='bbox 1801 737 2019 827; x_wconf 85' lang='lat' dir='ltr'>malignitas,¹</span> <span class='ocrx_word' id='word_1_61' title='bbox 2050 738 2098 809; x_wconf 91' lang='lat' dir='ltr'>ab</span> 
     </span>
     <span class='ocr_line' id='line_1_6' title="bbox 60 822 2097 931; baseline 0.008 -39"><span class='ocrx_word' id='word_1_62' title='bbox 60 822 197 895; x_wconf 84' lang='lat' dir='ltr'>mmtdd</span> <span class='ocrx_word' id='word_1_63' title='bbox 220 846 297 894; x_wconf 83' lang='lat' dir='ltr'>esse</span> <span class='ocrx_word' id='word_1_64' title='bbox 319 825 481 897; x_wconf 82' lang='lat' dir='ltr'>videris?¹</span> <span class='ocrx_word' id='word_1_65' title='bbox 511 853 632 900; x_wconf 90' lang='lat' dir='ltr'>nonne</span> <span class='ocrx_word' id='word_1_66' title='bbox 647 833 750 903; x_wconf 89' lang='lat' dir='ltr'>aliter</span> <span class='ocrx_word' id='word_1_67' title='bbox 765 858 862 923; x_wconf 81' lang='lat' dir='ltr'>nunc</span> <span class='ocrx_word' id='word_1_68' title='bbox 878 850 913 908; x_wconf 91' lang='lat' dir='ltr'>te</span> <span class='ocrx_word' id='word_1_69' title='bbox 928 838 1058 909; x_wconf 84' lang='lat' dir='ltr'>format</span> <span class='ocrx_word' id='word_1_70' title='bbox 1107 840 1204 909; x_wconf 90' lang='lat' dir='ltr'>illius</span> <span class='ocrx_word' id='word_1_71' title='bbox 1218 839 1380 909; x_wconf 88' lang='lat' dir='ltr'>doctrina</span> <span class='ocrx_word' id='word_1_72' title='bbox 1397 838 1535 931; x_wconf 90' lang='lat' dir='ltr'>aliquos</span> <span class='ocrx_word' id='word_1_73' title='bbox 1550 838 1690 908; x_wconf 82' lang='lat' dir='ltr'>arcere?</span> <span class='ocrx_word' id='word_1_74' title='bbox 1737 836 1894 907; x_wconf 78' lang='lat' dir='ltr'>Proinde</span> <span class='ocrx_word' id='word_1_75' title='bbox 1916 862 2030 909; x_wconf 90' lang='lat' dir='ltr'>sacras</span> <span class='ocrx_word' id='word_1_76' title='bbox 2050 839 2097 907; x_wconf 92' lang='lat' dir='ltr'>li-</span> 
     </span>
     <span class='ocr_line' id='line_1_7' title="bbox 59 914 2097 1035; baseline 0.007 -38"><span class='ocrx_word' id='word_1_77' title='bbox 59 914 210 997; x_wconf 79' lang='lat' dir='ltr'>Cbrtsu</span> <span class='ocrx_word' id='word_1_78' title='bbox 227 926 392 1019; x_wconf 89' lang='lat' dir='ltr'>spiritus,</span> <span class='ocrx_word' id='word_1_79' title='bbox 430 944 536 1023; x_wconf 91' lang='lat' dir='ltr'>atque</span> <span class='ocrx_word' id='word_1_80' title='bbox 564 932 647 1003; x_wconf 91' lang='lat' dir='ltr'>illae</span> <span class='ocrx_word' id='word_1_81' title='bbox 678 938 860 1030; x_wconf 91' lang='lat' dir='ltr'>qnondam</span> <span class='ocrx_word' id='word_1_82' title='bbox 892 934 1058 1010; x_wconf 82' lang='lat' dir='ltr'>scholae?</span> <span class='ocrx_word' id='word_1_83' title='bbox 1107 957 1198 1012; x_wconf 91' lang='lat' dir='ltr'>teras</span> <span class='ocrx_word' id='word_1_84' title='bbox 1230 957 1264 1013; x_wconf 89' lang='lat' dir='ltr'>et</span> <span class='ocrx_word' id='word_1_85' title='bbox 1291 941 1396 1010; x_wconf 92' lang='lat' dir='ltr'>nobis</span> <span class='ocrx_word' id='word_1_86' title='bbox 1420 954 1568 1013; x_wconf 90' lang='lat' dir='ltr'>tractare</span> <span class='ocrx_word' id='word_1_87' title='bbox 1589 941 1711 1025; x_wconf 90' lang='lat' dir='ltr'>liceat,</span> <span class='ocrx_word' id='word_1_88' title='bbox 1747 941 1810 1033; x_wconf 90' lang='lat' dir='ltr'>qui</span> <span class='ocrx_word' id='word_1_89' title='bbox 1836 940 2097 1035; x_wconf 89' lang='lat' dir='ltr'>qualescunque</span> 
     </span>
     <span class='ocr_line' id='line_1_8' title="bbox 58 1024 2099 1136; baseline 0.009 -40"><span class='ocrx_word' id='word_1_90' title='bbox 58 1024 191 1097; x_wconf 80' lang='lat' dir='ltr'>Nuune</span> <span class='ocrx_word' id='word_1_91' title='bbox 210 1024 478 1102; x_wconf 72' lang='lat' dir='ltr'>Christianismi</span> <span class='ocrx_word' id='word_1_92' title='bbox 509 1046 544 1105; x_wconf 87' lang='lat' dir='ltr'>et</span> <span class='ocrx_word' id='word_1_93' title='bbox 573 1058 751 1108; x_wconf 89' lang='lat' dir='ltr'>sacrarum</span> <span class='ocrx_word' id='word_1_94' title='bbox 771 1040 976 1129; x_wconf 90' lang='lat' dir='ltr'>literarum,</span> <span class='ocrx_word' id='word_1_95' title='bbox 1016 1057 1057 1114; x_wconf 91' lang='lat' dir='ltr'>ut</span> <span class='ocrx_word' id='word_1_96' title='bbox 1107 1044 1243 1129; x_wconf 91' lang='lat' dir='ltr'>sulnus,</span> <span class='ocrx_word' id='word_1_97' title='bbox 1269 1056 1362 1113; x_wconf 90' lang='lat' dir='ltr'>certe</span> <span class='ocrx_word' id='word_1_98' title='bbox 1382 1037 1451 1112; x_wconf 80' lang='lat' dir='ltr'>ltoc</span> <span class='ocrx_word' id='word_1_99' title='bbox 1472 1044 1618 1113; x_wconf 89' lang='lat' dir='ltr'>nemine</span> <span class='ocrx_word' id='word_1_100' title='bbox 1642 1043 1742 1133; x_wconf 81' lang='lat' dir='ltr'>digni</span> <span class='ocrx_word' id='word_1_101' title='bbox 1757 1044 1940 1129; x_wconf 88' lang='lat' dir='ltr'>videmur,</span> <span class='ocrx_word' id='word_1_102' title='bbox 1967 1043 2099 1136; x_wconf 84' lang='lat' dir='ltr'>quibus</span> 
     </span>
     <span class='ocr_line' id='line_1_9' title="bbox 60 1129 2099 1237; baseline 0.009 -40"><span class='ocrx_word' id='word_1_103' title='bbox 60 1129 106 1199; x_wconf 83' lang='lat' dir='ltr'>ita</span> <span class='ocrx_word' id='word_1_104' title='bbox 129 1130 269 1217; x_wconf 89' lang='lat' dir='ltr'>dicam,</span> <span class='ocrx_word' id='word_1_105' title='bbox 293 1133 470 1205; x_wconf 82' lang='lat' dir='ltr'>excidium</span> <span class='ocrx_word' id='word_1_106' title='bbox 491 1137 662 1209; x_wconf 89' lang='lat' dir='ltr'>doctrinis</span> <span class='ocrx_word' id='word_1_107' title='bbox 684 1135 852 1212; x_wconf 90' lang='lat' dir='ltr'>humanis</span> <span class='ocrx_word' id='word_1_108' title='bbox 867 1145 1059 1217; x_wconf 81' lang='lat' dir='ltr'>debemus?</span> <span class='ocrx_word' id='word_1_109' title='bbox 1106 1144 1174 1217; x_wconf 93' lang='lat' dir='ltr'>hoc</span> <span class='ocrx_word' id='word_1_110' title='bbox 1189 1146 1297 1216; x_wconf 91' lang='lat' dir='ltr'>studii</span> <span class='ocrx_word' id='word_1_111' title='bbox 1311 1144 1480 1216; x_wconf 90' lang='lat' dir='ltr'>sublimes</span> <span class='ocrx_word' id='word_1_112' title='bbox 1495 1146 1552 1215; x_wconf 92' lang='lat' dir='ltr'>isti</span> <span class='ocrx_word' id='word_1_113' title='bbox 1568 1144 1732 1235; x_wconf 80' lang='lat' dir='ltr'>Magistri</span> <span class='ocrx_word' id='word_1_114' title='bbox 1747 1146 1860 1217; x_wconf 87' lang='lat' dir='ltr'>nostri</span> <span class='ocrx_word' id='word_1_115' title='bbox 1881 1146 2099 1237; x_wconf 83' lang='lat' dir='ltr'>permittant,</span> 
     </span>
     <span class='ocr_line' id='line_1_10' title="bbox 60 1234 2098 1345; baseline 0.008 -44"><span class='ocrx_word' id='word_1_116' title='bbox 60 1244 196 1325; x_wconf 77' lang='lat' dir='ltr'>quanto</span> <span class='ocrx_word' id='word_1_117' title='bbox 210 1234 501 1331; x_wconf 77' lang='lat' dir='ltr'>·rtrbgis&#39;iis,²&#39;‹p1i</span> <span class='ocrx_word' id='word_1_118' title='bbox 528 1240 671 1333; x_wconf 90' lang='lat' dir='ltr'>quidvis</span> <span class='ocrx_word' id='word_1_119' title='bbox 690 1244 851 1333; x_wconf 83' lang='lat' dir='ltr'>malunt,</span> <span class='ocrx_word' id='word_1_120' title='bbox 877 1272 985 1343; x_wconf 91' lang='lat' dir='ltr'>quam</span> <span class='ocrx_word' id='word_1_121' title='bbox 999 1273 1059 1319; x_wconf 90' lang='lat' dir='ltr'>re-</span> <span class='ocrx_word' id='word_1_122' title='bbox 1106 1249 1204 1345; x_wconf 90' lang='lat' dir='ltr'>quod</span> <span class='ocrx_word' id='word_1_123' title='bbox 1232 1242 1428 1319; x_wconf 87' lang='lat' dir='ltr'>Christiani</span> <span class='ocrx_word' id='word_1_124' title='bbox 1457 1270 1589 1321; x_wconf 91' lang='lat' dir='ltr'>sumus.</span> <span class='ocrx_word' id='word_1_125' title='bbox 1647 1246 1835 1341; x_wconf 76' lang='lat' dir='ltr'>&#39;Nusquam</span> <span class='ocrx_word' id='word_1_126' title='bbox 1865 1272 1939 1317; x_wconf 90' lang='lat' dir='ltr'>non</span> <span class='ocrx_word' id='word_1_127' title='bbox 1974 1248 2098 1318; x_wconf 88' lang='lat' dir='ltr'>sedulo</span> 
     </span>
     <span class='ocr_line' id='line_1_11' title="bbox 59 1333 2099 1443; baseline 0.008 -40"><span class='ocrx_word' id='word_1_128' title='bbox 59 1334 135 1405; x_wconf 84' lang='lat' dir='ltr'>dire&#39;</span> <span class='ocrx_word' id='word_1_129' title='bbox 168 1356 251 1405; x_wconf 85' lang='lat' dir='ltr'>nos·</span> <span class='ocrx_word' id='word_1_130' title='bbox 270 1337 316 1405; x_wconf 89' lang='lat' dir='ltr'>ad</span> <span class='ocrx_word' id='word_1_131' title='bbox 337 1333 552 1430; x_wconf 81' lang='lat' dir='ltr'>Evangelica</span> <span class='ocrx_word' id='word_1_132' title='bbox 582 1344 723 1414; x_wconf 79' lang='lat' dir='ltr'>studia?</span> <span class='ocrx_word' id='word_1_133' title='bbox 780 1344 935 1419; x_wconf 90' lang='lat' dir='ltr'>Divinus</span> <span class='ocrx_word' id='word_1_134' title='bbox 962 1364 1057 1422; x_wconf 90' lang='lat' dir='ltr'>vates</span> <span class='ocrx_word' id='word_1_135' title='bbox 1105 1348 1269 1424; x_wconf 90' lang='lat' dir='ltr'>Christus</span> <span class='ocrx_word' id='word_1_136' title='bbox 1290 1364 1411 1420; x_wconf 90' lang='lat' dir='ltr'>noster</span> <span class='ocrx_word' id='word_1_137' title='bbox 1428 1350 1618 1443; x_wconf 87' lang='lat' dir='ltr'>praecipit,</span> <span class='ocrx_word' id='word_1_138' title='bbox 1644 1374 1778 1421; x_wconf 88' lang='lat' dir='ltr'>summa</span> <span class='ocrx_word' id='word_1_139' title='bbox 1795 1350 1914 1422; x_wconf 88' lang='lat' dir='ltr'>fideet</span> <span class='ocrx_word' id='word_1_140' title='bbox 1931 1351 2099 1419; x_wconf 88' lang='lat' dir='ltr'>curado-</span> 
     </span>
     <span class='ocr_line' id='line_1_12' title="bbox 58 1430 2100 1541; baseline 0.009 -37"><span class='ocrx_word' id='word_1_141' title='bbox 58 1430 210 1506; x_wconf 77' lang='lat' dir='ltr'>Esaiu&#39;s</span> <span class='ocrx_word' id='word_1_142' title='bbox 230 1430 392 1509; x_wconf 73' lang='lat' dir='ltr'>futurum</span> <span class='ocrx_word' id='word_1_143' title='bbox 408 1443 553 1531; x_wconf 86' lang='lat' dir='ltr'>cecinit,</span> <span class='ocrx_word' id='word_1_144' title='bbox 577 1459 618 1516; x_wconf 92' lang='lat' dir='ltr'>ut</span> <span class='ocrx_word' id='word_1_145' title='bbox 636 1447 841 1541; x_wconf 89' lang='lat' dir='ltr'>obsignatus</span> <span class='ocrx_word' id='word_1_146' title='bbox 861 1452 954 1522; x_wconf 90' lang='lat' dir='ltr'>liber</span> <span class='ocrx_word' id='word_1_147' title='bbox 976 1479 1057 1524; x_wconf 91' lang='lat' dir='ltr'>coe·</span> <span class='ocrx_word' id='word_1_148' title='bbox 1107 1454 1257 1526; x_wconf 90' lang='lat' dir='ltr'>ctrinam</span> <span class='ocrx_word' id='word_1_149' title='bbox 1277 1476 1377 1523; x_wconf 88' lang='lat' dir='ltr'>suam</span> <span class='ocrx_word' id='word_1_150' title='bbox 1397 1452 1572 1541; x_wconf 87' lang='lat' dir='ltr'>evolgari,</span> <span class='ocrx_word' id='word_1_151' title='bbox 1597 1454 1745 1522; x_wconf 79' lang='lat' dir='ltr'>devovet</span> <span class='ocrx_word' id='word_1_152' title='bbox 1760 1452 1877 1520; x_wconf 90' lang='lat' dir='ltr'>medis</span> <span class='ocrx_word' id='word_1_153' title='bbox 1891 1453 1990 1522; x_wconf 91' lang='lat' dir='ltr'>dictu</span> <span class='ocrx_word' id='word_1_154' title='bbox 2011 1446 2100 1522; x_wconf 86' lang='lat' dir='ltr'>hor·</span> 
     </span>
     <span class='ocr_line' id='line_1_13' title="bbox 58 1538 2126 1649; baseline 0.01 -42"><span class='ocrx_word' id='word_1_155' title='bbox 58 1538 205 1609; x_wconf 86' lang='lat' dir='ltr'>testium</span> <span class='ocrx_word' id='word_1_156' title='bbox 233 1544 485 1635; x_wconf 85' lang='lat' dir='ltr'>mysteriorum</span> <span class='ocrx_word' id='word_1_157' title='bbox 516 1549 677 1619; x_wconf 91' lang='lat' dir='ltr'>tradatur</span> <span class='ocrx_word' id='word_1_158' title='bbox 706 1552 875 1641; x_wconf 89' lang='lat' dir='ltr'>legendus</span> <span class='ocrx_word' id='word_1_159' title='bbox 899 1554 961 1642; x_wconf 91' lang='lat' dir='ltr'>iis,</span> <span class='ocrx_word' id='word_1_160' title='bbox 993 1556 1057 1649; x_wconf 93' lang='lat' dir='ltr'>qui</span> <span class='ocrx_word' id='word_1_161' title='bbox 1104 1557 1244 1639; x_wconf 77' lang='lat' dir='ltr'>renclis,</span> <span class='ocrx_word' id='word_1_162' title='bbox 1283 1556 1345 1649; x_wconf 89' lang='lat' dir='ltr'>qui</span> <span class='ocrx_word' id='word_1_163' title='bbox 1369 1556 1568 1626; x_wconf 88' lang='lat' dir='ltr'>doctrinam</span> <span class='ocrx_word' id='word_1_164' title='bbox 1598 1578 1698 1625; x_wconf 91' lang='lat' dir='ltr'>suam</span> <span class='ocrx_word' id='word_1_165' title='bbox 1720 1578 1793 1623; x_wconf 93' lang='lat' dir='ltr'>non</span> <span class='ocrx_word' id='word_1_166' title='bbox 1819 1568 1901 1625; x_wconf 88' lang='lat' dir='ltr'>sunt</span> <span class='ocrx_word' id='word_1_167' title='bbox 1928 1554 2126 1628; x_wconf 87' lang='lat' dir='ltr'>audituri..</span> 
     </span>
     <span class='ocr_line' id='line_1_14' title="bbox 59 1640 2099 1749; baseline 0.008 -40"><span class='ocrx_word' id='word_1_168' title='bbox 59 1640 179 1711; x_wconf 87' lang='lat' dir='ltr'>literas</span> <span class='ocrx_word' id='word_1_169' title='bbox 193 1664 272 1712; x_wconf 91' lang='lat' dir='ltr'>non</span> <span class='ocrx_word' id='word_1_170' title='bbox 286 1642 507 1733; x_wconf 90' lang='lat' dir='ltr'>didicerunt,</span> <span class='ocrx_word' id='word_1_171' title='bbox 531 1648 596 1719; x_wconf 92' lang='lat' dir='ltr'>ubi</span> <span class='ocrx_word' id='word_1_172' title='bbox 612 1651 656 1720; x_wconf 91' lang='lat' dir='ltr'>de</span> <span class='ocrx_word' id='word_1_173' title='bbox 674 1654 906 1726; x_wconf 86' lang='lat' dir='ltr'>traditionum</span> <span class='ocrx_word' id='word_1_174' title='bbox 928 1654 1057 1727; x_wconf 92' lang='lat' dir='ltr'>buma-</span> <span class='ocrx_word' id='word_1_175' title='bbox 1106 1658 1207 1749; x_wconf 86' lang='lat' dir='ltr'>Quae</span> <span class='ocrx_word' id='word_1_176' title='bbox 1223 1680 1289 1727; x_wconf 89' lang='lat' dir='ltr'>nes</span> <span class='ocrx_word' id='word_1_177' title='bbox 1305 1656 1396 1727; x_wconf 89' lang='lat' dir='ltr'>ratio</span> <span class='ocrx_word' id='word_1_178' title='bbox 1411 1680 1486 1725; x_wconf 92' lang='lat' dir='ltr'>non</span> <span class='ocrx_word' id='word_1_179' title='bbox 1508 1656 1633 1726; x_wconf 88' lang='lat' dir='ltr'>invitet</span> <span class='ocrx_word' id='word_1_180' title='bbox 1648 1659 1693 1725; x_wconf 91' lang='lat' dir='ltr'>ad</span> <span class='ocrx_word' id='word_1_181' title='bbox 1708 1654 1940 1747; x_wconf 86' lang='lat' dir='ltr'>Evangelieas</span> <span class='ocrx_word' id='word_1_182' title='bbox 1955 1657 2099 1727; x_wconf 80' lang='lat' dir='ltr'>literas?</span> 
     </span>
     <span class='ocr_line' id='line_1_15' title="bbox 57 1744 2097 1857; baseline 0.008 -45"><span class='ocrx_word' id='word_1_183' title='bbox 57 1764 189 1813; x_wconf 86' lang='lat' dir='ltr'>narum</span> <span class='ocrx_word' id='word_1_184' title='bbox 231 1744 437 1817; x_wconf 88' lang='lat' dir='ltr'>doctoribus</span> <span class='ocrx_word' id='word_1_185' title='bbox 473 1750 649 1847; x_wconf 87' lang='lat' dir='ltr'>loquitur:</span> <span class='ocrx_word' id='word_1_186' title='bbox 689 1757 787 1849; x_wconf 91' lang='lat' dir='ltr'>qnod</span> <span class='ocrx_word' id='word_1_187' title='bbox 824 1758 992 1850; x_wconf 88' lang='lat' dir='ltr'>intelligis</span> <span class='ocrx_word' id='word_1_188' title='bbox 1011 1756 1054 1857; x_wconf 78' lang='lat'>²),</span> <span class='ocrx_word' id='word_1_189' title='bbox 1104 1761 1228 1857; x_wconf 80' lang='lat' dir='ltr'>Neque</span> <span class='ocrx_word' id='word_1_190' title='bbox 1248 1784 1333 1829; x_wconf 87' lang='lat' dir='ltr'>vcro</span> <span class='ocrx_word' id='word_1_191' title='bbox 1360 1758 1419 1827; x_wconf 93' lang='lat' dir='ltr'>ille</span> <span class='ocrx_word' id='word_1_192' title='bbox 1442 1752 1631 1828; x_wconf 87' lang='lat' dir='ltr'>homiuum</span> <span class='ocrx_word' id='word_1_193' title='bbox 1651 1759 1880 1845; x_wconf 87' lang='lat' dir='ltr'>traditiones,</span> <span class='ocrx_word' id='word_1_194' title='bbox 1912 1760 1973 1829; x_wconf 91' lang='lat' dir='ltr'>sed</span> <span class='ocrx_word' id='word_1_195' title='bbox 1997 1782 2097 1829; x_wconf 89' lang='lat' dir='ltr'>suam</span> 
     </span>
     <span class='ocr_line' id='line_1_16' title="bbox 58 1851 2099 1957; baseline 0.011 -45"><span class='ocrx_word' id='word_1_196' title='bbox 58 1858 165 1941; x_wconf 84' lang='lat' dir='ltr'>quarn</span> <span class='ocrx_word' id='word_1_197' title='bbox 191 1858 273 1939; x_wconf 87' lang='lat' dir='ltr'>apte</span> <span class='ocrx_word' id='word_1_198' title='bbox 298 1851 448 1942; x_wconf 88' lang='lat' dir='ltr'>quadret</span> <span class='ocrx_word' id='word_1_199' title='bbox 470 1854 516 1922; x_wconf 91' lang='lat' dir='ltr'>ad</span> <span class='ocrx_word' id='word_1_200' title='bbox 539 1869 660 1925; x_wconf 88' lang='lat' dir='ltr'>nostra</span> <span class='ocrx_word' id='word_1_201' title='bbox 691 1870 870 1951; x_wconf 89' lang='lat' dir='ltr'>tempora,</span> <span class='ocrx_word' id='word_1_202' title='bbox 914 1864 1054 1957; x_wconf 90' lang='lat' dir='ltr'>quibus,</span> <span class='ocrx_word' id='word_1_203' title='bbox 1105 1862 1304 1935; x_wconf 90' lang='lat' dir='ltr'>doctrinam</span> <span class='ocrx_word' id='word_1_204' title='bbox 1328 1860 1516 1955; x_wconf 88' lang='lat' dir='ltr'>propagari</span> <span class='ocrx_word' id='word_1_205' title='bbox 1544 1860 1675 1946; x_wconf 85' lang='lat' dir='ltr'>voluit,</span> <span class='ocrx_word' id='word_1_206' title='bbox 1717 1861 1803 1953; x_wconf 88' lang='lat' dir='ltr'>quid</span> <span class='ocrx_word' id='word_1_207' title='bbox 1831 1862 1940 1951; x_wconf 88' lang='lat' dir='ltr'>igitur</span> <span class='ocrx_word' id='word_1_208' title='bbox 1965 1859 2099 1953; x_wconf 90' lang='lat' dir='ltr'>peccati</span> 
     </span>
     <span class='ocr_line' id='line_1_17' title="bbox 59 1941 2099 2058; baseline 0.007 -39"><span class='ocrx_word' id='word_1_209' title='bbox 59 1972 136 2019; x_wconf 84' lang='lat' dir='ltr'>mm</span> <span class='ocrx_word' id='word_1_210' title='bbox 152 1941 324 2019; x_wconf 89' lang='lat' dir='ltr'>humanis</span> <span class='ocrx_word' id='word_1_211' title='bbox 347 1956 554 2025; x_wconf 89' lang='lat' dir='ltr'>commentis</span> <span class='ocrx_word' id='word_1_212' title='bbox 575 1966 715 2029; x_wconf 90' lang='lat' dir='ltr'>tantum</span> <span class='ocrx_word' id='word_1_213' title='bbox 737 1962 924 2051; x_wconf 87' lang='lat' dir='ltr'>tribuitur,</span> <span class='ocrx_word' id='word_1_214' title='bbox 949 1966 1055 2058; x_wconf 90' lang='lat' dir='ltr'>plane</span> <span class='ocrx_word' id='word_1_215' title='bbox 1105 1966 1179 2037; x_wconf 83' lang='lat' dir='ltr'>es&#39;t?</span> <span class='ocrx_word' id='word_1_216' title='bbox 1205 1964 1317 2035; x_wconf 89' lang='lat' dir='ltr'>sicubi</span> <span class='ocrx_word' id='word_1_217' title='bbox 1335 1963 1473 2033; x_wconf 90' lang='lat' dir='ltr'>animos</span> <span class='ocrx_word' id='word_1_218' title='bbox 1494 1976 1633 2034; x_wconf 89' lang='lat' dir='ltr'>nostros</span> <span class='ocrx_word' id='word_1_219' title='bbox 1653 1958 1820 2031; x_wconf 90' lang='lat' dir='ltr'>nonnihil</span> <span class='ocrx_word' id='word_1_220' title='bbox 1845 1988 1865 2032; x_wconf 93' lang='lat' dir='ltr'>a</span> <span class='ocrx_word' id='word_1_221' title='bbox 1889 1963 2099 2035; x_wconf 89' lang='lat' dir='ltr'>commenti-</span> 
     </span>
     <span class='ocr_line' id='line_1_18' title="bbox 58 2051 2097 2150; baseline 0.009 -33"><span class='ocrx_word' id='word_1_222' title='bbox 58 2072 241 2119; x_wconf 87' lang='lat' dir='ltr'>saerarum</span> <span class='ocrx_word' id='word_1_223' title='bbox 265 2051 450 2124; x_wconf 89' lang='lat' dir='ltr'>literarum</span> <span class='ocrx_word' id='word_1_224' title='bbox 476 2060 646 2129; x_wconf 85' lang='lat' dir='ltr'>autoritas</span> <span class='ocrx_word' id='word_1_225' title='bbox 678 2062 828 2134; x_wconf 81' lang='lat' dir='ltr'>extincta</span> <span class='ocrx_word' id='word_1_226' title='bbox 855 2078 916 2140; x_wconf 88' lang='lat' dir='ltr'>est.</span> <span class='ocrx_word' id='word_1_227' title='bbox 980 2064 1055 2145; x_wconf 81' lang='lat' dir='ltr'>En-¹</span> <span class='ocrx_word' id='word_1_228' title='bbox 1105 2054 1160 2139; x_wconf 85' lang='lat' dir='ltr'>cia&#39;¹</span> <span class='ocrx_word' id='word_1_229' title='bbox 1186 2064 1374 2137; x_wconf 90' lang='lat' dir='ltr'>hominum</span> <span class='ocrx_word' id='word_1_230' title='bbox 1394 2065 1570 2135; x_wconf 76' lang='lat' dir='ltr'>eleuterosi</span> <span class='ocrx_word' id='word_1_231' title='bbox 1594 2090 1790 2138; x_wconf 81' lang='lat' dir='ltr'>avocamus.</span> <span class='ocrx_word' id='word_1_232' title='bbox 1849 2062 1945 2150; x_wconf 92' lang='lat' dir='ltr'>Hoc,</span> <span class='ocrx_word' id='word_1_233' title='bbox 1971 2063 2097 2147; x_wconf 68' lang='lat' dir='ltr'>Hecu,</span> 
     </span>
     <span class='ocr_line' id='line_1_19' title="bbox 58 2149 2099 2259; baseline 0.008 -39"><span class='ocrx_word' id='word_1_234' title='bbox 58 2152 146 2245; x_wconf 85' lang='lat' dir='ltr'>plico</span> <span class='ocrx_word' id='word_1_235' title='bbox 164 2149 339 2223; x_wconf 86' lang='lat' dir='ltr'>nonnihil</span> <span class='ocrx_word' id='word_1_236' title='bbox 360 2180 405 2243; x_wconf 62' lang='lat' dir='ltr'>eq</span> <span class='ocrx_word' id='word_1_237' title='bbox 421 2160 674 2233; x_wconf 88' lang='lat' dir='ltr'>traditionibus</span> <span class='ocrx_word' id='word_1_238' title='bbox 696 2160 863 2235; x_wconf 90' lang='lat' dir='ltr'>humanis</span> <span class='ocrx_word' id='word_1_239' title='bbox 884 2170 1054 2255; x_wconf 90' lang='lat' dir='ltr'>animum,</span> <span class='ocrx_word' id='word_1_240' title='bbox 1105 2170 1253 2241; x_wconf 89' lang='lat' dir='ltr'>consilio</span> <span class='ocrx_word' id='word_1_241' title='bbox 1284 2170 1456 2239; x_wconf 88' lang='lat' dir='ltr'>axiomata</span> <span class='ocrx_word' id='word_1_242' title='bbox 1482 2168 1692 2259; x_wconf 88' lang='lat' dir='ltr'>disputanda</span> <span class='ocrx_word' id='word_1_243' title='bbox 1717 2167 1903 2259; x_wconf 86' lang='lat' dir='ltr'>proposui,</span> <span class='ocrx_word' id='word_1_244' title='bbox 1933 2168 2099 2238; x_wconf 76' lang='lat' dir='ltr'>admoni-</span> 
     </span>
     <span class='ocr_line' id='line_1_20' title="bbox 59 2250 2097 2365; baseline 0.008 -42"><span class='ocrx_word' id='word_1_245' title='bbox 59 2255 173 2323; x_wconf 82' lang='lat' dir='ltr'>utvel</span> <span class='ocrx_word' id='word_1_246' title='bbox 194 2250 389 2348; x_wconf 90' lang='lat' dir='ltr'>mihiipsi,</span> <span class='ocrx_word' id='word_1_247' title='bbox 411 2261 442 2329; x_wconf 91' lang='lat' dir='ltr'>si</span> <span class='ocrx_word' id='word_1_248' title='bbox 466 2260 505 2331; x_wconf 91' lang='lat' dir='ltr'>in</span> <span class='ocrx_word' id='word_1_249' title='bbox 528 2262 609 2333; x_wconf 89' lang='lat' dir='ltr'>aliis</span> <span class='ocrx_word' id='word_1_250' title='bbox 632 2266 752 2335; x_wconf 90' lang='lat' dir='ltr'>miuus</span> <span class='ocrx_word' id='word_1_251' title='bbox 774 2272 974 2361; x_wconf 81' lang='lat' dir='ltr'>profecero,</span> <span class='ocrx_word' id='word_1_252' title='bbox 998 2272 1055 2341; x_wconf 88' lang='lat' dir='ltr'>di·</span> <span class='ocrx_word' id='word_1_253' title='bbox 1104 2286 1222 2357; x_wconf 90' lang='lat' dir='ltr'>turus,</span> <span class='ocrx_word' id='word_1_254' title='bbox 1255 2295 1301 2339; x_wconf 93' lang='lat' dir='ltr'>ue</span> <span class='ocrx_word' id='word_1_255' title='bbox 1322 2272 1401 2365; x_wconf 90' lang='lat' dir='ltr'>quis</span> <span class='ocrx_word' id='word_1_256' title='bbox 1422 2270 1583 2355; x_wconf 91' lang='lat' dir='ltr'>aliunde,</span> <span class='ocrx_word' id='word_1_257' title='bbox 1610 2294 1716 2363; x_wconf 89' lang='lat' dir='ltr'>quam</span> <span class='ocrx_word' id='word_1_258' title='bbox 1740 2294 1758 2338; x_wconf 93' lang='lat' dir='ltr'>e</span> <span class='ocrx_word' id='word_1_259' title='bbox 1781 2270 1888 2339; x_wconf 90' lang='lat' dir='ltr'>saeris</span> <span class='ocrx_word' id='word_1_260' title='bbox 1909 2271 2021 2342; x_wconf 87' lang='lat' dir='ltr'>literis</span> <span class='ocrx_word' id='word_1_261' title='bbox 2038 2294 2097 2339; x_wconf 93' lang='lat' dir='ltr'>re-</span> 
     </span>
     <span class='ocr_line' id='line_1_21' title="bbox 60 2356 2097 2471; baseline 0.009 -47"><span class='ocrx_word' id='word_1_262' title='bbox 60 2356 156 2425; x_wconf 81' lang='lat' dir='ltr'>vinas</span> <span class='ocrx_word' id='word_1_263' title='bbox 169 2356 293 2427; x_wconf 87' lang='lat' dir='ltr'>literas</span> <span class='ocrx_word' id='word_1_264' title='bbox 305 2358 481 2432; x_wconf 87' lang='lat' dir='ltr'>efficacius</span> <span class='ocrx_word' id='word_1_265' title='bbox 496 2370 755 2439; x_wconf 85' lang='lat' dir='ltr'>commendem:</span> <span class='ocrx_word' id='word_1_266' title='bbox 782 2373 948 2465; x_wconf 91' lang='lat' dir='ltr'>aquibus</span> <span class='ocrx_word' id='word_1_267' title='bbox 961 2388 1054 2445; x_wconf 91' lang='lat' dir='ltr'>certe</span> <span class='ocrx_word' id='word_1_268' title='bbox 1102 2401 1184 2446; x_wconf 75' lang='lat' dir='ltr'>runa</span> <span class='ocrx_word' id='word_1_269' title='bbox 1205 2398 1383 2443; x_wconf 89' lang='lat' dir='ltr'>sacrarum</span> <span class='ocrx_word' id='word_1_270' title='bbox 1407 2372 1579 2441; x_wconf 73' lang='lat' dir='ltr'>iudicium</span> <span class='ocrx_word' id='word_1_271' title='bbox 1604 2386 1709 2463; x_wconf 87' lang='lat' dir='ltr'>petat.</span> <span class='ocrx_word' id='word_1_272' title='bbox 1761 2370 1870 2441; x_wconf 87' lang='lat' dir='ltr'>Multi</span> <span class='ocrx_word' id='word_1_273' title='bbox 1888 2373 2097 2471; x_wconf 87' lang='lat' dir='ltr'>pontificum</span> 
     </span>
    </p>
   </div>
   <div class='ocr_carea' id='block_1_3' title="bbox 58 2458 2210 2567">
    <p class='ocr_par' dir='ltr' id='par_1_3' title="bbox 58 2458 2210 2567">
     <span class='ocr_line' id='line_1_22' title="bbox 58 2458 2210 2567; baseline 0.009 -40"><span class='ocrx_word' id='word_1_274' title='bbox 58 2458 140 2527; x_wconf 90' lang='lat' dir='ltr'>olim</span> <span class='ocrx_word' id='word_1_275' title='bbox 155 2458 396 2547; x_wconf 85' lang='lat' dir='ltr'>absterrebat,</span> <span class='ocrx_word' id='word_1_276' title='bbox 422 2458 519 2559; x_wconf 87' lang='lat' dir='ltr'>q&#39;uod</span> <span class='ocrx_word' id='word_1_277' title='bbox 535 2469 698 2541; x_wconf 81' lang='lat' dir='ltr'>videbam</span> <span class='ocrx_word' id='word_1_278' title='bbox 711 2496 786 2541; x_wconf 90' lang='lat' dir='ltr'>non</span> <span class='ocrx_word' id='word_1_279' title='bbox 808 2487 880 2543; x_wconf 88' lang='lat' dir='ltr'>tam</span> <span class='ocrx_word' id='word_1_280' title='bbox 899 2476 1053 2567; x_wconf 89' lang='lat' dir='ltr'>probari,</span> <span class='ocrx_word' id='word_1_281' title='bbox 1104 2476 1393 2562; x_wconf 86' lang='lat' dir='ltr'>constitutiones,</span> <span class='ocrx_word' id='word_1_282' title='bbox 1439 2473 1545 2545; x_wconf 90' lang='lat' dir='ltr'>multi</span> <span class='ocrx_word' id='word_1_283' title='bbox 1591 2496 1761 2559; x_wconf 87' lang='lat' dir='ltr'>summas,</span> <span class='ocrx_word' id='word_1_284' title='bbox 1808 2474 1914 2544; x_wconf 90' lang='lat' dir='ltr'>multi</span> <span class='ocrx_word' id='word_1_285' title='bbox 1956 2488 2097 2565; x_wconf 90' lang='lat' dir='ltr'>argutas</span> <span class='ocrx_word' id='word_1_286' title='bbox 2201 2500 2210 2515; x_wconf 85' lang='lat'><strong>·</strong></span> 
     </span>
    </p>
   </div>
   <div class='ocr_carea' id='block_1_4' title="bbox 56 2560 2097 3077">
    <p class='ocr_par' dir='ltr' id='par_1_4' title="bbox 56 2560 2097 3077">
     <span class='ocr_line' id='line_1_23' title="bbox 58 2560 2097 2673; baseline 0.008 -45"><span class='ocrx_word' id='word_1_287' title='bbox 58 2562 150 2653; x_wconf 91' lang='lat' dir='ltr'>qnod</span> <span class='ocrx_word' id='word_1_288' title='bbox 167 2560 268 2653; x_wconf 87' lang='lat' dir='ltr'>ipsae</span> <span class='ocrx_word' id='word_1_289' title='bbox 288 2564 434 2651; x_wconf 82' lang='lat' dir='ltr'>ducent,</span> <span class='ocrx_word' id='word_1_290' title='bbox 460 2590 566 2663; x_wconf 88' lang='lat' dir='ltr'>quatu</span> <span class='ocrx_word' id='word_1_291' title='bbox 583 2572 679 2667; x_wconf 88' lang='lat' dir='ltr'>qu&#39;od</span> <span class='ocrx_word' id='word_1_292' title='bbox 697 2576 823 2665; x_wconf 83' lang='lat' dir='ltr'>vulgus</span> <span class='ocrx_word' id='word_1_293' title='bbox 852 2571 1054 2649; x_wconf 88' lang='lat' dir='ltr'>scholarum</span> <span class='ocrx_word' id='word_1_294' title='bbox 1103 2580 1359 2673; x_wconf 88' lang='lat' dir='ltr'>disputationes</span> <span class='ocrx_word' id='word_1_295' title='bbox 1392 2570 1660 2667; x_wconf 80' lang='lat' dir='ltr'>Tlreologorum</span> <span class='ocrx_word' id='word_1_296' title='bbox 1698 2575 1884 2662; x_wconf 80' lang='lat' dir='ltr'>evolvunt,</span> <span class='ocrx_word' id='word_1_297' title='bbox 1931 2591 1972 2649; x_wconf 93' lang='lat' dir='ltr'>ut</span> <span class='ocrx_word' id='word_1_298' title='bbox 2012 2578 2097 2646; x_wconf 89' lang='lat' dir='ltr'>iude</span> 
     </span>
     <span class='ocr_line' id='line_1_24' title="bbox 58 2663 2096 2779; baseline 0.009 -49"><span class='ocrx_word' id='word_1_299' title='bbox 58 2663 290 2733; x_wconf 77' lang='lat' dir='ltr'>auttascttoli</span> <span class='ocrx_word' id='word_1_300' title='bbox 305 2666 530 2761; x_wconf 78' lang='lat' dir='ltr'>rereperur&#39;at,</span> <span class='ocrx_word' id='word_1_301' title='bbox 557 2682 646 2767; x_wconf 85' lang='lat' dir='ltr'>quos</span> <span class='ocrx_word' id='word_1_302' title='bbox 666 2664 857 2769; x_wconf 84' lang='lat' dir='ltr'>p&#39;alam&#39;est</span> <span class='ocrx_word' id='word_1_303' title='bbox 874 2678 1052 2779; x_wconf 86' lang='lat' dir='ltr'>plerisque</span> <span class='ocrx_word' id='word_1_304' title='bbox 1101 2676 1367 2755; x_wconf 85' lang='lat' dir='ltr'>Christianismi</span> <span class='ocrx_word' id='word_1_305' title='bbox 1385 2681 1535 2749; x_wconf 87' lang='lat' dir='ltr'>sormam</span> <span class='ocrx_word' id='word_1_306' title='bbox 1550 2678 1688 2772; x_wconf 86' lang='lat' dir='ltr'>p&#39;etant:</span> <span class='ocrx_word' id='word_1_307' title='bbox 1713 2703 1827 2773; x_wconf 89' lang='lat' dir='ltr'>neque</span> <span class='ocrx_word' id='word_1_308' title='bbox 1848 2680 1887 2747; x_wconf 92' lang='lat' dir='ltr'>in</span> <span class='ocrx_word' id='word_1_309' title='bbox 1909 2695 1981 2750; x_wconf 88' lang='lat' dir='ltr'>tam</span> <span class='ocrx_word' id='word_1_310' title='bbox 1997 2680 2096 2749; x_wconf 83' lang='lat' dir='ltr'>varia</span> 
     </span>
     <span class='ocr_line' id='line_1_25' title="bbox 58 2756 2095 2881; baseline 0.009 -49"><span class='ocrx_word' id='word_1_311' title='bbox 58 2763 137 2834; x_wconf 84' lang='lat' dir='ltr'>locis</span> <span class='ocrx_word' id='word_1_312' title='bbox 166 2786 188 2834; x_wconf 88' lang='lat' dir='ltr'>a</span> <span class='ocrx_word' id='word_1_313' title='bbox 218 2756 394 2859; x_wconf 56' lang='lat' dir='ltr'>siiiptura</span> <span class='ocrx_word' id='word_1_314' title='bbox 424 2772 621 2850; x_wconf 87' lang='lat' dir='ltr'>dissentire.</span> <span class='ocrx_word' id='word_1_315' title='bbox 689 2774 766 2861; x_wconf 86' lang='lat' dir='ltr'>lam</span> <span class='ocrx_word' id='word_1_316' title='bbox 793 2772 861 2851; x_wconf 90' lang='lat' dir='ltr'>hoc</span> <span class='ocrx_word' id='word_1_317' title='bbox 893 2806 975 2875; x_wconf 91' lang='lat' dir='ltr'>ago,</span> <span class='ocrx_word' id='word_1_318' title='bbox 1012 2798 1054 2855; x_wconf 92' lang='lat' dir='ltr'>ut</span> <span class='ocrx_word' id='word_1_319' title='bbox 1102 2778 1338 2881; x_wconf 68' lang='lat' dir='ltr'>adpositione,</span> <span class='ocrx_word' id='word_1_320' title='bbox 1369 2806 1477 2877; x_wconf 92' lang='lat' dir='ltr'>quam</span> <span class='ocrx_word' id='word_1_321' title='bbox 1499 2782 1582 2851; x_wconf 88' lang='lat' dir='ltr'>solis</span> <span class='ocrx_word' id='word_1_322' title='bbox 1598 2782 1674 2852; x_wconf 89' lang='lat' dir='ltr'>istis</span> <span class='ocrx_word' id='word_1_323' title='bbox 1690 2776 1724 2877; x_wconf 77' lang='lat'>⁸)</span> <span class='ocrx_word' id='word_1_324' title='bbox 1740 2783 1972 2870; x_wconf 82' lang='lat' dir='ltr'>nugatoribus</span> <span class='ocrx_word' id='word_1_325' title='bbox 1992 2775 2095 2851; x_wconf 87' lang='lat' dir='ltr'>theo-</span> 
     </span>
     <span class='ocr_line' id='line_1_26' title="bbox 56 2867 2095 2981; baseline 0.01 -48"><span class='ocrx_word' id='word_1_326' title='bbox 56 2867 217 2937; x_wconf 89' lang='lat' dir='ltr'>omnium</span> <span class='ocrx_word' id='word_1_327' title='bbox 233 2890 358 2941; x_wconf 87' lang='lat' dir='ltr'>rerum</span> <span class='ocrx_word' id='word_1_328' title='bbox 378 2896 557 2947; x_wconf 86' lang='lat' dir='ltr'>sacrarum</span> <span class='ocrx_word' id='word_1_329' title='bbox 577 2878 751 2950; x_wconf 84' lang='lat' dir='ltr'>iudicium</span> <span class='ocrx_word' id='word_1_330' title='bbox 774 2906 793 2950; x_wconf 93' lang='lat' dir='ltr'>e</span> <span class='ocrx_word' id='word_1_331' title='bbox 816 2883 900 2953; x_wconf 91' lang='lat' dir='ltr'>solis</span> <span class='ocrx_word' id='word_1_332' title='bbox 920 2884 1052 2955; x_wconf 87' lang='lat' dir='ltr'>divinis</span> <span class='ocrx_word' id='word_1_333' title='bbox 1102 2887 1237 2981; x_wconf 85' lang='lat' dir='ltr'>legistis</span> <span class='ocrx_word' id='word_1_334' title='bbox 1266 2886 1451 2969; x_wconf 88' lang='lat' dir='ltr'>debemus,</span> <span class='ocrx_word' id='word_1_335' title='bbox 1492 2885 1598 2953; x_wconf 88' lang='lat' dir='ltr'>sacris</span> <span class='ocrx_word' id='word_1_336' title='bbox 1632 2883 1734 2953; x_wconf 89' lang='lat' dir='ltr'>libris</span> <span class='ocrx_word' id='word_1_337' title='bbox 1768 2884 1942 2954; x_wconf 78' lang='lat' dir='ltr'>consulere</span> <span class='ocrx_word' id='word_1_338' title='bbox 1978 2898 2095 2955; x_wconf 90' lang='lat' dir='ltr'>tutum</span> 
     </span>
     <span class='ocr_line' id='line_1_27' title="bbox 57 2966 2094 3077; baseline 0.009 -42"><span class='ocrx_word' id='word_1_339' title='bbox 57 2966 182 3054; x_wconf 87' lang='lat' dir='ltr'>literis,</span> <span class='ocrx_word' id='word_1_340' title='bbox 207 2990 286 3039; x_wconf 89' lang='lat' dir='ltr'>uun</span> <span class='ocrx_word' id='word_1_341' title='bbox 301 2994 343 3041; x_wconf 84' lang='lat' dir='ltr'>ex</span> <span class='ocrx_word' id='word_1_342' title='bbox 357 2968 546 3048; x_wconf 90' lang='lat' dir='ltr'>homiuum</span> <span class='ocrx_word' id='word_1_343' title='bbox 562 2980 700 3072; x_wconf 90' lang='lat' dir='ltr'>placitis</span> <span class='ocrx_word' id='word_1_344' title='bbox 716 2996 866 3077; x_wconf 88' lang='lat' dir='ltr'>petatur.</span> <span class='ocrx_word' id='word_1_345' title='bbox 919 2986 989 3058; x_wconf 86' lang='lat' dir='ltr'>Sua</span> <span class='ocrx_word' id='word_1_346' title='bbox 1006 2989 1051 3058; x_wconf 91' lang='lat' dir='ltr'>sit</span> <span class='ocrx_word' id='word_1_347' title='bbox 1102 2991 1319 3074; x_wconf 88' lang='lat' dir='ltr'>existimant,</span> <span class='ocrx_word' id='word_1_348' title='bbox 1343 2982 1532 3057; x_wconf 90' lang='lat' dir='ltr'>hominum</span> <span class='ocrx_word' id='word_1_349' title='bbox 1548 2986 1755 3057; x_wconf 88' lang='lat' dir='ltr'>commentis</span> <span class='ocrx_word' id='word_1_350' title='bbox 1770 2998 1908 3055; x_wconf 89' lang='lat' dir='ltr'>tantum</span> <span class='ocrx_word' id='word_1_351' title='bbox 1921 2987 2094 3073; x_wconf 87' lang='lat' dir='ltr'>tribuunt,</span> 
     </span>
    </p>
   </div>
   <div class='ocr_carea' id='block_1_5' title="bbox 57 3072 2217 3178">
    <p class='ocr_par' dir='ltr' id='par_1_5' title="bbox 57 3072 2217 3178">
     <span class='ocr_line' id='line_1_28' title="bbox 57 3072 2217 3178; baseline 0.01 -39"><span class='ocrx_word' id='word_1_352' title='bbox 57 3072 225 3141; x_wconf 88' lang='lat' dir='ltr'>autoritas</span> <span class='ocrx_word' id='word_1_353' title='bbox 246 3074 522 3165; x_wconf 88' lang='lat' dir='ltr'>traditionibus,</span> <span class='ocrx_word' id='word_1_354' title='bbox 557 3084 618 3151; x_wconf 90' lang='lat' dir='ltr'>sed</span> <span class='ocrx_word' id='word_1_355' title='bbox 641 3108 751 3178; x_wconf 91' lang='lat' dir='ltr'>penes</span> <span class='ocrx_word' id='word_1_356' title='bbox 773 3078 966 3157; x_wconf 80' lang='lat' dir='ltr'>Christum</span> <span class='ocrx_word' id='word_1_357' title='bbox 991 3094 1050 3159; x_wconf 80' lang='lat' dir='ltr'>ea·</span> <span class='ocrx_word' id='word_1_358' title='bbox 1099 3107 1140 3164; x_wconf 89' lang='lat' dir='ltr'>ut</span> <span class='ocrx_word' id='word_1_359' title='bbox 1153 3093 1199 3162; x_wconf 89' lang='lat' dir='ltr'>ad</span> <span class='ocrx_word' id='word_1_360' title='bbox 1212 3114 1269 3159; x_wconf 90' lang='lat' dir='ltr'>eas</span> <span class='ocrx_word' id='word_1_361' title='bbox 1283 3114 1345 3160; x_wconf 91' lang='lat' dir='ltr'>ceu</span> <span class='ocrx_word' id='word_1_362' title='bbox 1362 3090 1406 3158; x_wconf 91' lang='lat' dir='ltr'>ad</span> <span class='ocrx_word' id='word_1_363' title='bbox 1428 3088 1586 3177; x_wconf 88' lang='lat' dir='ltr'>regulam</span> <span class='ocrx_word' id='word_1_364' title='bbox 1607 3089 1747 3177; x_wconf 81' lang='lat' dir='ltr'>erigant</span> <span class='ocrx_word' id='word_1_365' title='bbox 1770 3099 1804 3156; x_wconf 90' lang='lat' dir='ltr'>et</span> <span class='ocrx_word' id='word_1_366' title='bbox 1824 3111 1939 3157; x_wconf 88' lang='lat' dir='ltr'>sacras</span> <span class='ocrx_word' id='word_1_367' title='bbox 1961 3089 2092 3162; x_wconf 88' lang='lat' dir='ltr'>literas.</span> <span class='ocrx_word' id='word_1_368' title='bbox 2206 3120 2217 3145; x_wconf 71' lang='lat'><em>1</em></span> 
     </span>
    </p>
   </div>
   <div class='ocr_carea' id='block_1_6' title="bbox 10 3172 2093 5232">
    <p class='ocr_par' dir='ltr' id='par_1_6' title="bbox 10 3172 2093 5232">
     <span class='ocr_line' id='line_1_29' title="bbox 57 3172 2092 3287; baseline 0.009 -46"><span class='ocrx_word' id='word_1_369' title='bbox 57 3194 130 3241; x_wconf 87' lang='lat' dir='ltr'>mm</span> <span class='ocrx_word' id='word_1_370' title='bbox 158 3172 339 3245; x_wconf 88' lang='lat' dir='ltr'>iudicium</span> <span class='ocrx_word' id='word_1_371' title='bbox 365 3193 450 3253; x_wconf 87' lang='lat' dir='ltr'>esto.</span> <span class='ocrx_word' id='word_1_372' title='bbox 517 3178 561 3251; x_wconf 95' lang='lat' dir='ltr'>ln</span> <span class='ocrx_word' id='word_1_373' title='bbox 583 3210 653 3278; x_wconf 90' lang='lat' dir='ltr'>quo</span> <span class='ocrx_word' id='word_1_374' title='bbox 675 3188 703 3257; x_wconf 89' lang='lat' dir='ltr'>si</span> <span class='ocrx_word' id='word_1_375' title='bbox 728 3213 824 3274; x_wconf 91' lang='lat' dir='ltr'>erro,</span> <span class='ocrx_word' id='word_1_376' title='bbox 864 3216 1049 3285; x_wconf 90' lang='lat' dir='ltr'>nunquam</span> <span class='ocrx_word' id='word_1_377' title='bbox 1099 3190 1217 3287; x_wconf 81' lang='lat' dir='ltr'>Aque</span> <span class='ocrx_word' id='word_1_378' title='bbox 1233 3214 1370 3277; x_wconf 87' lang='lat' dir='ltr'>errore,</span> <span class='ocrx_word' id='word_1_379' title='bbox 1395 3204 1436 3261; x_wconf 91' lang='lat' dir='ltr'>ut</span> <span class='ocrx_word' id='word_1_380' title='bbox 1453 3189 1510 3259; x_wconf 88' lang='lat' dir='ltr'>vel</span> <span class='ocrx_word' id='word_1_381' title='bbox 1524 3190 1600 3283; x_wconf 89' lang='lat' dir='ltr'>ipse</span> <span class='ocrx_word' id='word_1_382' title='bbox 1613 3215 1670 3261; x_wconf 93' lang='lat' dir='ltr'>me</span> <span class='ocrx_word' id='word_1_383' title='bbox 1688 3189 1852 3277; x_wconf 90' lang='lat' dir='ltr'>liberem,</span> <span class='ocrx_word' id='word_1_384' title='bbox 1876 3214 2001 3260; x_wconf 91' lang='lat' dir='ltr'>censeo</span> <span class='ocrx_word' id='word_1_385' title='bbox 2017 3214 2092 3262; x_wconf 88' lang='lat' dir='ltr'>nen</span> 
     </span>
     <span class='ocr_line' id='line_1_30' title="bbox 57 3276 2093 3389; baseline 0.02 -46"><span class='ocrx_word' id='word_1_386' title='bbox 57 3276 246 3344; x_wconf 75' lang='lat' dir='ltr'>erraverim</span> <span class='ocrx_word' id='word_1_387' title='bbox 262 3278 427 3371; x_wconf 90' lang='lat' dir='ltr'>equidem</span> <span class='ocrx_word' id='word_1_388' title='bbox 440 3277 634 3360; x_wconf 89' lang='lat' dir='ltr'>honestius.</span> <span class='ocrx_word' id='word_1_389' title='bbox 686 3286 758 3361; x_wconf 87' lang='lat' dir='ltr'>Sed</span> <span class='ocrx_word' id='word_1_390' title='bbox 776 3292 820 3360; x_wconf 91' lang='lat' dir='ltr'>iis</span> <span class='ocrx_word' id='word_1_391' title='bbox 840 3307 976 3365; x_wconf 89' lang='lat' dir='ltr'>tantum</span> <span class='ocrx_word' id='word_1_392' title='bbox 994 3318 1050 3364; x_wconf 90' lang='lat' dir='ltr'>er·</span> <span class='ocrx_word' id='word_1_393' title='bbox 1098 3299 1247 3382; x_wconf 85' lang='lat' dir='ltr'>referre,</span> <span class='ocrx_word' id='word_1_394' title='bbox 1281 3291 1312 3363; x_wconf 92' lang='lat' dir='ltr'>si</span> <span class='ocrx_word' id='word_1_395' title='bbox 1338 3293 1417 3389; x_wconf 92' lang='lat' dir='ltr'>quis</span> <span class='ocrx_word' id='word_1_396' title='bbox 1440 3316 1514 3361; x_wconf 94' lang='lat' dir='ltr'>non</span> <span class='ocrx_word' id='word_1_397' title='bbox 1537 3294 1675 3377; x_wconf 83' lang='lat' dir='ltr'>credat,</span> <span class='ocrx_word' id='word_1_398' title='bbox 1707 3292 1779 3361; x_wconf 64' lang='lat' dir='ltr'>nisi</span> <span class='ocrx_word' id='word_1_399' title='bbox 1801 3295 1897 3386; x_wconf 74' lang='lat' dir='ltr'>q1¹⁰tl</span> <span class='ocrx_word' id='word_1_400' title='bbox 1919 3294 2093 3386; x_wconf 65' lang='lat' dir='ltr'>scriplum</span> 
     </span>
     <span class='ocr_line' id='line_1_31' title="bbox 56 3377 2092 3489; baseline 0.01 -45"><span class='ocrx_word' id='word_1_401' title='bbox 56 3398 125 3447; x_wconf 89' lang='lat' dir='ltr'>rare</span> <span class='ocrx_word' id='word_1_402' title='bbox 138 3377 289 3463; x_wconf 77' lang='lat' dir='ltr'>videor,</span> <span class='ocrx_word' id='word_1_403' title='bbox 315 3381 377 3473; x_wconf 93' lang='lat' dir='ltr'>qui</span> <span class='ocrx_word' id='word_1_404' title='bbox 393 3401 532 3475; x_wconf 89' lang='lat' dir='ltr'>praeter</span> <span class='ocrx_word' id='word_1_405' title='bbox 547 3380 854 3465; x_wconf 90' lang='lat' dir='ltr'>bumana-somnia</span> <span class='ocrx_word' id='word_1_406' title='bbox 877 3391 969 3465; x_wconf 90' lang='lat' dir='ltr'>nihil</span> <span class='ocrx_word' id='word_1_407' title='bbox 992 3396 1049 3465; x_wconf 86' lang='lat' dir='ltr'>‹li-</span> <span class='ocrx_word' id='word_1_408' title='bbox 1098 3400 1210 3470; x_wconf 91' lang='lat' dir='ltr'>docet.</span> <span class='ocrx_word' id='word_1_409' title='bbox 1260 3395 1398 3466; x_wconf 90' lang='lat' dir='ltr'>Primas</span> <span class='ocrx_word' id='word_1_410' title='bbox 1421 3396 1539 3489; x_wconf 92' lang='lat' dir='ltr'>itaque</span> <span class='ocrx_word' id='word_1_411' title='bbox 1563 3396 1671 3465; x_wconf 88' lang='lat' dir='ltr'>sacris</span> <span class='ocrx_word' id='word_1_412' title='bbox 1693 3393 1805 3466; x_wconf 88' lang='lat' dir='ltr'>literis</span> <span class='ocrx_word' id='word_1_413' title='bbox 1823 3396 1968 3483; x_wconf 88' lang='lat' dir='ltr'>damus,</span> <span class='ocrx_word' id='word_1_414' title='bbox 1993 3410 2028 3468; x_wconf 90' lang='lat' dir='ltr'>et</span> <span class='ocrx_word' id='word_1_415' title='bbox 2050 3416 2092 3465; x_wconf 79' lang='lat' dir='ltr'>ex</span> 
     </span>
     <span class='ocr_line' id='line_1_32' title="bbox 56 3477 2091 3585; baseline 0.011 -40"><span class='ocrx_word' id='word_1_416' title='bbox 56 3477 234 3565; x_wconf 87' lang='lat' dir='ltr'>dicerunt,</span> <span class='ocrx_word' id='word_1_417' title='bbox 272 3482 404 3575; x_wconf 90' lang='lat' dir='ltr'>quibus</span> <span class='ocrx_word' id='word_1_418' title='bbox 429 3486 572 3558; x_wconf 84' lang='lat' dir='ltr'>divinae</span> <span class='ocrx_word' id='word_1_419' title='bbox 603 3492 724 3563; x_wconf 91' lang='lat' dir='ltr'>literae</span> <span class='ocrx_word' id='word_1_420' title='bbox 751 3482 823 3565; x_wconf 83' lang='lat' dir='ltr'>ndn</span> <span class='ocrx_word' id='word_1_421' title='bbox 847 3493 915 3568; x_wconf 90' lang='lat' dir='ltr'>hoc</span> <span class='ocrx_word' id='word_1_422' title='bbox 940 3500 1048 3585; x_wconf 89' lang='lat' dir='ltr'>olent,</span> <span class='ocrx_word' id='word_1_423' title='bbox 1098 3502 1142 3570; x_wconf 90' lang='lat' dir='ltr'>iis</span> <span class='ocrx_word' id='word_1_424' title='bbox 1163 3522 1344 3571; x_wconf 88' lang='lat' dir='ltr'>censemus</span> <span class='ocrx_word' id='word_1_425' title='bbox 1364 3497 1536 3568; x_wconf 90' lang='lat' dir='ltr'>iudicium</span> <span class='ocrx_word' id='word_1_426' title='bbox 1558 3500 1719 3567; x_wconf 91' lang='lat' dir='ltr'>omnium</span> <span class='ocrx_word' id='word_1_427' title='bbox 1739 3522 1860 3567; x_wconf 87' lang='lat' dir='ltr'>rerum</span> <span class='ocrx_word' id='word_1_428' title='bbox 1883 3499 2091 3571; x_wconf 87' lang='lat' dir='ltr'>ecclesiasti-</span> 
     </span>
     <span class='ocr_line' id='line_1_33' title="bbox 56 3583 2091 3694; baseline 0.011 -44"><span class='ocrx_word' id='word_1_429' title='bbox 56 3583 145 3671; x_wconf 90' lang='lat' dir='ltr'>quud</span> <span class='ocrx_word' id='word_1_430' title='bbox 172 3595 279 3668; x_wconf 87' lang='lat' dir='ltr'>sunt,</span> <span class='ocrx_word' id='word_1_431' title='bbox 310 3587 372 3654; x_wconf 89' lang='lat' dir='ltr'>sed</span> <span class='ocrx_word' id='word_1_432' title='bbox 402 3590 497 3682; x_wconf 90' lang='lat' dir='ltr'>quod</span> <span class='ocrx_word' id='word_1_433' title='bbox 523 3593 568 3663; x_wconf 88' lang='lat' dir='ltr'>ad</span> <span class='ocrx_word' id='word_1_434' title='bbox 591 3618 649 3663; x_wconf 90' lang='lat' dir='ltr'>eas</span> <span class='ocrx_word' id='word_1_435' title='bbox 671 3597 758 3691; x_wconf 89' lang='lat' dir='ltr'>ipsi,</span> <span class='ocrx_word' id='word_1_436' title='bbox 785 3600 904 3692; x_wconf 88' lang='lat' dir='ltr'>pravis</span> <span class='ocrx_word' id='word_1_437' title='bbox 926 3601 1047 3673; x_wconf 85' lang='lat' dir='ltr'>inlecti</span> <span class='ocrx_word' id='word_1_438' title='bbox 1098 3628 1218 3675; x_wconf 92' lang='lat' dir='ltr'>carum</span> <span class='ocrx_word' id='word_1_439' title='bbox 1239 3602 1433 3694; x_wconf 89' lang='lat' dir='ltr'>petendum</span> <span class='ocrx_word' id='word_1_440' title='bbox 1462 3622 1553 3689; x_wconf 88' lang='lat' dir='ltr'>esse,</span> <span class='ocrx_word' id='word_1_441' title='bbox 1590 3602 1647 3669; x_wconf 75' lang='lat' dir='ltr'>rel</span> <span class='ocrx_word' id='word_1_442' title='bbox 1668 3593 1794 3669; x_wconf 83' lang='lat' dir='ltr'>Paulo</span> <span class='ocrx_word' id='word_1_443' title='bbox 1819 3614 1920 3687; x_wconf 90' lang='lat' dir='ltr'>teste,</span> <span class='ocrx_word' id='word_1_444' title='bbox 1983 3602 2019 3669; x_wconf 92' lang='lat' dir='ltr'>ui</span> <span class='ocrx_word' id='word_1_445' title='bbox 2044 3602 2091 3671; x_wconf 89' lang='lat' dir='ltr'>ad</span> 
     </span>
     <span class='ocr_line' id='line_1_34' title="bbox 56 3627 2090 3800; baseline 0.012 -51"><span class='ocrx_word' id='word_1_446' title='bbox 56 3682 300 3772; x_wconf 89' lang='lat' dir='ltr'>opinionibus,</span> <span class='ocrx_word' id='word_1_447' title='bbox 347 3690 523 3767; x_wconf 82' lang='lat' dir='ltr'>adferunt.</span> <span class='ocrx_word' id='word_1_448' title='bbox 592 3692 667 3767; x_wconf 86' lang='lat' dir='ltr'>lam</span> <span class='ocrx_word' id='word_1_449' title='bbox 692 3701 803 3795; x_wconf 92' lang='lat' dir='ltr'>&#39;quale</span> <span class='ocrx_word' id='word_1_450' title='bbox 837 3716 904 3789; x_wconf 88' lang='lat' dir='ltr'>est,</span> <span class='ocrx_word' id='word_1_451' title='bbox 949 3704 1047 3798; x_wconf 85' lang='lat' dir='ltr'>quod</span> <span class='ocrx_word' id='word_1_452' title='bbox 1096 3697 1330 3776; x_wconf 80' lang='lat' dir='ltr'>Timotheum</span> <span class='ocrx_word' id='word_1_453' title='bbox 1358 3702 1531 3789; x_wconf 89' lang='lat' dir='ltr'>scribens,</span> <span class='ocrx_word' id='word_1_454' title='bbox 1572 3698 1802 3800; x_wconf 80' lang='lat' dir='ltr'>Exemplar,</span> <span class='ocrx_word' id='word_1_455' title='bbox 1846 3704 1914 3783; x_wconf 88' lang='lat' dir='ltr'>ait,</span> <span class='ocrx_word' id='word_1_456' title='bbox 1956 3627 2090 3773; x_wconf 79' lang='lat' dir='ltr'>liabeto</span> 
     </span>
     <span class='ocr_line' id='line_1_35' title="bbox 56 3781 2090 3905; baseline 0.011 -51"><span class='ocrx_word' id='word_1_457' title='bbox 56 3781 322 3873; x_wconf 58' lang='lat' dir='ltr'>beraut-auso</span> <span class='ocrx_word' id='word_1_458' title='bbox 339 3790 435 3861; x_wconf 86' lang='lat' dir='ltr'>solos</span> <span class='ocrx_word' id='word_1_459' title='bbox 456 3796 633 3887; x_wconf 86' lang='lat' dir='ltr'>pertinere</span> <span class='ocrx_word' id='word_1_460' title='bbox 656 3794 849 3897; x_wconf 81' lang='lat' dir='ltr'>scripturae</span> <span class='ocrx_word' id='word_1_461' title='bbox 872 3804 1045 3897; x_wconf 84' lang='lat' dir='ltr'>interpre-</span> <span class='ocrx_word' id='word_1_462' title='bbox 1095 3830 1271 3879; x_wconf 86' lang='lat' dir='ltr'>sanorum</span> <span class='ocrx_word' id='word_1_463' title='bbox 1294 3828 1520 3887; x_wconf 79' lang='lat' dir='ltr'>sennonem,</span> <span class='ocrx_word' id='word_1_464' title='bbox 1551 3828 1643 3905; x_wconf 79' lang='lat' dir='ltr'>quos</span> <span class='ocrx_word' id='word_1_465' title='bbox 1667 3830 1692 3873; x_wconf 86' lang='lat' dir='ltr'><em>a</em></span> <span class='ocrx_word' id='word_1_466' title='bbox 1715 3828 1769 3873; x_wconf 86' lang='lat' dir='ltr'>me</span> <span class='ocrx_word' id='word_1_467' title='bbox 1791 3800 1955 3882; x_wconf 58' lang='lat' dir='ltr'>audeam</span> <span class='ocrx_word' id='word_1_468' title='bbox 1991 3806 2090 3877; x_wconf 90' lang='lat' dir='ltr'>iubet</span> 
     </span>
     <span class='ocr_line' id='line_1_36' title="bbox 55 3884 2088 4001; baseline 0.01 -44"><span class='ocrx_word' id='word_1_469' title='bbox 55 3884 576 3983; x_wconf 63' lang='lat' dir='ltr'>ettonem32·tprasi&#39;t·er0&#39;haec</span> <span class='ocrx_word' id='word_1_470' title='bbox 597 3901 645 3971; x_wconf 90' lang='lat' dir='ltr'>ita</span> <span class='ocrx_word' id='word_1_471' title='bbox 664 3889 804 3997; x_wconf 77' lang='lat' dir='ltr'>predita</span> <span class='ocrx_word' id='word_1_472' title='bbox 822 3904 884 3991; x_wconf 88' lang='lat' dir='ltr'>sit,</span> <span class='ocrx_word' id='word_1_473' title='bbox 909 3931 955 3976; x_wconf 92' lang='lat' dir='ltr'>ue</span> <span class='ocrx_word' id='word_1_474' title='bbox 975 3908 1046 3977; x_wconf 89' lang='lat' dir='ltr'>nisi</span> <span class='ocrx_word' id='word_1_475' title='bbox 1096 3898 1229 3981; x_wconf 79' lang='lat' dir='ltr'>sa&#39;e&#39;rain</span> <span class='ocrx_word' id='word_1_476' title='bbox 1255 3906 1464 3979; x_wconf 91' lang='lat' dir='ltr'>Doctrinam</span> <span class='ocrx_word' id='word_1_477' title='bbox 1499 3898 1707 4001; x_wconf 71' lang='lat' dir='ltr'>exemplaris</span> <span class='ocrx_word' id='word_1_478' title='bbox 1741 3921 1773 3977; x_wconf 91' lang='lat' dir='ltr'>et</span> <span class='ocrx_word' id='word_1_479' title='bbox 1801 3896 1983 4001; x_wconf 75' lang='lat' dir='ltr'>archetypi</span> <span class='ocrx_word' id='word_1_480' title='bbox 2010 3907 2088 3977; x_wconf 75' lang='lat' dir='ltr'>rice</span> 
     </span>
     <span class='ocr_line' id='line_1_37' title="bbox 54 3988 2087 4107; baseline 0.012 -53"><span class='ocrx_word' id='word_1_481' title='bbox 54 3988 437 4080; x_wconf 66' lang='lat' dir='ltr'>althrgltlris&#39;&#39;liustris&#39;¹</span> <span class='ocrx_word' id='word_1_482' title='bbox 457 3992 685 4095; x_wconf 70' lang='lat' dir='ltr'>intelligatur.</span> <span class='ocrx_word' id='word_1_483' title='bbox 747 4000 862 4079; x_wconf 79' lang='lat' dir='ltr'>ln&#39;rmo</span> <span class='ocrx_word' id='word_1_484' title='bbox 891 4002 965 4079; x_wconf 88' lang='lat' dir='ltr'>boc&#39;</span> <span class='ocrx_word' id='word_1_485' title='bbox 981 4010 1045 4083; x_wconf 85' lang='lat' dir='ltr'>be·</span> <span class='ocrx_word' id='word_1_486' title='bbox 1095 4006 1183 4083; x_wconf 67' lang='lat' dir='ltr'>es&#39;sei</span> <span class='ocrx_word' id='word_1_487' title='bbox 1212 4000 1358 4107; x_wconf 65' lang='lat' dir='ltr'>icl&#39;quoil</span> <span class='ocrx_word' id='word_1_488' title='bbox 1374 4022 1408 4080; x_wconf 94' lang='lat' dir='ltr'>et</span> <span class='ocrx_word' id='word_1_489' title='bbox 1418 4008 1596 4103; x_wconf 88' lang='lat' dir='ltr'>plerisque</span> <span class='ocrx_word' id='word_1_490' title='bbox 1611 4010 1698 4080; x_wconf 90' lang='lat' dir='ltr'>locis</span> <span class='ocrx_word' id='word_1_491' title='bbox 1714 4010 1891 4083; x_wconf 89' lang='lat' dir='ltr'>admonet.</span> <span class='ocrx_word' id='word_1_492' title='bbox 1935 4006 1984 4078; x_wconf 84' lang='lat' dir='ltr'>At</span> <span class='ocrx_word' id='word_1_493' title='bbox 2000 4034 2087 4078; x_wconf 89' lang='lat' dir='ltr'>con-</span> 
     </span>
     <span class='ocr_line' id='line_1_38' title="bbox 54 4090 2086 4205; baseline 0.011 -47"><span class='ocrx_word' id='word_1_494' title='bbox 54 4090 444 4189; x_wconf 71' lang='lat' dir='ltr'>ttignhs‘tltl&#39;&#39;tpirlttl&#39;s&#39;</span> <span class='ocrx_word' id='word_1_495' title='bbox 459 4104 599 4193; x_wconf 78' lang='lat' dir='ltr'>agebat,</span> <span class='ocrx_word' id='word_1_496' title='bbox 638 4120 678 4177; x_wconf 91' lang='lat' dir='ltr'>ut</span> <span class='ocrx_word' id='word_1_497' title='bbox 707 4110 752 4177; x_wconf 93' lang='lat' dir='ltr'>ab</span> <span class='ocrx_word' id='word_1_498' title='bbox 779 4106 1044 4205; x_wconf 85' lang='lat' dir='ltr'>omnibuspiis</span> <span class='ocrx_word' id='word_1_499' title='bbox 1094 4114 1258 4186; x_wconf 87' lang='lat' dir='ltr'>ciliorum</span> <span class='ocrx_word' id='word_1_500' title='bbox 1278 4112 1466 4182; x_wconf 90' lang='lat' dir='ltr'>auctoritas</span> <span class='ocrx_word' id='word_1_501' title='bbox 1481 4112 1529 4180; x_wconf 92' lang='lat' dir='ltr'>ita</span> <span class='ocrx_word' id='word_1_502' title='bbox 1546 4114 1677 4205; x_wconf 90' lang='lat' dir='ltr'>pendet</span> <span class='ocrx_word' id='word_1_503' title='bbox 1696 4136 1715 4179; x_wconf 93' lang='lat' dir='ltr'>e</span> <span class='ocrx_word' id='word_1_504' title='bbox 1737 4112 1869 4180; x_wconf 74' lang='lat' dir='ltr'>divinis</span> <span class='ocrx_word' id='word_1_505' title='bbox 1891 4110 2021 4196; x_wconf 90' lang='lat' dir='ltr'>literis,</span> <span class='ocrx_word' id='word_1_506' title='bbox 2046 4124 2086 4181; x_wconf 91' lang='lat' dir='ltr'>ut</span> 
     </span>
     <span class='ocr_line' id='line_1_39' title="bbox 52 4194 2085 4308; baseline 0.011 -48"><span class='ocrx_word' id='word_1_507' title='bbox 52 4206 180 4283; x_wconf 78' lang='lat' dir='ltr'>&lt;panto</span> <span class='ocrx_word' id='word_1_508' title='bbox 196 4194 349 4269; x_wconf 83' lang='lat' dir='ltr'>tltlnimo</span> <span class='ocrx_word' id='word_1_509' title='bbox 363 4204 510 4291; x_wconf 80' lang='lat' dir='ltr'>negocio</span> <span class='ocrx_word' id='word_1_510' title='bbox 525 4205 792 4299; x_wconf 89' lang='lat' dir='ltr'>intelligeretur.</span> <span class='ocrx_word' id='word_1_511' title='bbox 844 4212 985 4303; x_wconf 84' lang='lat' dir='ltr'>Quaeso</span> <span class='ocrx_word' id='word_1_512' title='bbox 999 4228 1044 4301; x_wconf 90' lang='lat' dir='ltr'>te,</span> <span class='ocrx_word' id='word_1_513' title='bbox 1094 4230 1215 4289; x_wconf 90' lang='lat' dir='ltr'>contra</span> <span class='ocrx_word' id='word_1_514' title='bbox 1240 4239 1297 4285; x_wconf 88' lang='lat' dir='ltr'>eas</span> <span class='ocrx_word' id='word_1_515' title='bbox 1317 4238 1392 4283; x_wconf 90' lang='lat' dir='ltr'>nen</span> <span class='ocrx_word' id='word_1_516' title='bbox 1416 4213 1519 4283; x_wconf 91' lang='lat' dir='ltr'>liceat</span> <span class='ocrx_word' id='word_1_517' title='bbox 1544 4214 1738 4308; x_wconf 88' lang='lat' dir='ltr'>quidquam</span> <span class='ocrx_word' id='word_1_518' title='bbox 1763 4216 1961 4288; x_wconf 87' lang='lat' dir='ltr'>decernere.</span> <span class='ocrx_word' id='word_1_519' title='bbox 2025 4212 2085 4285; x_wconf 88' lang='lat' dir='ltr'>Sic</span> 
     </span>
     <span class='ocr_line' id='line_1_40' title="bbox 52 4296 2086 4415; baseline 0.012 -54"><span class='ocrx_word' id='word_1_520' title='bbox 52 4314 88 4361; x_wconf 87' lang='lat' dir='ltr'>ne</span> <span class='ocrx_word' id='word_1_521' title='bbox 109 4296 297 4387; x_wconf 80' lang='lat' dir='ltr'>patiamur</span> <span class='ocrx_word' id='word_1_522' title='bbox 316 4324 357 4369; x_wconf 78' lang='lat' dir='ltr'>ex</span> <span class='ocrx_word' id='word_1_523' title='bbox 378 4302 513 4374; x_wconf 91' lang='lat' dir='ltr'>divinis</span> <span class='ocrx_word' id='word_1_524' title='bbox 535 4306 647 4379; x_wconf 92' lang='lat' dir='ltr'>literis</span> <span class='ocrx_word' id='word_1_525' title='bbox 668 4304 842 4409; x_wconf 79' lang='lat' dir='ltr'>Aegyptia</span> <span class='ocrx_word' id='word_1_526' title='bbox 864 4308 1044 4411; x_wconf 82' lang='lat' dir='ltr'>hierogly-</span> <span class='ocrx_word' id='word_1_527' title='bbox 1093 4320 1189 4389; x_wconf 90' lang='lat' dir='ltr'>enim</span> <span class='ocrx_word' id='word_1_528' title='bbox 1204 4310 1350 4387; x_wconf 84' lang='lat' dir='ltr'>Paulus</span> <span class='ocrx_word' id='word_1_529' title='bbox 1367 4308 1539 4385; x_wconf 62' lang='lat' dir='ltr'>Galate.-</span> <span class='ocrx_word' id='word_1_530' title='bbox 1563 4311 1613 4385; x_wconf 91' lang='lat' dir='ltr'>Si</span> <span class='ocrx_word' id='word_1_531' title='bbox 1623 4316 1708 4415; x_wconf 79' lang='lat' dir='ltr'>quis</span> <span class='ocrx_word' id='word_1_532' title='bbox 1732 4312 1832 4383; x_wconf 77' lang='lat' dir='ltr'>cobis</span> <span class='ocrx_word' id='word_1_533' title='bbox 1852 4310 2086 4409; x_wconf 72' lang='lat' dir='ltr'>evangelisa-</span> 
     </span>
     <span class='ocr_line' id='line_1_41' title="bbox 49 4388 2083 4518; baseline 0.015 -55"><span class='ocrx_word' id='word_1_534' title='bbox 49 4388 114 4482; x_wconf 82' lang='lat' dir='ltr'>phu</span> <span class='ocrx_word' id='word_1_535' title='bbox 134 4397 229 4471; x_wconf 80' lang='lat' dir='ltr'>fiert·</span> <span class='ocrx_word' id='word_1_536' title='bbox 279 4397 453 4495; x_wconf 80' lang='lat' dir='ltr'>Delbpsus</span> <span class='ocrx_word' id='word_1_537' title='bbox 475 4421 526 4478; x_wconf 89' lang='lat' dir='ltr'>est</span> <span class='ocrx_word' id='word_1_538' title='bbox 549 4410 588 4478; x_wconf 92' lang='lat' dir='ltr'>in</span> <span class='ocrx_word' id='word_1_539' title='bbox 611 4437 752 4483; x_wconf 90' lang='lat' dir='ltr'>carnem</span> <span class='ocrx_word' id='word_1_540' title='bbox 778 4416 835 4485; x_wconf 90' lang='lat' dir='ltr'>dei</span> <span class='ocrx_word' id='word_1_541' title='bbox 860 4416 972 4503; x_wconf 88' lang='lat' dir='ltr'>lilius,</span> <span class='ocrx_word' id='word_1_542' title='bbox 996 4440 1041 4489; x_wconf 92' lang='lat' dir='ltr'>ne</span> <span class='ocrx_word' id='word_1_543' title='bbox 1093 4419 1182 4492; x_wconf 80' lang='lat' dir='ltr'>ecrit</span> <span class='ocrx_word' id='word_1_544' title='bbox 1201 4426 1346 4518; x_wconf 81' lang='lat' dir='ltr'>praeter</span> <span class='ocrx_word' id='word_1_545' title='bbox 1369 4410 1414 4487; x_wconf 78' lang='lat' dir='ltr'>id</span> <span class='ocrx_word' id='word_1_546' title='bbox 1428 4410 1531 4515; x_wconf 81' lang='lat' dir='ltr'>quod</span> <span class='ocrx_word' id='word_1_547' title='bbox 1552 4414 1758 4515; x_wconf 81' lang='lat' dir='ltr'>accepistis,</span> <span class='ocrx_word' id='word_1_548' title='bbox 1792 4408 2083 4493; x_wconf 72' lang='lat' dir='ltr'>anathemaret.</span> 
     </span>
     <span class='ocr_line' id='line_1_42' title="bbox 10 4493 2083 4615; baseline 0.015 -52"><span class='ocrx_word' id='word_1_549' title='bbox 10 4568 14 4573; x_wconf 70' lang='grc'><strong>,</strong></span> <span class='ocrx_word' id='word_1_550' title='bbox 51 4493 288 4585; x_wconf 71' lang='lat' dir='ltr'>ignoraretur,</span> <span class='ocrx_word' id='word_1_551' title='bbox 317 4502 468 4598; x_wconf 78' lang='lat' dir='ltr'>¹quanto</span> <span class='ocrx_word' id='word_1_552' title='bbox 494 4511 700 4609; x_wconf 84' lang='lat' dir='ltr'>magis&#39;per</span> <span class='ocrx_word' id='word_1_553' title='bbox 728 4515 847 4588; x_wconf 89' lang='lat' dir='ltr'>literas</span> <span class='ocrx_word' id='word_1_554' title='bbox 879 4520 1042 4610; x_wconf 89' lang='lat' dir='ltr'>cognosci</span> <span class='ocrx_word' id='word_1_555' title='bbox 1075 4522 1248 4610; x_wconf 78' lang='lat' dir='ltr'>Deinde,</span> <span class='ocrx_word' id='word_1_556' title='bbox 1288 4520 1355 4589; x_wconf 87' lang='lat' dir='ltr'>nisi</span> <span class='ocrx_word' id='word_1_557' title='bbox 1380 4522 1475 4615; x_wconf 91' lang='lat' dir='ltr'>qnod</span> <span class='ocrx_word' id='word_1_558' title='bbox 1496 4520 1673 4592; x_wconf 83' lang='lat' dir='ltr'>decretum</span> <span class='ocrx_word' id='word_1_559' title='bbox 1699 4533 1765 4606; x_wconf 90' lang='lat' dir='ltr'>est,</span> <span class='ocrx_word' id='word_1_560' title='bbox 1799 4521 1843 4591; x_wconf 90' lang='lat' dir='ltr'>ad</span> <span class='ocrx_word' id='word_1_561' title='bbox 1874 4522 2083 4615; x_wconf 84' lang='lat' dir='ltr'>scripturam</span> 
     </span>
     <span class='ocr_line' id='line_1_43' title="bbox 51 4598 2082 4719; baseline 0.014 -53"><span class='ocrx_word' id='word_1_562' title='bbox 51 4598 306 4695; x_wconf 53' lang='lat' dir='ltr'>votottfquas</span> <span class='ocrx_word' id='word_1_563' title='bbox 328 4626 392 4679; x_wconf 88' lang='lat' dir='ltr'>eeu</span> <span class='ocrx_word' id='word_1_564' title='bbox 410 4608 560 4701; x_wconf 86' lang='lat' dir='ltr'>effigiem</span> <span class='ocrx_word' id='word_1_565' title='bbox 584 4615 637 4684; x_wconf 90' lang='lat' dir='ltr'>sui</span> <span class='ocrx_word' id='word_1_566' title='bbox 659 4634 829 4712; x_wconf 80' lang='lat' dir='ltr'>perpetuo</span> <span class='ocrx_word' id='word_1_567' title='bbox 847 4620 1041 4693; x_wconf 85' lang='lat' dir='ltr'>¹duraturas</span> <span class='ocrx_word' id='word_1_568' title='bbox 1092 4622 1182 4718; x_wconf 84' lang='lat' dir='ltr'>exigi</span> <span class='ocrx_word' id='word_1_569' title='bbox 1199 4634 1331 4719; x_wconf 90' lang='lat' dir='ltr'>potest,</span> <span class='ocrx_word' id='word_1_570' title='bbox 1356 4622 1513 4692; x_wconf 88' lang='lat' dir='ltr'>incertis</span> <span class='ocrx_word' id='word_1_571' title='bbox 1531 4624 1624 4709; x_wconf 81' lang='lat' dir='ltr'>etde</span> <span class='ocrx_word' id='word_1_572' title='bbox 1640 4622 1770 4717; x_wconf 89' lang='lat' dir='ltr'>quibus</span> <span class='ocrx_word' id='word_1_573' title='bbox 1784 4622 1913 4713; x_wconf 90' lang='lat' dir='ltr'>ambigi</span> <span class='ocrx_word' id='word_1_574' title='bbox 1931 4648 2004 4694; x_wconf 91' lang='lat' dir='ltr'>non</span> <span class='ocrx_word' id='word_1_575' title='bbox 2019 4624 2082 4693; x_wconf 89' lang='lat' dir='ltr'>de-</span> 
     </span>
     <span class='ocr_line' id='line_1_44' title="bbox 51 4702 2081 4821; baseline 0.013 -54"><span class='ocrx_word' id='word_1_576' title='bbox 51 4702 329 4801; x_wconf 71' lang='lat' dir='ltr'>nubitutliquit.</span> <span class='ocrx_word' id='word_1_577' title='bbox 365 4706 507 4813; x_wconf 63' lang='lat' dir='ltr'>Quid,</span> <span class='ocrx_word' id='word_1_578' title='bbox 542 4720 639 4811; x_wconf 90' lang='lat' dir='ltr'>quod</span> <span class='ocrx_word' id='word_1_579' title='bbox 659 4744 698 4789; x_wconf 92' lang='lat' dir='ltr'>ea</span> <span class='ocrx_word' id='word_1_580' title='bbox 719 4722 912 4814; x_wconf 82' lang='lat' dir='ltr'>scripturae</span> <span class='ocrx_word' id='word_1_581' title='bbox 936 4749 1040 4809; x_wconf 60' lang='lat' dir='ltr'>enar7</span> <span class='ocrx_word' id='word_1_582' title='bbox 1090 4732 1188 4813; x_wconf 93' lang='lat' dir='ltr'>beat,</span> <span class='ocrx_word' id='word_1_583' title='bbox 1212 4751 1286 4799; x_wconf 92' lang='lat' dir='ltr'>non</span> <span class='ocrx_word' id='word_1_584' title='bbox 1307 4725 1450 4817; x_wconf 88' lang='lat' dir='ltr'>recipio.</span> <span class='ocrx_word' id='word_1_585' title='bbox 1481 4716 1621 4795; x_wconf 73' lang='lat' dir='ltr'>&#39;Err&#39;or</span> <span class='ocrx_word' id='word_1_586' title='bbox 1638 4740 1704 4811; x_wconf 92' lang='lat' dir='ltr'>est,</span> <span class='ocrx_word' id='word_1_587' title='bbox 1731 4728 1828 4821; x_wconf 92' lang='lat' dir='ltr'>quod</span> <span class='ocrx_word' id='word_1_588' title='bbox 1849 4740 1971 4796; x_wconf 86' lang='lat' dir='ltr'>centra</span> <span class='ocrx_word' id='word_1_589' title='bbox 1994 4724 2081 4795; x_wconf 87' lang='lat' dir='ltr'>seri-</span> 
     </span>
     <span class='ocr_line' id='line_1_45' title="bbox 50 4803 2080 4926; baseline 0.011 -54"><span class='ocrx_word' id='word_1_590' title='bbox 50 4803 143 4889; x_wconf 79' lang='lat' dir='ltr'>utto,</span> <span class='ocrx_word' id='word_1_591' title='bbox 168 4806 435 4899; x_wconf 81' lang='lat' dir='ltr'>qnamiactant,</span> <span class='ocrx_word' id='word_1_592' title='bbox 458 4814 551 4888; x_wconf 89' lang='lat' dir='ltr'>intra</span> <span class='ocrx_word' id='word_1_593' title='bbox 567 4844 681 4891; x_wconf 91' lang='lat' dir='ltr'>annos</span> <span class='ocrx_word' id='word_1_594' title='bbox 694 4824 850 4917; x_wconf 90' lang='lat' dir='ltr'>primum</span> <span class='ocrx_word' id='word_1_595' title='bbox 894 4828 1040 4897; x_wconf 89' lang='lat' dir='ltr'>uadrin-</span> <span class='ocrx_word' id='word_1_596' title='bbox 1089 4845 1231 4926; x_wconf 85' lang='lat' dir='ltr'>pteram</span> <span class='ocrx_word' id='word_1_597' title='bbox 1247 4830 1426 4899; x_wconf 90' lang='lat' dir='ltr'>decretum</span> <span class='ocrx_word' id='word_1_598' title='bbox 1443 4838 1511 4912; x_wconf 89' lang='lat' dir='ltr'>est;</span> <span class='ocrx_word' id='word_1_599' title='bbox 1539 4822 1758 4919; x_wconf 81' lang='lat' dir='ltr'>Ambiguum</span> <span class='ocrx_word' id='word_1_600' title='bbox 1779 4842 1850 4913; x_wconf 90' lang='lat' dir='ltr'>est,</span> <span class='ocrx_word' id='word_1_601' title='bbox 1875 4829 1970 4923; x_wconf 91' lang='lat' dir='ltr'>quod</span> <span class='ocrx_word' id='word_1_602' title='bbox 1993 4828 2080 4896; x_wconf 89' lang='lat' dir='ltr'>scri·</span> 
     </span>
     <span class='ocr_line' id='line_1_46' title="bbox 51 4852 2079 5027; baseline 0.011 -51"><span class='ocrx_word' id='word_1_603' title='bbox 51 4918 165 4989; x_wconf 70' lang='lat' dir='ltr'>sentus</span> <span class='ocrx_word' id='word_1_604' title='bbox 180 4920 268 4978; x_wconf 85' lang='lat' dir='ltr'>nata</span> <span class='ocrx_word' id='word_1_605' title='bbox 284 4926 352 4997; x_wconf 87' lang='lat' dir='ltr'>est,</span> <span class='ocrx_word' id='word_1_606' title='bbox 378 4928 460 4985; x_wconf 90' lang='lat' dir='ltr'>ante</span> <span class='ocrx_word' id='word_1_607' title='bbox 477 4917 514 5013; x_wconf 85' lang='lat' dir='ltr'>id</span> <span class='ocrx_word' id='word_1_608' title='bbox 532 4932 686 5015; x_wconf 89' lang='lat' dir='ltr'>tempus,</span> <span class='ocrx_word' id='word_1_609' title='bbox 714 4852 970 5019; x_wconf 58' lang='lat' dir='ltr'>qreaes0‚(l1aec</span> <span class='ocrx_word' id='word_1_610' title='bbox 993 4930 1038 4999; x_wconf 90' lang='lat' dir='ltr'>ad</span> <span class='ocrx_word' id='word_1_611' title='bbox 1087 4947 1191 5027; x_wconf 91' lang='lat' dir='ltr'>ptura</span> <span class='ocrx_word' id='word_1_612' title='bbox 1205 4958 1280 5003; x_wconf 94' lang='lat' dir='ltr'>non</span> <span class='ocrx_word' id='word_1_613' title='bbox 1296 4929 1516 5013; x_wconf 88' lang='lat' dir='ltr'>communiit,</span> <span class='ocrx_word' id='word_1_614' title='bbox 1538 4926 1772 5002; x_wconf 88' lang='lat' dir='ltr'>utPeecatum</span> <span class='ocrx_word' id='word_1_615' title='bbox 1790 4944 1850 5017; x_wconf 83' lang='lat' dir='ltr'>est,</span> <span class='ocrx_word' id='word_1_616' title='bbox 1874 4930 1969 5023; x_wconf 90' lang='lat' dir='ltr'>quod</span> <span class='ocrx_word' id='word_1_617' title='bbox 1993 4952 2079 5025; x_wconf 53' lang='lat' dir='ltr'>cort:</span> 
     </span>
     <span class='ocr_line' id='line_1_47' title="bbox 51 5009 2078 5127; baseline 0.013 -51"><span class='ocrx_word' id='word_1_618' title='bbox 51 5026 129 5095; x_wconf 80' lang='lat' dir='ltr'>qnos</span> <span class='ocrx_word' id='word_1_619' title='bbox 143 5009 373 5101; x_wconf 86' lang='lat' dir='ltr'>pertinebat?</span> <span class='ocrx_word' id='word_1_620' title='bbox 401 5020 447 5089; x_wconf 91' lang='lat' dir='ltr'>ad</span> <span class='ocrx_word' id='word_1_621' title='bbox 463 5043 586 5093; x_wconf 90' lang='lat' dir='ltr'>omnes</span> <span class='ocrx_word' id='word_1_622' title='bbox 598 5040 691 5096; x_wconf 91' lang='lat' dir='ltr'>certe</span> <span class='ocrx_word' id='word_1_623' title='bbox 705 5022 928 5101; x_wconf 87' lang='lat' dir='ltr'>Christianus</span> <span class='ocrx_word' id='word_1_624' title='bbox 941 5056 1038 5102; x_wconf 89' lang='lat' dir='ltr'>com·</span> <span class='ocrx_word' id='word_1_625' title='bbox 1088 5051 1142 5107; x_wconf 92' lang='lat' dir='ltr'>tra</span> <span class='ocrx_word' id='word_1_626' title='bbox 1170 5036 1282 5127; x_wconf 89' lang='lat' dir='ltr'>legem</span> <span class='ocrx_word' id='word_1_627' title='bbox 1314 5034 1371 5119; x_wconf 84' lang='lat' dir='ltr'>fit,</span> <span class='ocrx_word' id='word_1_628' title='bbox 1405 5030 1588 5116; x_wconf 88' lang='lat' dir='ltr'>Medium,</span> <span class='ocrx_word' id='word_1_629' title='bbox 1618 5036 1714 5127; x_wconf 91' lang='lat' dir='ltr'>quod</span> <span class='ocrx_word' id='word_1_630' title='bbox 1736 5044 1874 5123; x_wconf 87' lang='lat' dir='ltr'>praeter</span> <span class='ocrx_word' id='word_1_631' title='bbox 1893 5032 2005 5121; x_wconf 88' lang='lat' dir='ltr'>legem</span> <span class='ocrx_word' id='word_1_632' title='bbox 2026 5029 2078 5104; x_wconf 87' lang='lat' dir='ltr'>lit.</span> 
     </span>
     <span class='ocr_line' id='line_1_48' title="bbox 51 5110 2076 5232; baseline 0.012 -54"><span class='ocrx_word' id='word_1_633' title='bbox 51 5110 215 5227; x_wconf 76' lang='lat' dir='ltr'>munitur,</span> <span class='ocrx_word' id='word_1_634' title='bbox 255 5136 336 5185; x_wconf 90' lang='lat' dir='ltr'>cum</span> <span class='ocrx_word' id='word_1_635' title='bbox 366 5113 563 5215; x_wconf 87' lang='lat' dir='ltr'>theologica</span> <span class='ocrx_word' id='word_1_636' title='bbox 593 5129 765 5221; x_wconf 90' lang='lat' dir='ltr'>professio</span> <span class='ocrx_word' id='word_1_637' title='bbox 805 5135 966 5205; x_wconf 90' lang='lat' dir='ltr'>nondum</span> <span class='ocrx_word' id='word_1_638' title='bbox 992 5136 1037 5206; x_wconf 92' lang='lat' dir='ltr'>ad</span> <span class='ocrx_word' id='word_1_639' title='bbox 1088 5138 1162 5229; x_wconf 83' lang='lat' dir='ltr'>Qui</span> <span class='ocrx_word' id='word_1_640' title='bbox 1189 5138 1386 5232; x_wconf 89' lang='lat' dir='ltr'>plurimum</span> <span class='ocrx_word' id='word_1_641' title='bbox 1417 5134 1581 5205; x_wconf 90' lang='lat' dir='ltr'>tribuunt</span> <span class='ocrx_word' id='word_1_642' title='bbox 1611 5134 1789 5218; x_wconf 88' lang='lat' dir='ltr'>conciliis,</span> <span class='ocrx_word' id='word_1_643' title='bbox 1834 5132 1934 5204; x_wconf 90' lang='lat' dir='ltr'>aiunt</span> <span class='ocrx_word' id='word_1_644' title='bbox 1965 5132 2076 5203; x_wconf 89' lang='lat' dir='ltr'>errari</span> 
     </span>
    </p>
   </div>
   <div class='ocr_carea' id='block_1_7' title="bbox 56 5302 288 5325">
    <p class='ocr_par' dir='ltr' id='par_1_7' title="bbox 56 5302 288 5325">
     <span class='ocr_line' id='line_1_49' title="bbox 56 5302 288 5325; baseline 0.013 -2"><span class='ocrx_word' id='word_1_645' title='bbox 56 5302 288 5325; x_wconf 47' lang='lat' dir='ltr'>*nutu——</span> 
     </span>
    </p>
   </div>
   <div class='ocr_carea' id='block_1_8' title="bbox 90 5422 1849 5538">
    <p class='ocr_par' dir='ltr' id='par_1_8' title="bbox 90 5422 1849 5538">
     <span class='ocr_line' id='line_1_50' title="bbox 90 5422 1849 5538; baseline 0.005 -25"><span class='ocrx_word' id='word_1_646' title='bbox 90 5422 517 5521; x_wconf 67' lang='lat' dir='ltr'>tttnsdttetet&#39;tp.u.e1.2a..</span> <span class='ocrx_word' id='word_1_647' title='bbox 540 5453 722 5532; x_wconf 66' lang='lat' dir='ltr'>,raraeque</span> <span class='ocrx_word' id='word_1_648' title='bbox 756 5460 791 5517; x_wconf 73' lang='lat' dir='ltr'>r.</span> <span class='ocrx_word' id='word_1_649' title='bbox 1136 5462 1164 5535; x_wconf 82' lang='lat' dir='ltr'>s)</span> <span class='ocrx_word' id='word_1_650' title='bbox 1182 5462 1245 5520; x_wconf 67' lang='lat'>2015·</span> <span class='ocrx_word' id='word_1_651' title='bbox 1258 5464 1328 5531; x_wconf 66' lang='lat' dir='ltr'>enm</span> <span class='ocrx_word' id='word_1_652' title='bbox 1343 5462 1396 5538; x_wconf 72' lang='lat' dir='ltr'>ep.</span> <span class='ocrx_word' id='word_1_653' title='bbox 1413 5460 1495 5519; x_wconf 70' lang='lat' dir='ltr'>suet.</span> <span class='ocrx_word' id='word_1_654' title='bbox 1512 5461 1568 5518; x_wconf 72' lang='lat' dir='ltr'>ea:</span> <span class='ocrx_word' id='word_1_655' title='bbox 1592 5459 1673 5526; x_wconf 73' lang='lat' dir='ltr'>„aas</span> <span class='ocrx_word' id='word_1_656' title='bbox 1686 5458 1777 5519; x_wconf 60' lang='lat' dir='ltr'>‚otta</span> <span class='ocrx_word' id='word_1_657' title='bbox 1814 5463 1849 5521; x_wconf 77' lang='lat' dir='ltr'>n</span> 
     </span>
    </p>
   </div>
   <div class='ocr_carea' id='block_1_9' title="bbox 0 0 2254 5782">
    <p class='ocr_par' dir='ltr' id='par_1_9' title="bbox 0 0 2254 5782">
     <span class='ocr_line' id='line_1_51' title="bbox 0 0 2254 5782; baseline 0 3"><span class='ocrx_word' id='word_1_658' title='bbox 0 0 2254 5782; x_wconf 95' lang='lat' dir='ltr'> </span> 
     </span>
    </p>
   </div>
  </div>
 </body>
</html>
