4500 5782
169 418 363 497 'Adversus
387 404 590 482 Furiosum
609 402 637 502 ¹)
663 399 935 477 Parthiensr'um
956 398 1170 497 Theologu-

166 500 339 602 'rhotum
376 509 555 586 decretam
596 503 778 605 Philip.
815 500 930 580 Met.
963 529 1034 606 pro
1069 500 1172 577 Lu.

169 646 176 663 ·
501 606 635 684 thero
667 607 856 710 apologia.

177 780 303 881 Vide,
324 784 525 865 Christiane
541 783 668 866 lector,
691 773 1054 873 qnaeTheologorum
1068 800 1173 845 mon-

177 919 252 975 stra
270 894 382 988 gignit
399 884 561 977 Europa!
615 881 806 975 Superiore
826 904 920 948 anno
936 876 1171 969 Evangelium

169 1007 396 1078 damnarunt
408 988 637 1060 Colonienses
658 1008 699 1053 ac
716 981 955 1053 Lovanienses
973 975 1171 1071 sophistae,

168 1097 369 1202 ,propositis
393 1090 606 1186 quibusdam
630 1084 738 1154 nudis
764 1083 945 1153 sententiis
971 1105 1036 1151 nec
1062 1080 1171 1150 ratio-

177 1209 306 1285 nibus,
337 1220 403 1267 uec
430 1191 602 1282 scriptura
624 1185 849 1256 confirmatis.
914 1181 1054 1252 Horum
1077 1184 1171 1251 insa-

179 1310 278 1380 niam
311 1300 428 1369 vicere
460 1315 557 1362 nunc
589 1312 663 1357 non
697 1285 861 1355 dissimili
893 1285 1050 1376 exemplo
1090 1284 1171 1377 qui-

179 1428 321 1502 cunque
352 1397 496 1469 tandem
533 1403 633 1474 sunt,
673 1388 737 1482 qui
768 1379 932 1457 Parisiis
961 1378 1169 1455 Lulderam

178 1514 395 1586 damnarunt
408 1493 554 1592 (adduci
573 1491 671 1561 enim
688 1513 762 1558 non
779 1512 940 1581 possum,
963 1503 1005 1558 ut
1018 1488 1170 1571 credam,

178 1637 255 1687 rem
277 1598 525 1679 communibus
547 1593 656 1667 totius
676 1586 814 1661 ordinis
834 1584 1023 1679 theologici
1042 1588 1170 1656 suffra-

179 1715 246 1809 giis
273 1723 385 1779 actam
410 1696 512 1792 esse).
569 1692 662 1763 Nam
694 1704 937 1787 praeterquam
968 1691 1063 1783 quod
1096 1689 1170 1766 illic

179 1812 345 1911 pauciora
376 1802 563 1894 reprobata
594 1809 693 1878 sunt,
733 1806 865 1888 quanto
894 1792 1018 1861 durius
1046 1786 1105 1859 hic
1137 1804 1170 1859 ct

179 1912 352 1989 immitius
368 1915 536 1976 tractatur
549 1888 767 1968 Latonas?
814 1892 975 1963 Primum
994 1893 1170 1982 adscripta

179 2035 232 2091 est
250 2008 410 2106 Epistola
434 2013 597 2084 cruenta,
622 1997 750 2067 deinde
769 1995 924 2064 adiectae
950 2009 1033 2089 sunt
1057 1994 1170 2061 adno-

178 2120 329 2195 tationes
354 2111 393 2178 in
416 2103 571 2195 singulas
591 2090 755 2166 Lethen·
771 2096 961 2166 sententias
986 2108 1020 2166 et
1040 2094 1169 2186 impiae

179 2238 215 2295 ct
229 2234 380 2290 atroces,
415 2209 583 2300 pleraque
609 2196 716 2269 huius
741 2199 847 2267 etiam
868 2197 1009 2266 sinistre
1032 2197 1168 2266 detorta

179 2335 273 2395 sunt.
331 2311 380 2384 Et
401 2310 458 2378 vel
480 2303 564 2375 hinc
586 2303 689 2372 etiam
715 2312 830 2392 potest
852 2298 989 2387 colligi,
1013 2298 1076 2390 qui
1098 2298 1170 2388 spi-

179 2425 290 2505 ritus,
321 2435 412 2508 quae
433 2405 661 2497 intemperiae
674 2399 705 2497 ²)
729 2412 833 2489 agant
844 2395 873 2495 ³)
894 2400 1024 2470 decreti
1049 2412 1171 2469 aucto-

179 2548 252 2608 res,
277 2515 420 2613 quando
446 2508 590 2602 spiritns
613 2504 673 2573 dei
697 2498 790 2570 nihil
811 2525 885 2570 non
905 2502 989 2570 facit
1010 2500 1170 2569 candide.

179 2624 224 2697 ln
239 2621 445 2693 universnm
464 2607 638 2678 eiusmodi
655 2605 747 2674 liber
763 2617 828 2688 est,
852 2595 1169 2695 qualemLolels'oe

179 2722 416 2811 scribiposse
447 2736 551 2780 nerno
578 2707 682 2777 facile
706 2705 883 2789 crederet,
921 2704 1095 2799 siquidem
1122 2703 1168 2770 ita

180 2830 286 2917 vulgo
308 2838 511 2915 persuasum
534 2824 605 2894 est,
629 2809 668 2875 in
690 2831 729 2876 ea
753 2801 890 2890 schola,
914 2804 1011 2872 velut
1032 2804 1071 2871 in
1091 2827 1169 2872 arce

180 2930 351 3027 quadarn,
376 2937 523 3008 regnare
538 2907 756 2981 Christianas
779 2907 908 2977 literas.
958 2903 1082 2999 Neque
1106 2929 1169 2973 nc-

180 3030 257 3126 gari
276 3035 410 3120 potest,
442 3017 527 3086 inde
550 3011 721 3108 prodiisse
746 3007 832 3078 olim
857 3007 1080 3095 gravissimos
1103 3002 1170 3074 ho-

178 3134 312 3213 mines,
344 3125 502 3214 adeoque
523 3114 680 3208 proximo
701 3111 816 3180 seculo
838 3106 1034 3180 Gersonem
1055 3106 1170 3191 illurn,

179 3236 346 3329 plenum,
377 3237 417 3294 ut
444 3222 606 3310 adparet,
639 3209 834 3285 Christiani
862 3211 1019 3303 spiritus.
1077 3204 1169 3279 ἀλλὰ

179 3327 277 3410 κατὰ
309 3322 379 3420 τὴν
410 3312 616 3415 παροιμίαν
640 3310 754 3387 notai
785 3309 867 3383 ποτ’
894 3305 993 3406 ἦσαν
1022 3308 1169 3403 ἄλκιμοι

180 3424 369 3525 Μιλήσιοι.
397 3420 513 3515 Atque
527 3419 592 3504 illi,
607 3417 637 3515 si
655 3439 752 3486 nunc
767 3415 1016 3485 reviviscerent
1031 3408 1096 3480 bos
1114 3413 1169 3479 iu-

171 3538 295 3617 dices,
327 3527 529 3625 qnicunque
556 3531 656 3603 sunt,
687 3519 894 3606 degenerem
920 3513 1169 3606 posteritatem,

165 3646 301 3734 putas,
320 3621 586 3720 agnoscerent?
635 3618 887 3711 Nequaquam,
920 3615 981 3684 sed
1007 3615 1171 3704 deplora-

179 3752 262 3813 rent
282 3748 358 3805 turn
381 3724 538 3810 scholae,
563 3737 639 3794 turn
660 3720 767 3791 totius
791 3717 927 3809 reipub.
948 3712 1169 3786 Christianae

156 3822 328 3920 ¹sortem,
373 3832 410 3901 in
441 3852 510 3923 qua
539 3850 604 3918 pro
631 3817 824 3908 'l'hcologis
853 3813 1054 3909 Sophistas,
1104 3841 1169 3906 pro

180 3936 393 4019 Christianis
419 3928 625 4000 doctoribus
651 3920 920 3993 calumniatores
948 3941 1092 4007 regnare
1114 3917 1170 3983 vi-

182 4049 318 4117 derent.
384 4031 695 4123 Agnoscerentque
722 4024 758 4091 id
788 4045 861 4091 esse
891 4035 1044 4108 ternpus,
1074 4020 1169 4111 quod

85 4114 93 4139 ι
181 4146 277 4241 apud
308 4134 525 4208 Hieremiam
554 4126 711 4198 Ecclesia
747 4123 908 4213 deplorat
948 4116 1003 4190 his
1033 4121 1169 4189 verbis:

174 4238 347 4325 'Abstulit
363 4256 485 4307 omnes
496 4221 712 4323 magnificos
727 4246 823 4292 meos
841 4218 1014 4291 dominus
1034 4216 1077 4289 de
1098 4245 1172 4289 me-

183 4346 247 4421 dio
269 4344 357 4420 mei,
391 4330 528 4406 vocavit
551 4324 744 4400 adeersum
766 4346 821 4395 nae
842 4332 999 4420 tenipus,
1026 4329 1065 4391 'ut
1087 4346 1172 4392 con-

767 224 1201 307 EPlSTOLARUM
1247 230 1356 311 LlB.
1389 231 1438 310 Il.
1492 231 1621 310 1521.

2137 228 2217 307 400

1224 406 1317 496 giam
1340 408 1457 477 vocari
1477 406 1620 490 volunt,
1645 429 1716 498 qua
1738 405 1906 491 admissa,
1930 398 2025 475 nihil
2049 402 2140 474 salvi
2158 427 2218 476 re-

1224 509 1363 602 liquum
1376 522 1428 578 est
1444 508 1617 578 ecclesiae.
1662 505 1897 596 Evangelium
1910 508 2139 578 obscuratum
2155 520 2218 592 est,

1224 611 1310 679 fides
1331 610 1498 695 extincta,
1537 623 1674 701 recepta
1701 633 1849 700 operum
1873 609 2053 693 doctrina,
2091 621 2128 679 et
2151 633 2217 700 pro

1223 706 1427 782 Christiano
1453 712 1586 803 populo
1621 734 1668 779 ne
1696 711 1782 801 legis
1812 710 1976 803 quidem,
2008 711 2072 781 sed
2096 732 2217 781 more·

1223 814 1312 882 lium
1335 809 1536 884 Aristotelis
1558 813 1712 903 populus
1735 835 1876 897 sumus,
1916 827 1951 884 et
1975 834 2019 879 ex
2037 805 2217 885 chriscia-

1223 915 1338 982 nismo
1369 929 1490 983 contra
1516 938 1658 984 omnem
1689 937 1830 982 sensum
1856 913 2002 1004 spiritus
2038 914 2131 983 farta
2164 926 2216 983 est

1223 1017 1395 1108 quaedam
1419 1010 1664 1107 philosophica
1687 1015 1834 1083 vivendi
1855 1015 1957 1087 ratio.
2017 1009 2054 1083 0
2076 1013 2216 1084 utinam

1222 1108 1407 1206 contingat
1424 1117 1526 1186 vobis
1548 1115 1792 1208 spiritualibus
1812 1117 1925 1185 oculis
1938 1138 2102 1202 cernere,
2127 1115 2215 1211 quid

1220 1216 1399 1287 Ecclesiae
1419 1219 1543 1287 damni
1566 1217 1704 1287 dederit
1727 1233 1840 1289 vestra
1869 1217 1931 1286 illa
1964 1216 2062 1308 apud
2088 1240 2155 1286 vos
2181 1229 2216 1287 et

1221 1334 1304 1389 nata
1322 1335 1357 1390 et
1371 1322 1506 1391 cxcrrlta
1526 1314 1749 1402 scholastica,
1774 1344 1880 1412 quam
1902 1343 1921 1387 a
1946 1317 2052 1409 vobis
2071 1340 2216 1411 accepe-

1220 1435 1306 1492 runt
1339 1422 1441 1515 quasi
1466 1446 1532 1512 per
1560 1444 1687 1489 manus
1720 1421 1856 1514 reliqua
1878 1416 2044 1512 Europae
2066 1442 2216 1515 gymna-

1220 1524 1283 1592 sia.
1334 1521 1507 1615 Oportuit
1528 1522 1621 1591 enim
1639 1522 1745 1591 idolis
1760 1537 1890 1592 terram
1903 1520 2044 1613 repleri.
2093 1516 2145 1593 Et
2159 1519 2213 1591 vel

1220 1624 1359 1694 articuli
1382 1625 1490 1694 vestri
1515 1637 1704 1707 testantur,
1743 1648 1851 1717 quarn
1874 1622 2105 1723 pertinaqiter
2131 1622 2213 1695 ind·

1219 1749 1332 1818 usque
1356 1727 1401 1795 ab
1431 1740 1512 1796 ortu
1535 1720 1760 1794 scholasticae
1782 1720 2025 1817 philosophati
2050 1722 2147 1811 sitis,
2173 1723 2211 1793 in

1221 1828 1352 1921 quibus
1374 1852 1481 1920 quam
1502 1827 1605 1919 pauci
1628 1839 1731 1909 sunt,
1757 1826 1820 1918 qui
1842 1826 1888 1895 ad
1910 1826 2077 1918 pietatem
2103 1824 2212 1919 peni-

1221 1928 1332 1998 nent?
1389 1927 1571 2017 Quorsum
1598 1929 1693 1997 enim
1716 1922 1827 1997 hacc?
1880 1923 1959 2017 Ego
1980 1926 2111 2013 currit,
2141 1949 2212 1997 esse

1220 2030 1409 2100 absurdam
1424 2031 1631 2114 orationem,
1651 2044 1686 2100 et
1704 2029 1882 2114 interesse,
1905 2029 2026 2099 nescio
2039 2029 2141 2123 quid,
2156 2028 2211 2099 in-

1222 2146 1275 2202 ter
1296 2127 1361 2201 has
1381 2132 1573 2216 orationes,
1603 2130 1793 2201 cuiuslibet
1815 2125 1971 2201 hominis
1990 2130 2115 2219 asinus
2133 2153 2210 2201 cur-

1221 2234 1268 2303 rit
1303 2246 1338 2302 et
1358 2224 1490 2302 Asinus
1521 2232 1710 2302 cuiuslibet
1734 2225 1894 2300 hominis‘
1915 2231 2039 2305 currit.
2094 2228 2209 2321 Digna

1220 2334 1387 2406 videlicet
1406 2328 1609 2404 Christiano
1633 2332 1817 2426 gymnasio
1844 2333 2021 2421 dogmata.
2079 2328 2161 2403 lam
2178 2344 2208 2401 et

1219 2436 1337 2528 palarn
1378 2436 1556 2504 decretum
1592 2448 1664 2518 est,
1705 2428 1971 2524 philosophicas
2006 2431 2207 2527 disciplinas

1220 2560 1293 2606 esse
1314 2537 1358 2605 ad
1375 2537 1539 2628 pietatem
1556 2534 1796 2606 necessarias·
1828 2534 1891 2628 qui
1910 2534 2083 2605 articulus
2101 2558 2123 2603 a
2142 2557 2205 2629 quo

1220 2638 1346 2730 spiritu
1365 2640 1540 2731 proiectus
1560 2637 1621 2720 sit,
1644 2660 1719 2705 non
1739 2635 1926 2706 videmus?
1957 2659 2087 2728 nempe
2098 2636 2149 2711 nh
2161 2659 2205 2717 eo

1220 2740 1283 2833 qui
1304 2735 1537 2828 Evangelium
1567 2738 1751 2808 obscurari
1775 2737 1892 2807 voluit
1912 2731 2081 2807 hunianis
2107 2735 2203 2809 disci·

1219 2840 1338 2932 plinis.
1388 2837 1437 2912 Et
1458 2835 1541 2911 huic
1562 2853 1604 2910 ut
1623 2839 1826 2910 successerit
1841 2836 1873 2934 ⁴)
1895 2853 2045 2909 conatus
2065 2850 2142 2911 nort
2160 2849 2201 2909 ed

1220 2944 1421 3012 obscurum.
1469 2939 1561 3012 Nam
1579 2966 1668 3034 quae
1687 2936 1808 3011 schola
1823 2963 1971 3033 usquam
1986 2940 2113 3013 docuit
2125 2961 2200 3033 pure

1220 3067 1334 3112 sacras
1354 3042 1497 3113 literas?
1548 3036 1747 3112 Parisiaco
1765 3039 1794 3138 ³)
1808 3066 1916 3126 vero,
1938 3066 2021 3113 cum
2044 3036 2198 3113 haumar

1221 3159 1273 3215 tot
1288 3169 1401 3214 annos
1419 3138 1705 3236 philosophetur,
1728 3138 1784 3212 his
1802 3144 2023 3235 temporibus
2044 3167 2122 3215 non
2141 3142 2197 3213 ian
2243 3152 2245 3181 ²

1221 3241 1507 3338 philosophatur,
1533 3247 1592 3314 scd
1615 3259 1767 3334 nugatur
1790 3258 1928 3316 tantum
1951 3245 1996 3314 de
2015 3244 2138 3341 parvis
2157 3244 2197 3313 lo-
2242 3298 2245 3339 1

1220 3349 1400 3437 gicalibus.
1451 3344 1549 3435 Quid
1571 3347 1665 3416 enim
1682 3340 1711 3440 ⁶)
1730 3347 1898 3436 nugacius
1918 3342 1963 3418 V
1957 3369 2096 3433 ersom,
2113 3338 2151 3417 T
2147 3358 2197 3415 oo

1221 3455 1338 3518 loreto
1383 3462 1417 3518 et
1454 3449 1600 3541 reliquis
1644 3443 1751 3517 huius
1792 3447 1926 3517 farinae
1963 3448 2196 3541 scriptoribus,

1221 3550 1343 3642 quales
1360 3545 1429 3619 hoc
1450 3550 1566 3618 seculo
1581 3574 1692 3642 paene
1707 3550 1985 3619 innumerabiles
2000 3550 2086 3625 tulit
2096 3542 2195 3621 Lue-

1222 3648 1304 3719 tia?
1353 3649 1438 3719 Vidi
1455 3642 1644 3731 Iohannis
1657 3645 1830 3721 Maioris
1852 3651 2127 3735 commentarios
2149 3646 2194 3743 (dt
2240 3628 2245 3737 Ξ

1222 3753 1380 3821 moribus
1402 3748 1558 3821 hominis
1581 3778 1654 3821 non
1681 3748 1817 3846 iudico)
1847 3751 1884 3820 in
1906 3753 2099 3827 annarias
2114 3751 2193 3825 lm·

1221 3854 1427 3945 gobardicas
1437 3847 1484 3946 ¹),
1498 3878 1603 3948 quem
1616 3878 1711 3925 nunc
1726 3845 2192 3945 interLutetiaeTheologoe

1221 3980 1366 4045 regnare
1386 3956 1494 4027 aiunt.
1553 3954 1654 4024 lione
1675 3957 1779 4039 deus,
1810 3979 1899 4048 quoe
1921 3956 2080 4047 plaustra
2100 3976 2192 4044 nugtr

1222 4058 1325 4126 rum?
1376 4055 1474 4145 Quot
1494 4056 1630 4147 paginis
1647 4057 1816 4149 disputat,
1841 4071 1962 4126 utrum
1983 4058 2028 4125 ad
2052 4058 2191 4152 eqrritan·

1223 4160 1308 4227 durn
1325 4159 1525 4251 requiratur
1542 4159 1677 4250 equus?
1728 4182 1815 4226 num
1837 4158 1967 4227 salsum
1988 4158 2189 4229 nrareadeo
2235 4156 2238 4163 '

1223 4260 1408 4329 conditum
1447 4259 1516 4328 sit?
1573 4252 1612 4328 nt
1649 4259 1790 4327 interim
1831 4258 2067 4350 praeteream,
2105 4277 2189 4355 quan
2230 4244 2244 4303 l

1221 4361 1333 4429 multa
1351 4361 1457 4452 impie
1472 4353 1649 4451 scripserit
1664 4363 1707 4429 de
1721 4361 1914 4431 voluntatis
1928 4361 2108 4447 libertate,
2126 4379 2188 4430 narn

146 4503 153 4513 ·
183 4454 305 4521 lererll
328 4438 454 4511 ⁶1⁶⁶¹⁰⁸
480 4455 610 4504 mm·
651 4427 881 4518 Quan‘luam’
912 4426 975 4495 ¹¹b¹
994 4449 1172 4515 ‘⁰¹¹¹l'm‘
1223 4487 1264 4532 eo
1287 4462 1363 4531 loco
1385 4486 1459 4531 non
1485 4464 1590 4531 modo
1614 4487 1634 4531 a
1658 4462 1846 4553 scriptura,
1882 4464 1942 4530 sed
1969 4476 2006 4534 et
2029 4464 2075 4533 ab
2096 4456 2189 4532 omoi-
2232 4460 2244 4525 Γ

183 4553 264 4646 pins
282 4543 484 4616 considero,
506 4536 647 4603 videtur
659 4522 810 4598 ertelr'a
826 4551 899 4596 non
919 4550 1061 4618 peccare
1076 4550 1171 4595 nunc

182 4653 359 4749 primum,
383 4642 444 4709 sed
463 4640 532 4706 iarn
548 4635 633 4704 olim
654 4631 819 4722 ineptire,
843 4653 922 4697 curn
943 4628 1172 4696 ecclesiastica

185 4750 363 4828 doctrina,
399 4737 564 4812 lrurnanis
586 4730 885 4826 disputationibus
907 4730 1053 4814 viciata,
1090 4725 1173 4819 phi-

183 4846 365 4947 losophari
378 4841 503 4935 coepit.
543 4836 691 4907 Constat
708 4833 814 4915 enirn,
834 4847 953 4902 natam
975 4822 1173 4900 esseLolc-

184 4956 259 5030 tiae
279 4942 499 5047 prophanam
523 4941 622 5010 illurn
638 4931 897 5027 scholasticen,¹
910 4928 1176 5027 quamatbeolo-

186 5080 484 5149 ......---'

237 5216 264 5280 1)
282 5205 427 5267 furiosum]
448 5198 514 5252 Mel.
530 5213 593 5266 opp.
608 5192 697 5248 Viteb.
712 5191 774 5274 εδ.)
794 5188 970 5274 furiosorum.
1007 5190 1039 5246 F.
1075 5261 1081 5275 ·

237 5283 267 5350 2)
287 5269 473 5355 intemperiae]
507 5264 575 5319 Mel.
594 5280 658 5335 opp.
678 5271 705 5315 et
724 5258 816 5314 Vtteh.
834 5267 860 5312 et
879 5259 958 5316 Bari.
981 5260 1041 5317 eds
1073 5271 1175 5316 sutem.

292 5362 388 5417 perses.
433 5338 468 5390 1¹·

212 5472 217 5477 .
239 5416 268 5488 β)
285 5411 375 5486 agant]
396 5404 463 5460 atet.
479 5419 545 5474 opp.
562 5398 652 5453 viret.
666 5396 726 5455 eds
747 5406 817 5470 aget.
852 5395 886 5453 F.

1223 4565 1290 4634 bus
1311 4559 1337 4658 ¹)

1258 4782 1287 4852 ⁴¹)
1297 4781 1436 4844 ..loannis
1443 4779 1560 4832 naara
1571 4754 1835 4848 Ductoris'l'beologi
1844 4750 2003 4835 Pei-iriensis
2008 4778 2190 4859 Disputationes

2232 4812 2238 4855 l

1253 4891 1257 4900 .
1293 4846 1609 4931 ethuestiouerinll'.
1625 4846 1956 4903 titmssensenetnome.
2018 4848 2190 4919 dimum
2232 4864 2237 4893 ι

1294 4919 1364 4972 resin
1379 4927 1437 4999 tpp.
1455 4910 1512 4973 to'd.
1524 4915 1600 4969 Bedii
1615 4914 1736 4970 Ascensii
1751 4915 1793 4969 M.
1803 4913 1941 5011 D.lllX.”
1969 4934 2129 4978 omues.
2163 4914 2190 4975 tf·

1226 5092 1229 5099 .
1276 4982 2010 5133 tllllffloidlltllli'oirb.¹d⁷tllrebihrhatt.dtr
2026 5012 2141 5115 «datr.
2167 5054 2192 5111 F.

1276 5123 1304 5195 5)
1321 5122 1466 5243 parisiaca}
1484 5122 1638 5242 ‚l{}¹·.⁰ll'·
1656 5119 1746 5242 Vspgb.
1767 5129 1795 5174 et
1811 5117 1895 5175 tend
1912 5122 1958 5177 eda
1976 5130 2005 5179 et
2018 5122 2128 5183 [suffici
2141 5142 2192 5199 opp.

1332 5191 1448 5246 vm*
1467 5229 1492 5245 “
1534 5208 1653 5245 ''¹⁸²¹‘'
1671 5236 1794 5313 avaa.
1807 5238 1993 5315 ‘rostram
2010 5260 2144 5347 qma
2167 5263 2191 5318 r.

1277 5259 1396 5329 ΜΝ
1412 5259 1684 5382 ‘¹¹¹⁰'1M‘''⁰ll't
1705 5344 1769 5398 opp.
1788 5334 1815 5380 a
1828 5326 1918 5384 viret.
1937 5336 1963 5383 a
1981 5328 2064 5390 esst.
2084 5334 2139 5393 aaa
2155 5332 2193 5391 ‚a

1278 5329 1307 5400 7)
1323 5327 1370 5381 sed
1384 5338 1410 5381 et
1422 5326 1455 5380 ab
1470 5327 1588 5394 omnib]

1329 5397 1363 5452 eb
1377 5394 1513 5452 omnibus.
1549 5397 1584 5453 θ’.

1366 4565 1499 4655 pariter
1517 4560 1733 4634 scholasticis
1756 4561 1879 4633 variat.
1942 4558 2101 4635 Etcum
2124 4562 2189 4635 talt⁵
2231 4558 2244 4637 i

2117 4726 2122 4739 ·
2231 4676 2244 4815 t
