4500 5782
97 256 172 361 ssa
662 190 1097 365 uggtspopapuu
1148 257 1257 347 tus.
1294 258 1358 333 tv.
1411 255 1542 335 152⁷.
1622 280 1632 291 .
1908 354 1922 381 θ
2053 258 2132 365 aas

96 452 175 531 epse
187 430 228 511 in
240 428 420 501 veteribus
435 427 663 521 Canonibus,
685 444 726 509 ut
742 432 934 533 quotannis
949 432 1005 515 bis
1025 425 1091 529 ha·
1141 443 1336 525 praestare,
1369 445 1403 502 et
1431 427 1495 502 bas
1520 431 1711 502 discordias
1739 432 1876 503 ratione
1905 454 2132 527 componere.

94 532 252 633 beantur
275 546 471 607 conventus
493 533 697 631 docentium
719 536 758 613 in
773 531 961 621 Ecclesiis,
984 535 1090 602 credo
1142 531 1288 605 Utinam
1307 534 1461 623 cogitent
1476 530 1661 626 Episcopi,
1686 558 1722 603 se
1742 535 1934 626 aliquando
1955 528 2130 603 rationem

95 657 173 704 non
189 633 297 705 aliam
311 635 359 705 ob
374 657 533 719 causam,
556 636 626 705 nisi
642 639 742 707 utde
761 635 984 727 dogmatibus
1004 659 1090 707 eon·
1140 635 1364 729 negotiorum
1375 634 1636 729 gestontmDeo
1653 637 1853 707 reddituros
1869 658 1953 708 esse.
1981 632 2129 706 Utinam

92 736 252 821 ferrent,
281 759 327 805 ne
350 761 419 828 qua
441 735 613 805 dissensio
641 737 699 806 vel
721 739 810 809 oriri
835 738 892 806 vel
917 753 994 807 orta
1020 737 1089 805 late
1140 738 1358 827 expendant,
1394 750 1543 830 quantas
1572 762 1703 829 poenas
1735 739 1890 809 minetur
1918 733 2015 805 Deus
2044 730 2135 829 huic·

92 836 218 927 vagari
241 852 368 927 posset.
434 833 483 907 Et
513 838 744 909 simulacrum
775 841 953 932 quoddam
982 834 1089 907 huius
1138 851 1319 928 pastorum
1334 840 1455 929 generi
1474 841 1569 928 apud
1586 828 1800 931 Prophetas,
1826 838 1889 931 qui
1912 836 2006 928 lupis
2029 836 2131 909 simi-

92 938 209 1008 moris
242 938 475 1023 retinuimus3-
519 940 738 1011 conveniunt
767 942 863 1010 enim
899 940 1090 1033 quotannis
1138 939 1244 1008 liores
1276 965 1383 1032 quam
1408 942 1628 1033 pastoribus,
1666 936 1760 1010 nihil
1793 943 1952 1021 lecerunt
1981 938 2130 1028 dignum

94 1038 320 1129 singularum
336 1037 556 1109 Dioeeesium
575 1044 788 1126 sacerdotes,
815 1040 873 1110 sed
892 1044 936 1110 de
957 1040 1089 1111 doctri·
1140 1037 1334 1133 Episcopo,
1359 1067 1435 1111 non
1455 1042 1712 1113 consuluerunt
1729 1041 1938 1112 concordiae
1953 1036 2130 1109 Ecclesia·

92 1164 147 1227 na
167 1164 248 1227 non
264 1141 394 1230 opinor
418 1140 607 1230 diligenter
628 1144 792 1214 conferri.
853 1142 993 1231 Quodsi
1010 1158 1090 1214 tau-
1141 1167 1238 1224 rum,
1272 1168 1346 1213 non
1368 1146 1544 1217 dederunt
1568 1167 1729 1235 operam,
1758 1159 1798 1213 ut
1824 1141 1986 1221 doctrina
2007 1136 2130 1211 Evau-

92 1255 220 1333 topere
244 1258 356 1313 cetera
379 1242 539 1312 instituta
562 1258 703 1335 patrum
729 1245 987 1327 defenduntur,
1027 1267 1090 1321 cur
1140 1243 1247 1332 gelica
1265 1260 1357 1315 reete
1374 1248 1582 1316 traderetur.
1632 1243 1691 1315 Ad
1707 1240 1771 1313 has
1792 1242 1953 1313 excubias
1968 1242 2131 1333 agendas,
2182 1272 2185 1277 ·

92 1365 174 1413 non
194 1343 299 1412 etiam
316 1338 413 1412 hunc
432 1340 569 1413 morem
592 1347 807 1418 conservatis
828 1346 1022 1415 accuratius
1046 1347 1090 1412 de
1141 1358 1175 1414 et
1192 1345 1231 1413 in
1247 1341 1337 1417 hanc
1353 1347 1540 1417 stationem
1564 1346 1735 1416 divinitus
1759 1345 1939 1428 collocati,
1966 1343 2132 1433 cogitent,

93 1444 261 1517 doctrina
279 1440 492 1534 Evangelica
516 1447 748 1518 conferendi?
779 1471 843 1519 cur
864 1471 940 1516 non
960 1470 1091 1517 vocan-
1140 1470 1214 1516 non
1241 1447 1387 1541 impune
1411 1449 1502 1534 fore,
1541 1450 1585 1516 de
1616 1471 1654 1516 ea
1670 1463 1854 1540 ,tanquam
1882 1438 2131 1526 λειποταξίους

92 1559 158 1619 tur
185 1547 231 1615 ad
261 1546 435 1615 eiusmodi
469 1547 726 1638 disputationes
755 1544 920 1618 homines
949 1547 1025 1617 sani
1058 1560 1093 1616 et
1140 1548 1293 1617 cessisse.
1343 1548 1456 1621 Nemo
1473 1564 1589 1619 autern
1607 1549 1763 1638 ignorat,
1789 1543 2131 1619 Reverendiss.Do-

94 1646 229 1741 periti?
282 1645 373 1715 Nam
399 1642 466 1727 bae
497 1651 773 1730 controversiae,
805 1674 895 1744 quae
921 1647 1091 1733 hactenus
1139 1649 1254 1734 mine,
1280 1651 1320 1719 in
1345 1663 1378 1719 te
1401 1651 1578 1741 singulare
1595 1651 1733 1741 pietatis
1749 1650 1907 1719 studium
1927 1672 2019 1729 esse,
2045 1646 2131 1719 tibi-

94 1760 196 1819 ortae
220 1760 319 1832 sunt,
351 1756 475 1817 omnes
496 1750 687 1821 diiudicari
711 1776 786 1820 non
807 1754 981 1821 m'odo'ex
1003 1751 1092 1819 scri·
1140 1775 1209 1843 que
1242 1751 1415 1823 maximae
1449 1775 1552 1835 curae
1588 1753 1767 1842 publicam
1802 1773 1922 1843 pacem
1962 1772 2055 1832 esse,
2097 1762 2132 1819 et

93 1864 220 1943 ptura,
254 1850 313 1916 sed
339 1849 443 1918 etiarn
468 1870 509 1919 ex
527 1853 708 1923 'veteribus
723 1848 982 1922 'Ecclesiasticis
1004 1852 1092 1945 scri·
1140 1853 1302 1921 omnium
1326 1872 1446 1943 earum
1466 1855 1624 1943 gentium
1646 1855 1812 1937 salutem,
1836 1851 1965 1946 quibus
1983 1874 2132 1941 praepo-

92 1939 261 2045 pleribus
292 1964 456 2053 possunt:
498 1953 661 2026 simodo
691 1948 931 2025 adhibeantur
958 1954 1093 2024 indices
1141 1954 1228 2025 situs
1250 1978 1303 2038 es,
1329 1979 1452 2024 omnes
1476 1955 1669 2025 confidunt.
1719 1954 1823 2024 Hanc
1846 1968 1943 2022 tuam
1964 1952 2132 2023 voluuta-

93 2058 172 2129 nott
196 2050 298 2130 stulti
329 2065 392 2122 aut
423 2052 589 2143 improbi.
649 2051 743 2126 Cum
769 2050 858 2125 haec
885 2069 957 2127 tam
979 2054 1093 2124 facilis
1141 2068 1211 2125 tem
1235 2058 1397 2141 ostende,
1428 2080 1576 2149 quaeso,
1604 2053 1819 2147 Germaniae
1841 2053 2003 2147 populis,
2029 2067 2064 2123 et
2085 2054 2130 2123 da
2214 2050 2217 2057 ’

94 2166 130 2225 et
146 2153 310 2243 expedita
325 2151 542 2227 ratio'sitob
557 2156 948 2227 oculosmanimamnla
963 2180 1094 2227 sanan-
1140 2182 1284 2249 operam
1306 2158 1518 2250 aliquando,
1549 2172 1603 2241 ut,
1637 2171 1813 2227 contracta
1843 2156 1989 2250 Synodo
2015 2157 2130 2225 bono-
2173 2154 2178 2161 ’

94 2254 153 2339 di,
182 2248 417 2327 tamentanta
437 2270 489 2323 est
504 2259 730 2348 quorundam
751 2259 961 2350 pertinacia,
992 2271 1035 2328 ut
1053 2257 1091 2327 vi
1140 2283 1220 2328 rum
1241 2260 1420 2343 virorum,
1433 2330 1445 2341 κ
1460 2273 1675 2351 quaerantur
1701 2260 1926 2349 publicorum
1953 2258 2130 2326 malorum

94 2354 311 2443 spaliututi,
337 2351 431 2424 nibil
447 2358 543 2435 enim
562 2359 678 2431 dicam
697 2360 872 2450 asperius,
898 2384 1007 2453 quam
1026 2353 1092 2447 hac
1139 2361 1306 2433 remedia.
1367 2359 1523 2448 Quidam
1551 2355 1645 2427 nihil
1667 2374 1793 2451 putent
1816 2359 2006 2428 convenire
2029 2378 2131 2448 posse

95 2457 255 2541 radone,
278 2480 368 2549 quae
385 2482 466 2528 cum
483 2458 569 2549 ipsis
585 2474 674 2531 esset
688 2462 810 2543 utilis,
829 2475 905 2533 tum
919 2460 1091 2552 Reipubl.
1140 2462 1233 2532 inter
1255 2474 1327 2551 tam
1345 2462 1441 2529 varie
1460 2462 1724 2545 dissentientes,
1750 2476 1826 2530 tum
1851 2461 1890 2527 in
1914 2455 1980 2529 hac
2003 2461 2153 2528 obscu-·

92 2558 342 2641 saluberrima.
402 2555 452 2629 Et
470 2560 632 2632 existimo
652 2563 830 2646 futurum,
859 2578 900 2633 ut
922 2588 1003 2632 cum
1028 2562 1091 2630 diu
1139 2562 1243 2639 ritate
1260 2563 1471 2654 scripturae,
1495 2575 1536 2631 ut
1555 2565 1714 2647 videtur,
1741 2587 1839 2632 suam
1855 2562 2002 2655 quisque
2019 2561 2131 2647 iuter-

95 2659 270 2743 saevitum
282 2659 413 2749 luerit,
440 2684 519 2732 cum
536 2664 655 2749 caede,
682 2664 848 2736 incendio
865 2681 900 2737 et
915 2664 1091 2734 similibus
1139 2665 1371 2755 pretationem
1393 2664 1573 2745 mordicus
1595 2679 1707 2749 tenet,
1738 2688 1803 2733 nec
1823 2665 1868 2732 ab
1893 2686 1932 2731 ea
1956 2661 2131 2732 dimoveri

94 2759 219 2843 mlii,
251 2761 347 2853 quod
363 2758 459 2837 Deus
476 2758 682 2853 prohibeat,
710 2765 836 2836 misere
856 2779 978 2859 vexata
998 2763 1101 2849 Ger··
1140 2788 1181 2836 se.
1195 2767 1340 2836 alterius
1362 2765 1471 2856 partis
1489 2764 1687 2835 rationibus
1712 2766 2036 2849 veltransversum
2059 2786 2130 2832 un-

93 2861 218 2937 mania
246 2862 370 2943 fuerit,
413 2876 531 2934 mmen
564 2889 604 2934 eo
634 2881 755 2959 postea
784 2870 1010 2947 decurratur,
1029 2928 1032 2933 .
1050 2879 1091 2936 ut
1139 2890 1248 2959 guem‘
1261 2868 1404 2959 patitur.
1456 2865 1590 2935 Verum
1609 2891 1671 2956 ego
1689 2866 1829 2935 abonis
1848 2866 1934 2933 viris
1958 2864 2132 2947 existimo,

94 2975 216 3045 coacta
235 2960 382 3057 Synodo
409 2964 585 3040 iudicetur
613 2969 656 3041 de
679 2970 920 3058 dogmatibus,
954 2983 989 3039 et
1009 2992 1091 3038 mu·
1140 2995 1221 3042 cum
1238 2994 1279 3038 ex
1295 2970 1489 3061 scriptura,
1516 2981 1590 3037 tum
1608 2992 1648 3036 ex
1664 2962 2027 3037 veteribusEcclesiae
2042 2964 2130 3035 scri-

94 3077 218 3141 teotnr
248 3067 421 3156 quaedam
453 3068 697 3142 ordinationes
721 3082 873 3155 veteres,
906 3085 941 3140 et
964 3093 1091 3160 repur-
1139 3071 1319 3166 ptoribus‚
1349 3072 1392 3137 de
1425 3069 1649 3156 dogmatibus
1681 3067 1941 3151 ecclesiasticis,
1976 3066 2130 3159 quaein

93 3177 199 3257 getur
219 3165 338 3259 aliquo
360 3169 467 3244 modo
484 3167 653 3247 Ecclesia.
704 3169 827 3265 Neque
850 3173 945 3243 enim
969 3170 1090 3260 negari
1140 3171 1415 3243 controversiam
1437 3165 1504 3237 hoc
1523 3185 1680 3258 tempore
1699 3182 1891 3252 venerunt,
1918 3192 2018 3259 posse
2043 3192 2131 3237 con-

93 3281 231 3360 potest,
277 3268 389 3346 multa
437 3270 542 3351 vitia,
586 3273 650 3341 diu
694 3273 766 3341 iam
815 3272 1089 3345 dormitantibus
1140 3276 1249 3347 stitui.
1316 3271 1423 3360 Quod
1445 3272 1559 3341 maius
1582 3273 1789 3341 beneficium
1811 3284 1986 3360 praestare
2011 3285 2131 3361 posses

93 3364 302 3460 Episcopis,
328 3369 366 3436 in
384 3364 578 3443 Ecclesiam
598 3374 789 3464 irrepsisse.
840 3372 890 3446 Ut
906 3375 1000 3443 enim
1019 3372 1088 3447 alia
1139 3391 1220 3448 tuae
1234 3375 1388 3467 patriae,
1414 3373 1566 3465 quamsi
1587 3398 1704 3462 pacem
1727 3372 2023 3464 concordiamque
2045 3395 2130 3462 pro-

89 3468 392 3562 'praetermittam,
424 3496 479 3540 res
508 3473 666 3565 loquitur
698 3476 791 3566 ipsa,
826 3470 1090 3546 Eucharistiam
1140 3480 1197 3549 cul
1227 3477 1425 3548 exulantem
1452 3476 1490 3542 in
1514 3471 1690 3543 Ecclesias
1712 3476 1907 3563 reduceres.
1973 3471 2129 3566 Maiores

94 3593 227 3660 magno
251 3571 380 3639 scelere
412 3574 611 3662 profanari,
652 3577 816 3645 collatam
836 3579 878 3645 ad
904 3587 1087 3670 quaestum
1139 3580 1193 3650 tui
1205 3601 1378 3650 summam
1393 3577 1477 3644 belli
1494 3576 1642 3665 gloriam
1657 3577 1695 3643 in
1711 3575 1884 3645 familiam
1898 3589 2051 3645 vestram
2072 3574 2131 3641 in-

95 3695 116 3741 a
137 3670 249 3760 vulgo
268 3674 509 3756 sacerdotum,
537 3700 626 3768 quae
650 3700 706 3746 res
728 3692 902 3770 quantum
932 3677 1089 3747 offendat
1139 3681 1310 3751 tulerunt.
1377 3675 1523 3747 Utinam
1548 3691 1586 3749 tu
1614 3678 1761 3771 reliquis
1783 3676 1907 3746 vestris
1931 3673 2130 3769 praeconiis

95 3769 234 3863 Deuuu
261 3774 440 3851 aestimari
460 3801 501 3845 ex
524 3801 565 3846 eo
589 3792 721 3869 potest,
747 3782 844 3875 quod
860 3777 993 3851 Paulus
1016 3792 1087 3847 tam
1139 3784 1280 3853 laudem
1310 3778 1490 3867 restitutae
1520 3781 1730 3849 concordiae
1758 3778 1920 3863 adiicias,
1958 3801 2027 3871 qua
2054 3800 2129 3846 non

94 3872 251 3967 graviter
264 3874 421 3955 minatur
436 3871 509 3963 his,
536 3880 598 3972 qui
611 3881 779 3975 polluunt
792 3878 931 3974 Corpus
948 3893 981 3949 et
996 3878 1089 3950 San·
1139 3884 1209 3968 alia
1222 3882 1334 3971 magis
1353 3881 1461 3969 digna
1480 3880 1640 3972 principe
1662 3894 1696 3950 et
1709 3876 1886 3971 Episcopo
1906 3904 1978 3949 esse
2000 3891 2128 3970 potest:

93 3974 242 4067 guinem
260 3972 420 4057 Domini.
482 3976 576 4052 Sunt
594 3981 663 4051 alia
687 3983 819 4067 multa,
854 4007 944 4075 quae
965 4005 1088 4059 recen·
1139 4009 1240 4076 saepe
1262 3983 1367 4068 etiam
1389 3981 1595 4072 Moguntiui
1616 3978 1787 4074 Episcopi
1818 4004 2055 4072 praecessores
2075 3978 2129 4071 tui

93 4069 351 4157 sere'boc'loco
367 4102 442 4148 non
463 4094 515 4149 est
529 4081 657 4167 visum.
707 4080 826 4161 Habet
849 4084 985 4177 aliquid
1009 4082 1087 4152 vitii
1138 4086 1303 4181 synodos
1332 4097 1523 4172 coegerunt
1549 4098 1693 4174 propter
1714 4082 1962 4153 ecclesiasticas
1985 4095 2128 4157 contro·

94 4192 130 4251 et
152 4176 292 4248 diversa
315 4204 414 4269 pars,
440 4181 500 4248 sed
526 4181 563 4251 id
586 4184 715 4273 corrigi
730 4209 804 4254 non
818 4182 1088 4277 potest·Princi-
1138 4189 1343 4257 versiasaut
1357 4199 1501 4275 propter
1516 4185 1719 4276 principum
1735 4185 1982 4255 dissensiones.
2019 4174 2129 4253 Nulla

93 4303 185 4372 pum
217 4293 278 4349 aut
305 4277 566 4372 Episcoporum
593 4286 754 4372 saevitia3
794 4300 912 4356 coacta
941 4284 1086 4379 Synodo
1138 4303 1254 4359 autem
1277 4310 1437 4378 unquam
1458 4309 1561 4355 causa
1582 4287 1725 4376 dignior
1740 4285 1826 4370 fuit,
1852 4286 1890 4352 in
1907 4308 1975 4376 qua
1992 4282 2128 4353 diiudi-

91 4391 185 4452 ratio
207 4381 283 4449 eius
298 4382 497 4471 corrigendi
512 4384 597 4454 iniri
614 4401 739 4476 posset.
789 4384 1009 4478 Cumigitur
1031 4409 1087 4455 res
1138 4392 1249 4460 canda
1264 4412 1387 4458 omnes
1403 4388 1547 4457 ordines
1563 4388 1682 4456 omnia
1696 4401 1910 4457 conarentur
1926 4385 2127 4476 experireu-
2238 4384 2242 4389 ’

94 4476 279 4572 cogetho'c
293 4483 434 4563 consilii
453 4507 529 4554 sero
548 4486 741 4581 aliquando
763 4513 904 4579 capere,
929 4513 992 4559 cur
1012 4511 1086 4557 non
1136 4506 1283 4584 tueque,
1299 4514 1407 4582 quam
1420 4485 1527 4559 huius
1547 4489 1714 4579 temporis
1729 4488 1998 4560 controversiae.
2022 4484 2127 4557 Nun-

91 4584 136 4653 in
156 4582 315 4675 tempore
333 4582 555 4657 contrahitur
571 4587 756 4682 Synodus,
782 4590 988 4682 priusquam
1006 4613 1087 4678 gra·
1138 4619 1243 4684 quam
1264 4592 1361 4661 enim
1379 4615 1452 4660 uno
1469 4598 1627 4680 tempore
1649 4592 1692 4659 de
1715 4591 1878 4682 pluribus
1903 4589 2126 4680 dogmatibus

92 4685 178 4754 rius
199 4686 343 4777 aliquod
369 4687 501 4756 malum
526 4689 685 4760 accidat?
738 4686 786 4759 Et
811 4715 875 4762 cur
896 4716 968 4760 nou
994 4691 1086 4780 regis
1137 4695 1368 4785 disceptatum
1392 4707 1461 4778 est,
1493 4716 1678 4784 nunquam
1703 4695 1747 4762 de
1768 4692 1898 4762 ritibus
1919 4688 2126 4769 ¹ecclesiasti·

92 4784 194 4855 illius
222 4787 411 4855 consilium
436 4790 532 4878 apud
554 4787 699 4860 Poetam
724 4793 910 4876 audimus,
942 4793 1008 4886 qui¹
1027 4793 1085 4862 in·
1137 4797 1187 4870 cis
1199 4794 1378 4865 mutandis
1396 4796 1439 4865 ad
1456 4789 1551 4863 bunc
1566 4796 1712 4865 modum
1730 4795 1919 4879 cogitatum
1937 4806 1997 4861 est.
2035 4787 2125 4861 Pro·

92 4885 190 4980 quit:
223 4881 272 4957 Si
282 4881 414 4957 Turno
429 4888 544 4959 occiso
560 4889 677 4961 socios
694 4891 809 4963 accire
829 4892 996 4992 paratis,
1023 4917 1087 4962 cur
1136 4898 1220 4967 inde
1249 4897 1347 4965 decet
1378 4908 1428 4979 te,
1471 4908 1644 4988 quantum
1672 4895 1820 4965 consilio
1849 4893 2125 4986 auctoritateque

93 5010 171 5056 non
193 4984 373 5059 incolumi
389 4989 541 5085 potius?
590 4992 632 5065 si
651 4994 842 5089 aliquando
867 4997 1086 5085 coniungetis
1136 5013 1251 5091 potes,
1277 5000 1508 5079 contendere,
1535 5010 1575 5066 ut
1590 4996 1685 5066 iuxta
1706 4996 1904 5086 exemplum
1924 5016 2123 5086 praecesso-

91 5088 199 5159 vobis
216 5113 293 5176 eos,
318 5115 407 5183 quos
422 5108 518 5163 nunc
532 5106 703 5189 tanquam
718 5094 925 5167 Haereticos
943 5114 977 5168 et
999 5124 1086 5168 con·
1135 5126 1216 5170 rum
1244 5112 1387 5169 tuorum
1425 5098 1641 5190 periclitanti
1673 5093 1851 5167 Ecclesiae
1885 5120 1987 5188 opem
2021 5096 2124 5168 feras.

93 5190 286 5281 sceleratos
295 5194 524 5279 aversamini,
549 5220 630 5269 curu
648 5199 804 5292 aliquam
824 5222 988 5288 magnam
1013 5201 1083 5285 cla-
1134 5197 1236 5272 Nihil
1267 5224 1382 5295 neque
1411 5195 1479 5269 hoc
1508 5214 1665 5291 tempore
1696 5194 1898 5279 honestius,
1937 5221 2051 5291 neque
2077 5198 2122 5266 ad

93 5292 177 5379 (lem
195 5288 373 5387 ,liespubl
395 5294 589 5388 acceperit,
628 5301 813 5381 sanuses
837 5302 913 5373 sine
941 5303 1083 5394 publico
1134 5317 1293 5396 posteros
1308 5302 1590 5387 memorabilius,
1616 5325 1732 5395 neque
1750 5298 1826 5370 Deo
1842 5299 1975 5390 gratius
1997 5294 2062 5370 hac
2083 5323 2122 5367 re
2213 5298 2216 5303 ’

94 5391 325 5491 Ῑῦρθῐψθάθ
346 5420 470 5489 Pedem
495 5413 623 5489 sartam
644 5414 791 5490 tectam,
822 5418 868 5487 ‚ut
887 5404 937 5485 ita
958 5402 1085 5495 dicam,
1135 5405 1271 5477 efficere
1293 5404 1416 5496 possis.
1473 5401 1548 5475 Nec
1567 5404 1686 5473 minus
1707 5403 1774 5473 tibi
1795 5400 1976 5473 debebunt
1999 5423 2121 5472 omnes
