4500 5782
59 160 143 312 tst
498 172 504 183 ⁸
649 223 1088 304 EPISTOLARUM
1137 223 1243 304 L1B.
1269 224 1315 303 lt
1371 223 1504 305 1520.
2021 220 2094 294 190

54 406 116 478 nbi
138 403 395 490 ratiocinatur,
421 429 496 475 nou
516 400 713 488 Ecclesiae,
738 402 799 473 sed
822 397 928 472 Petro
952 402 1051 469 datas
1102 399 1213 470 nimia
1236 401 1442 486 videantur,
1474 413 1551 470 tum
1585 400 1681 492 quod
1702 398 1741 468 iu
1768 392 1835 466 hac
1859 416 1978 466 caussa
2008 416 2028 461 a
2059 407 2097 463 te

55 531 125 579 esse
141 508 277 592 claves,
303 510 401 601 quod
423 530 498 577 non
520 506 659 599 possint
686 503 909 594 singulorum
933 496 1053 570 homi*
1101 503 1251 593 produci
1265 498 1358 571 nihil
1373 502 1500 595 possit,
1522 503 1620 595 quod
1634 524 1709 569 non
1730 514 1811 570 ante
1834 498 1879 568 sit
1900 516 2095 580 excussum,

55 634 143 681 num
170 609 285 700 gratia
318 609 479 703 quotidie
500 609 628 701 synodi
642 618 713 677 'aut
732 605 881 676 concilia
903 624 1051 692 cougre-
1102 617 1179 673 tum
1212 606 1308 697 quod
1334 604 1509 674 eiusmodi
1533 618 1595 675 tua
1620 604 1692 672 siut
1719 601 1856 683 omnia,
1895 621 1985 691 quae
2011 610 2094 667 eta

56 712 149 804 gari,
186 712 249 780 sed
276 724 444 803 oportere
462 730 538 779 rem
567 709 676 780 unius
705 708 854 778 arbitrio
883 703 1052 799 permitti.
1101 706 1273 775 mediocri
1292 706 1422 778 lectore
1448 720 1525 776 tum
1545 704 1714 787 iudicari,
1746 716 1822 771 tum
1840 701 1932 770 dilui
1951 709 2093 792 queant.

55 810 102 887 Et
121 826 219 885 recte
236 813 393 905 quidem.
442 834 528 881 nam
544 825 662 882 etnos
676 811 842 879 volumus
855 805 1051 900 Episcopos
1102 804 1150 876 Et
1169 808 1267 900 quod
1295 808 1336 876 in
1361 808 1568 877 universum
1586 804 1773 876 Pontificia
1802 826 1921 873 caussa
1946 799 2095 887 indigna

56 917 172 985 claves
186 913 233 983 ab
245 898 408 983 Ecclesia¹
417 912 599 1004 accipere,
623 934 697 982 nou
716 924 832 980 autern
854 908 968 1003 (quod
990 907 1052 982 ille
1103 909 1165 994 sit,
1190 909 1313 1003 inqua
1331 902 1637 1001 multuni'ponant
1653 928 1797 998 operae,
1818 904 1887 972 nisi
1903 903 1964 996 qui
1980 900 2096 971 taedia

57 1017 205 1086 insanus
223 1016 334 1085 irater
349 1013 482 1108 conset)
498 1012 694 1085 Ecclesiam
715 1013 760 1083 ab
773 1009 972 1104 Episcopis.
1003 1009 1052 1076 si·
1103 1010 1311 1081 melioribus
1333 1011 1460 1081 studiis
1478 1006 1601 1080 fallere
1625 1009 1799 1079 nesciunt.
1862 1004 1937 1076 Nos
1956 999 2095 1072 hostem

57 1119 210 1212 quidem
248 1116 418 1186 dicuntur
453 1113 633 1196 Ecclesiae
681 1132 755 1183 uon
792 1110 1052 1206 Episcopornm
1103 1113 1328 1203 repudimus,
1363 1114 1499 1204 gladios
1525 1125 1605 1182 tuos
1631 1111 1751 1202 aegide
1772 1107 1931 1176 Palladia
1960 1103 2096 1173 retudi-

57 1221 183 1292 dares.
235 1218 456 1287 demandatis
473 1217 633 1287 clavibus
648 1228 797 1288 utantur
811 1212 991 1307 Episcopi,
1013 1223 1054 1283 ut
1103 1221 1203 1299 mus,
1244 1216 1304 1284 sed
1333 1210 1552 1307 triumphata
1567 1215 1631 1283 'ius
1653 1236 1728 1281 non
1758 1208 1940 1303 permittit·
2004 1205 2095 1275 Nam

57 1342 112 1408 res
127 1316 322 1389 ‘Ecclesiae'
338 1321 539 1412 postulant,¹
568 1319 662 1389 attae
682 1316 867 1409 privatim,
903 1314 989 1385 alias
1009 1309 1053 1406 ³⁶)
1104 1304 1220 1410 ndque
1233 1315 1366 1386 iustum
1383 1300 1540 1401 ho'st'dlu,
1560 1339 1676 1409 neque
1701 1315 1808 1383 iustas
1829 1311 1947 1403 copias
1969 1306 2097 1376 stravi&

57 1420 234 1515 publice·
256 1419 485 1523 -Nam-quod
509 1419 764 1513 ad··'pttblitam
795 1418 1052 1509 correptionem
1104 1426 1225 1513 m'usssj
1251 1420 1311 1487 sed
1359 1391 1605 1513 sycophantias
1643 1415 1878 1487 confodimus.
1957 1407 2097 1497 Quodsi

58 1518 211 1608 adtinet,
237 1523 333 1617 quod
355 1535 551 1607 caussatur,
577 1540 657 1591 non
680 1544 782 1612 posse
805 1542 944 1613 semper
967 1540 1054 1587 con·
1104 1541 1226 1611 perges
1256 1520 1413 1589 insanire
1432 1534 1481 1589 ‘et
1506 1520 1703 1590 instaurare
1729 1539 1884 1608 pugnam
1917 1530 2097 1581 successus

57 1625 138 1695 cilia
161 1623 278 1709 coire,
303 1647 368 1694 cur
388 1647 465 1693 nou
484 1620 765 1693 Ecclesiasticam
787 1635 945 1690 veterum
968 1642 1054 1688 con·
1105 1644 1249 1712 sperans
1285 1623 1470 1705 meliores,
1516 1621 1614 1692 iuxta
1650 1618 1877 1712 proverbium
1912 1609 2097 1705 δευτέρων

58 1725 284 1798 suetudinem
307 1725 542 1820 consyderat?
592 1723 763 1815 Solebant
790 1723 885 1793 enim
912 1720 1053 1814 publiea
1106 1715 1317 1814 ἀμεινόνων
1323 1773 1334 1806 ,
1354 1758 1358 1763 ·
1380 1722 1495 1810 sarciri
1529 1737 1591 1793 tuo
1622 1721 1831 1790 savehimus.
1896 1714 2031 1784 Verum
2063 1725 2097 1782 te

59 1827 208 1897 crimina
235 1825 378 1919 publice
404 1826 590 1899 vindicari.
648 1824 752 1895 Pauli
778 1848 863 1894 vero
886 1825 983 1893 locos
1015 1822 1054 1889 in
1106 1826 1205 1894 decet
1216 1824 1421 1893 meminisse
1434 1828 1503 1895 τοῦ
1514 1819 1558 1916 ⁸⁹)
1571 1817 1730 1895 Κώνωνι
1748 1812 1909 1910 πόλεμον
1921 1810 1969 1911 ”),
1995 1813 2097 1887 Vale.

58 1922 330 1999 Corinthiorum
353 1924 513 2019 Epistola
540 1927 699 2019 apposite
726 1939 869 2010 tractat,
908 1938 1055 1995 conten·
1105 1920 1418 2016 Vuittembergae,
1429 1924 1561 1996 Mense
1578 1924 1697 2010 Maio,
1722 1919 1830 1992 Anno
1844 1916 1949 1994 MD.
1959 1915 2037 1987 XX.
2051 1910 2098 2007 ⁴⁰)

58 2030 149 2100 disse
180 2024 393 2100 Corinthios
425 2031 470 2099 de
503 2029 695 2123 baptismo,
738 2048 815 2098 non
851 2028 894 2097 de
936 2024 1053 2098 Petro.
1169 2110 1172 2114 Ι
1411 2058 1438 2069 ··
1468 2099 1477 2130 ἵ

58 2152 210 2226 φεοεο,
243 2154 367 2201 nonne
385 2131 583 2225 baptismus
603 2128 781 2224 baptismo
804 2129 983 2222 praelatus
1002 2138 1054 2195 est

58 2222 204 2326 propter
221 2232 318 2318 eius,
340 2234 404 2326 qui
420 2233 554 2302 laverat
567 2230 835 2302 auctoritatem?
871 2228 975 2298 Hanc
992 2227 1053 2297 ille
2040 2310 2047 2325 ο

58 2334 303 2405 auctoritatem
318 2357 551 2425 personarum
570 2335 692 2406 elevat.
746 2332 846 2422 Quin
863 2332 959 2400 idem
977 2353 1054 2398 ma·
1105 2305 1266 2432 Q
1902 2302 1959 2394 (m.
1987 2304 2098 2387 Maro.)
2190 2322 2193 2329 ’

58 2435 185 2507 niieste
208 2435 249 2504 in
272 2433 411 2506 Galatis
440 2436 590 2520 indicat,
620 2435 710 2504 alios
734 2430 924 2526 Apostolos
944 2430 1052 2521 vulgo
1517 2501 1524 2518 ,
1790 2500 1796 2515 ,

58 2537 135 2607 aliis
165 2536 345 2630 praelatos
382 2559 475 2623 esse,
516 2560 598 2608 cum
628 2536 678 2607 ait
707 2533 875 2621 lacobus,
915 2527 1053 2626 Cephas
1363 2497 1522 2580 Ioanni
1556 2493 1834 2580 SCilwssbsslW·

59 2632 293 2723 etlobannes,
315 2640 379 2732 qui
391 2638 805 2711 videbantur-columnae
818 2660 903 2710 esse.
954 2634 1054 2727 atqui

59 2753 91 2809 et
107 2734 238 2811 istheic
259 2739 407 2810 illorum
422 2740 537 2810 elevat
561 2740 816 2813 auctoritatem.
868 2737 1053 2808 Postremo

59 2863 164 2935 imm
178 2840 597 2961 mndideimefpremur
614 2855 861 2960 minimum
881 2842 926 2910 de
945 2839 1052 2909 mi⁸⁸⁰
1104 2872 1199 2951 Phr·
1205 2871 1712 2980 lippusMelonchthoa
1730 2873 1755 2947 I
1764 2876 1907 2949 oanni
1919 2870 2097 2949 Schwe-

58 2939 162 3012 Petro
192 2942 240 3012 ab
265 2936 471 3034 Apostolrs?
511 2944 608 3037 quod
637 2943 813 3014 mahtrose
842 2967 881 3013 ac
908 2964 973 3034 per
995 2964 1054 3010 ca·
1531 2976 1656 3052 balio

60 3042 232 3112 lumniam
261 3045 307 3113 ad
334 3040 506 3114 Arianam
537 3040 699 3114 haeresin
728 3045 906 3117 transfert.
976 3039 1053 3131 Age
1656 3033 1666 3056 ⁸

60 3167 158 3228 vero,
183 3168 261 3214 non
275 3147 382 3215 modo
404 3146 450 3216 ab
471 3145 551 3214 aliis
564 3140 746 3237 Apostolis
763 3147 893 3216 missus
913 3158 963 3214 est
983 3140 1054 3213 Pe·
1103 3125 1213 3218 Salve
1234 3146 1285 3214 mi
1301 3146 1422 3218 frater.
1485 3140 1725 3215 Vehementer
1744 3142 1894 3213 miratus
1915 3167 2009 3228 sum,
2033 3167 2098 3215 cur

60 3258 148 3330 trus,
181 3246 246 3314 sed
270 3247 415 3316 rediens
439 3271 457 3316 a
475 3243 681 3328 Cornelio,¹
700 3246 815 3318 iussus
839 3247 945 3317 etlam
968 3246 1054 3314 red·
1103 3250 1149 3317 ad
1164 3271 1222 3317 me
1240 3270 1316 3316 non
1331 3246 1530 3339 scripseris,
1553 3247 1748 3340 etquidem
1764 3269 1828 3338 per
1843 3258 1914 3314 tam
1930 3246 2041 3316 fidum
2057 3268 2098 3317 ae

61 3347 137 3417 dere
157 3368 282 3417 rerum
300 3363 477 3438 gestarum
500 3349 687 3422 rationem.
722 3347 838 3441 ·Quo
861 3348 979 3443 'palam
1002 3346 1053 3432 fit,
1103 3363 1249 3441 eertum,
1261 3348 1448 3432 nuntium,
1478 3348 1624 3419 fratrem
1647 3363 1765 3433 tuum,
1803 3347 1875 3416 nisi
1895 3351 2003 3419 verba
2029 3348 2099 3421 tibi

61 3444 201 3521 Petrum
234 3469 313 3518 non
343 3450 452 3520 luisse
481 3451 653 3519 maiorem
677 3445 861 3542 Apostolis
892 3449 1053 3543 reliquis.
1103 3453 1252 3537 desunt,
1277 3450 1409 3522 scilicet
1423 3449 1594 3522 lusciniae
1609 3451 1747 3531 cantio,
1770 3450 1857 3520 adeo
1877 3450 2029 3541 elinguis
2046 3464 2099 3522 est

63 3543 167 3619 Porro
202 3548 300 3642 quod
332 3551 469 3641 colligis
502 3552 541 3620 in
567 3548 662 3621 hunc
685 3553 851 3637 modum,
885 3559 918 3620 et
939 3546 1053 3646 spiri-
1101 3578 1221 3639 amor,
1252 3565 1355 3623 utne
1373 3548 1417 3626 τὸ
1436 3555 1565 3650 χαῖρε,
1589 3548 1633 3626 τὸ
1656 3549 1768 3650 φίλον
1792 3543 2019 3653 γράψεσθαί
2044 3576 2096 3641 os,

1172 2705 1212 2761 Er
1225 2703 1354 2763 Centurio
1368 2704 1506 2779 epistolar.
1518 2703 1694 2778 theologicae.
1706 2703 1740 2760 ad
1754 2703 1775 2758 l.
1790 2701 1990 2761 Schwebelium
2009 2720 2035 2774 p.
2047 2703 2075 2756 6.

10 3710 12 3725 .
64 3655 280 3720 lus-sanctus
293 3648 494 3722 missasest
508 3661 664 3750 epatre,
681 3651 1052 3749 tetigiturpalremi-
1103 3680 1184 3727 cum
1202 3679 1278 3726 non
1302 3678 1411 3749 queas
1440 3655 1515 3725 ulla
1540 3679 1579 3725 re
1610 3657 1764 3746 gratiore
1789 3649 1880 3724 mihi
1914 3656 2097 3741 inservire,

66 3771 143 3837 sor,
194 3775 271 3820 non
305 3754 534 3847 consequitur
564 3755 752 3846 ex'priori
781 3750 1052 3850 enthymemate.
1103 3782 1209 3851 quam
1225 3756 1406 3849 epistolari
1420 3757 1548 3833 officio.
1589 3757 1664 3828 Nos
1679 3781 1778 3843 sane,
1800 3757 1991 3851 quominus
2006 3784 2098 3852 quo-

66 3847 145 3921 llarn
156 3853 193 3936 si,
204 3855 306 3922 voles
319 3849 385 3925 hac
398 3857 536 3927 ratione
552 3851 709 3925 humana
724 3858 845 3926 omnia
864 3859 909 3926 ad
929 3856 1052 3926 divina
1103 3860 1189 3929 tidie
1203 3859 1399 3931 scribamus
1414 3859 1458 3927 ad
1475 3878 1525 3944 te,
1549 3874 1725 3952 occupant
1738 3856 1948 3929 Acroamata
1964 3875 2096 3946 nostra,
2165 3874 2180 3885 ’

67 3952 278 4046 drmparare,
310 3980 401 4048 quae
427 3970 587 4028 monstra
618 3958 854 4028 confinxeris?
907 3957 982 4028 Nos
1012 3957 1052 4025 in
1102 3960 1233 4054 quibus
1253 3985 1295 4030 ex
1314 3961 1437 4033 debito
1454 3962 1653 4031 vacandum
1676 3975 1738 4037 est.
1788 3958 1891 4033 Beati
1909 3985 1989 4045 vos,
2015 3963 2097 4055 qui-

68 4057 318 4147 comparatione
339 4053 595 4150 Apostolorum
622 4080 824 4146 versamur,
853 4059 940 4144 uhi,
968 4059 1052 4153 quia
1102 4063 1169 4132 bus
1193 4075 1228 4133 et
1250 4062 1363 4136 otium
1386 4076 1420 4134 et
1444 4064 1567 4133 literae
1593 4063 1836 4153 contigerunt!
1894 4060 2009 4133 Nobis
2036 4063 2096 4133 vir

10 4203 11 4212 1
68 4148 182 4226 Petrus
212 4157 334 4227 omnia
362 4161 564 4230 communia
592 4186 673 4231 cum
702 4161 850 4256 reliquis
870 4160 1052 4254 Apostolis
1103 4161 1230 4263 ἄκροις
1243 4157 1440 4244 δακτύλοις
1453 4164 1555 4236 licuit
1571 4165 1730 4235 delibare
1747 4167 1884 4250 literas,
1910 4177 1944 4234 et
1957 4164 2022 4235 otri
2037 4164 2095 4234 ni-

10 4306 12 4316 ·
68 4245 179 4342 latet,
204 4259 381 4350 praeferre
399 4284 479 4330 eum
498 4262 579 4330 aliis
594 4286 669 4331 non
684 4286 881 4353 possumus.
933 4260 1052 4333 Mitti·
1103 4260 1155 4335 hil
1175 4288 1333 4360 uuquam
1355 4267 1427 4335 iere
1441 4266 1599 4356 contigit.
1650 4263 1698 4337 Et
1718 4291 1815 4337 nunc
1837 4266 1948 4335 seriae
1967 4292 2008 4336 ac
2032 4291 2097 4337 ne-

10 4404 14 4419 .
71 4365 119 4426 tur
136 4360 236 4429 enim
257 4361 405 4452 perinde
427 4376 532 4455 atque
552 4359 747 4447 lohannes,
776 4362 928 4448 Paulus,
960 4362 1051 4433 Bur·
1102 4368 1269 4436 cessariae
1290 4368 1400 4457 magis
1419 4383 1502 4438 sunt
1524 4369 1772 4460 occupationes
1793 4383 1954 4453 nostrae,
1989 4393 2097 4464 quam

10 4491 15 4527 t

10 4592 17 4641 l

10 4694 19 4737 1

10 4898 22 4938 Ε

10 4948 31 5044 ,t

10 5266 37 5735 l

72 4458 166 4529 tahas
179 4475 246 4534 etc.
272 4485 392 4552 parem
407 4463 486 4532 aliis
493 4459 674 4556 Apostolis
692 4489 765 4533 esse
781 4468 960 4550 volumus,
976 4489 1050 4534 non
1102 4457 1247 4539 fuerunt
1264 4469 1345 4537 illac
1359 4470 1395 4537 in
1406 4470 1532 4543 Suevis
1545 4470 1643 4553 olim,
1664 4496 1745 4540 cum
1759 4466 1876 4542 adhue
1892 4465 2096 4559 ἐνεανιεύο-

74 4561 286 4650 tuperiorem.
341 4561 394 4634 Ita
420 4579 453 4634 et
477 4567 693 4657 comparatio
717 4580 777 4636 tua
799 4568 950 4652 valebit,
965 4582 1050 4636 'non
1100 4594 1182 4664 μεν.
1235 4567 1432 4641 Martinus
1448 4586 1568 4644 noster
1585 4573 1711 4664 spirat,
1737 4588 1841 4667 atque
1863 4575 2000 4645 utinam
2020 4565 2094 4648 diu.

75 4663 310 4754 tssespiritum
325 4679 485 4736 sanctum
499 4680 598 4758 patre
609 4668 797 4753 maiorem,
824 4670 1052 4764 quandoqui-
1102 4668 1235 4743 Omnia
1250 4674 1449 4743 moliuntur
1461 4672 1697 4747 Romulidum
1707 4672 1972 4771 sycophantae,
1997 4676 2095 4769 quod

76 4758 137 4831 den
155 4788 175 4833 a
194 4778 296 4858 patre
309 4766 436 4836 missus
451 4781 513 4838 est⁴
903 4852 905 4859 ¹
1068 4798 1220 4867 spero,
1243 4798 1369 4867 parurn
1392 4777 1602 4868 profecturi,
1622 4793 1663 4849 ut
1678 4778 1855 4870 optimum
1871 4804 1910 4848 ac
1931 4778 2094 4849 doctissi-

154 4862 321 4936 Breviter
335 4868 616 4955 confutavimus,
640 4866 860 4965 Augustius,
886 4872 1050 4943 libellum

77 4968 173 5051 hun,
203 4968 345 5038 omissis
370 4994 460 5063 quae
485 4973 623 5041 adrem
648 4997 722 5043 non
755 4975 961 5045 admodum·
976 4974 1048 5043 visa

79 5078 138 5134 111111
163 5070 326 5142 attinere.
393 5070 473 5140 lel
501 5076 716 5164 parcendum
749 5075 874 5146 fuisset
909 5071 1050 5160 chartis,
1134 5091 1160 5159 ⁸)
1179 5087 1222 5143 De
1230 5090 1382 5173 proverbio
1395 5086 1518 5162 πόλεμος
1529 5090 1649 5148 Kainon
1661 5090 1775 5166 μελήσει
1795 5092 1823 5152 ti.
1839 5110 1861 5145 e.
1877 5090 1989 5145 curabit
2008 5111 2092 5165 proe-

79 5159 217 5245 lltlribus
230 5185 348 5242 tecum
366 5171 566 5263 egissemus.
618 5200 822 5271 quanquam
837 5173 922 5249 haec
939 5201 1048 5271 prope
1167 5157 1714 5303 lliissiinloiissssiiiffmpihffi'w
1731 5163 1802 5291 1111·
1815 5162 1933 5216 basma·
1943 5162 2010 5299 liat·
2025 5160 2092 5274 l&

79 5318 337 5349 “··-··“·····’
1149 5312 1194 5383 89)
1213 5310 1276 5381 soil
1295 5311 1327 5367 L.
1340 5329 1420 5383 opp:
1445 5313 1565 5380 „raim”
1600 5314 1633 5368 F.

114 5387 244 5464 idlalin]
264 5389 642 5466 Ep.primnmed.r„alia,¹'
678 5396 711 5453 F.
1148 5394 1381 5466 t0)M.D.xx.]
1401 5392 1804 5472 Lutl.opp.r„tt.1).ltxt.”
1836 5399 1871 5458 F.
