4500 5782
89 252 113 329 r
613 226 1049 315 anissonanuu
1102 228 1216 307 nan
1243 226 1311 307 ιιι
1363 228 1489 313 esso
1805 206 1808 211 ’
1994 212 2072 321 sss'
2187 326 2191 335 ,

89 442 260 495 unorum
288 413 471 517 sententiis
501 411 645 483 iudicat.
716 409 828 481 Porro
855 430 931 477 non
958 404 1030 475 alia
1063 386 1246 479 -omriibus
1272 409 1463 499 generibus
1493 398 1783 482 ornamentorum
1809 412 1960 501 referta,
1990 430 2068 507 turn

89 512 315 595 rslit'erarum
330 518 409 610 plus
424 528 486 586 aut
502 512 692 606 voluptatis
708 525 771 583 aut
785 508 951 582 utilitatis
965 508 1030 578 ad·
1063 512 1237 599 ¹adlectus
1265 506 1373 583 habet
1394 506 1550 579 ‘minime
1576 512 1742 601 frigidos,
1781 515 1915 613 quique
1942 516 2069 592 verum
2166 510 2173 515 ⁵

89 622 306 705 tstudiosis,
327 642 433 714 quam
448 612 608 686 historia.
653 611 702 684 Et
717 614 800 707 quia
815 636 873 681 me
887 623 1030 681 auctore
1080 614 1241 683 dolorem
1260 613 1429 697 oratoris,
1451 612 1508 681 vel
1529 612 1568 681 in
1588 616 1784 687 accusando
1804 616 2069 708 improbissimo

89 725 179 816 filias
191 745 273 794 suas
285 722 375 807 edit,
401 718 508 789 libuit
523 717 624 809 operi
641 710 831 810 praefigere
846 708 938 782 hanc
955 711 1031 803 epi·
1080 709 1246 800 homine,
1299 714 1357 783 vel
1391 714 1430 784 in
1470 715 1699 807 deplorandis
1740 718 1845 786 malis
1876 721 2069 812 reipublice

89 826 185 911 hm,
215 849 287 919 qna
311 847 392 894 cum
414 820 501 901 tibi,
533 833 610 889 tum
633 817 713 889 aliis
738 794 1032 899 adolescentibus,
1082 840 1207 908 magna
1225 840 1306 888 cum
1320 815 1490 906 gravitate
1504 831 1780 908 repraesentant.
1827 817 1968 892 Deinde
1986 826 2079 919 quia

89 928 303 999 iversantur
323 924 362 993 in
383 921 516 1006 literis,
541 920 826 991 commendarem
840 928 1031 987 auctorem.
1081 921 1125 989 ad
1143 941 1260 987 mores
1282 918 1387 987 etiam
1403 919 1517 987 saeue
1540 919 1615 989 visa
1637 931 1699 988 est.
1755 918 1848 989 Nam
1872 923 1969 1005 bona
1989 952 2072 1018 pm

89 1030 155 1101 bet
174 1043 294 1099 autem
312 1021 380 1096 hoc
401 1023 547 1093 nomine
569 1022 636 1095 tibi
654 1015 685 1091 I
682 1016 801 1090 ustins'
820 1018 965 1089 libellus
992 1016 1032 1085 in
1082 1018 1254 1092 orationis
1268 1018 1308 1088 in
1324 1013 1643 1104 hocconsumitur,
1668 1044 1737 1112 qua
1758 1022 1930 1112 religione
1948 1026 2070 1119 publi,

89 1130 166 1200 imis
181 1130 331 1223 placere,
347 1126 445 1221 qnod
460 1124 623 1195 omnium
638 1122 839 1194 seculorum
852 1119 1035 1190 omnium-
1081 1146 1142 1193 cae
1164 1122 1257 1211 leges
1280 1120 1450 1190 colendae
1479 1124 1811 1216 conservandaeque
1840 1124 1924 1197 sint,
1991 1126 2073 1222 Ego

89 1254 109 1303 s
130 1232 290 1323 gentium
311 1227 464 1299 maxime
486 1225 643 1317 insignes
673 1220 838 1295 historias
868 1221 907 1290 in
935 1242 1035 1290 com-
1082 1237 1219 1307 antem,
1243 1221 1327 1316 quia
1341 1216 1568 1292 Christianae
1578 1220 1707 1293 mentis
1727 1247 1802 1294 esse
1823 1239 1958 1315 statuo,
1978 1230 2074 1323 leges

89 1333 214 1409 stium
229 1330 404 1403 contraxit
417 1344 453 1400 et
472 1351 546 1399 uuo
571 1339 740 1421 tanquam
762 1327 855 1394 fasee
871 1342 1035 1413 compre·
1074 1324 1229 1397 -urbium
1243 1322 1407 1413 religiose
1425 1323 1556 1409 vereri,
1578 1324 1766 1397 doctorum
1787 1319 1975 1401 hominum
1990 1354 2074 1403 seu.

89 1435 188 1520 utto,
217 1445 253 1504 et
273 1432 372 1503 velut
394 1431 433 1502 in
453 1430 574 1502 tabula
596 1428 704 1499 simul
729 1426 893 1497 omnium
912 1428 1035 1495 resim
1083 1426 1211 1498 tentias
1226 1426 1270 1495 de
1285 1424 1402 1515 l'egnm
1411 1424 1619 1497 auctoritate
1635 1429 1766 1499 teneris
1776 1428 1905 1500 animis
1919 1432 2073 1524 diligen-

89 1536 266 1611 hlicarum
282 1556 381 1607 cassu
396 1546 432 1603 et
448 1532 717 1616 conversiones,
736 1550 948 1618 magnorum
966 1518 1035 1594 ho·
1083 1541 1139 1599 ter
1152 1527 1381 1597 inculcandas
1393 1550 1466 1595 esse
1480 1526 1613 1600 iudico.
1660 1526 1709 1600 Et
1731 1524 1791 1600 hic
1812 1531 1910 1602 torus
1930 1534 1978 1604 ita
1994 1537 2080 1629 pla-‚

89 1652 184 1711 h'um
222 1636 372 1707 consilia
410 1647 448 1704 et
486 1646 634 1704 eventus
672 1631 882 1723 spectandos
923 1624 1033 1697 dedit.
1084 1628 1158 1701 cuit
1174 1626 1457 1715 Iurisconsultis,
1481 1641 1523 1697 ut
1543 1630 1715 1723 qrraedam
1738 1632 1825 1711 inde
1845 1634 2012 1728 decerpta
2032 1638 2074 1709 in

89 1752 207 1815 nomm
236 1736 392 1827 cognitio
425 1759 500 1805 non
535 1733 606 1803 dici
632 1746 746 1825 potest
778 1743 954 1826 quantum
986 1727 1035 1796 ad
1084 1728 1278 1802 Pandectas
1293 1729 1489 1815 retulerint,
1512 1729 1552 1800 in
1567 1730 1794 1825 quibuscum
1809 1737 1937 1811 merito
1951 1742 2076 1813 omni.

89 1842 250 1917 linndos
266 1834 454 1909 hominum
470 1859 607 1921 mores,
632 1850 666 1906 et
683 1835 739 1904 vel
761 1835 807 1905 ad
825 1831 936 1902 sitam
959 1828 1034 1921 pri-
1084 1857 1150 1925 pro
1165 1832 1375 1903 coelestibus
1389 1832 1541 1903 oraculis
1558 1826 1770 1921 habeantur,
1783 1836 1862 1913 iure
1872 1838 1945 1913 dici
1959 1856 2074 1932 poten

89 1944 161 2017 thu.
179 1941 454 2024 instituendam,
488 1938 545 2006 vel
567 1939 613 2007 ad
637 1960 693 2007 res
713 1954 919 2005 communes
942 1940 1034 2000 reete
1085 1948 1121 2004 et
1148 1931 1235 2005 haec
1259 1956 1340 2026 pars
1361 1928 1655 2005 Demosthenicae
1679 1933 1865 2008 Orationis
1886 1943 1984 2012 coelo
2010 1947 2075 2019 de-

89 2045 214 2117 rendas
240 2045 426 2114 conducat.
498 2036 637 2129 Quare,
680 2038 732 2107 mi
755 2025 1034 2130 Christoplsore,
1084 2037 1181 2129 lapsa
1196 2058 1281 2106 esse·
1330 2033 1454 2128 Neque
1475 2035 1638 2107 moribus
1652 2038 1792 2109 officere
1807 2054 1894 2131 puto
1919 2043 2078 2135 improbi

89 2146 148 2217 -id
167 2168 279 2236 genus
302 2143 522 2224 studiorum,
547 2141 586 2210 in
610 2164 681 2234 qno
701 2138 883 2234 versaris,
907 2134 1034 2227 cuique
1084 2132 1242 2208 hominis
1260 2136 1450 2227 imaginem
1471 2162 1578 2231 qnam
1598 2135 1657 2211 hic
1676 2142 1792 2232 pingit
1807 2139 2074 2226 Demosthenes.

89 2248 148 2319 vir
161 2245 459 2339 sapientissimus,
482 2255 585 2334 pater
600 2256 699 2326 tuns,
724 2235 929 2322 destinavit,
959 2258 1033 2305 non
1084 2239 1176 2311 Nam
1193 2253 1233 2309 nt
1245 2240 1514 2309 lacedaemonii
1531 2240 1656 2311 diebus
1669 2244 1764 2313 iestis
1781 2246 2014 2333 ostendebant
2028 2250 2075 2321 li-

89 2340 187 2419 rvam
204 2348 438 2417 accessionem
456 2345 599 2424 feceris,
619 2344 650 2411 si
671 2336 879 2412 adhibueris
891 2334 1037 2407 Iustim'
1085 2342 1179 2411 heris
1199 2342 1274 2411 suis
1304 2364 1423 2410 seruos
1447 2341 1582 2427 ebrios,
1614 2356 1653 2413 ut
1683 2344 1929 2419 adsuescerent
1957 2350 2074 2423 ebrie.

89 2449 358 2521 mtneutarinm.
435 2445 495 2517 Tu
529 2448 640 2514 modo'
672 2466 777 2535 perge
815 2462 940 2531 urgere
976 2441 1034 2507 in·
1085 2458 1193 2515 tatem
1205 2437 1449 2513 vehementius
1466 2438 1599 2529 odisse,
1627 2456 1813 2540 postquam
1828 2448 2007 2523 belluinae
2021 2459 2074 2526 rei

89 2564 182 2625 ttn'm
203 2551 405 2621 stradiornm
425 2570 579 2621 cursum.
630 2544 863 2637 Quidenim,
888 2544 1034 2611 sirecte
1085 2544 1342 2637 turpitudinem
1356 2545 1396 2613 in
1412 2544 1771 2637 aliisconspexissent
1794 2560 1828 2619 et
1850 2551 2073 2627 animadver.

89 2634 221 2735 itimes,
245 2664 307 2721 arat
329 2650 472 2736 utilius,
496 2662 559 2719 aut
584 2643 783 2727 honestius,
808 2659 871 2715 ant
891 2643 1034 2713 suavius
1084 2648 1227 2731 cissent,
1250 2670 1364 2739 usque
1387 2646 1478 2716 adeo
1500 2648 1711 2738 degenerare
1729 2674 1750 2719 a
1771 2673 1834 2721 sua
1856 2660 1981 2727 natura
2006 2653 2074 2731 hu.

89 2755 119 2825 i,
133 2753 350 2823 isnnmrtales
373 2752 501 2821 dedere
528 2751 649 2841 generi
680 2743 887 2834 hominum,
926 2768 1034 2839 quam
1084 2748 1238 2833 minem,
1273 2762 1316 2819 ut
1351 2748 1493 2842 quidvis
1526 2750 1645 2841 potius
1684 2776 1791 2845 quam
1823 2746 1931 2827 homo
1959 2756 2073 2833 videri

89 2872 181 2939 erss,
206 2878 294 2948 quas
310 2854 437 2921 sivero
460 2855 553 2923 bona
576 2864 720 2920 nossent
744 2844 924 2932 homines,
949 2871 1033 2938 pro·
1083 2851 1213 2943 possit,
1241 2850 1289 2921 ita
1311 2872 1387 2918 non
1405 2845 1499 2919 nihil
1520 2853 1646 2937 refert,
1676 2855 1720 2924 ad
1748 2858 2010 2929 accendendum
2033 2862 2075 2935 in

89 2972 132 3031 :tn
164 2969 226 3027 aut
254 2956 350 3024 solas
379 2966 441 3024 aut
462 2954 503 3022 in
525 2953 650 3044 primis
672 2952 883 3044 expetendas
904 2970 1032 3037 magno
1084 2952 1302 3023 iuvenilibus
1325 2951 1477 3041 ingeniis
1499 2953 1622 3022 odium
1639 2955 1890 3046 turpitudinis,
1914 2962 2073 3036 scelerati

89 3081 217 3131 usensn
237 3057 447 3126 iudicarent.
511 3053 583 3125 Sed
609 3066 663 3124 est
683 3053 907 3121 verissimum
929 3051 1034 3135 illud,
1084 3049 1240 3124 hominis
1265 3066 1500 3123 monstrosam
1533 3054 1685 3145 speciem
1716 3078 1853 3127 somma
1876 3084 2073 3154 expressam

89 3160 140 3233 nd
181 3158 362 3251 Satyricus
400 3155 554 3247 scripsit:
609 3146 794 3224 Ooanibns
829 3150 871 3223 in
907 3148 1033 3232 terris,
1084 3168 1158 3225 arte
1179 3154 1422 3246 contemplari.
1473 3152 1558 3243 Quo
1580 3156 1729 3227 consilio
1753 3158 1914 3231 videmus
1930 3189 2074 3255 poema.

90 3282 139 3331 ae
162 3266 248 3329 sunt
270 3281 295 3327 a
318 3249 494 3327 Gadibus
518 3278 631 3353 nsque
654 3249 841 3324 Auroram
869 3262 902 3323 et
923 3246 1034 3323 Gan·
1085 3257 1130 3327 tis
1146 3255 1399 3346 descriptiones
1414 3255 1659 3348 improbarum
1672 3282 1905 3351 personarum
1925 3265 2074 3343 insertas

89 3370 124 3431 m
137 3358 252 3456 ponci
266 3352 476 3453 dignoscere
491 3364 646 3455 possunt
681 3352 720 3427 V
718 3379 780 3426 ero
801 3354 899 3424 bono
924 3360 1035 3453 atquc
1085 3382 1168 3427 esse.
1237 3356 1307 3428 Sed
1333 3354 1423 3451 quae
1452 3358 1490 3428 iu
1514 3359 1590 3427 ullo
1614 3373 1717 3450 poeta
1749 3366 2074 3468 προσωπογραφίᾱ

89 3460 126 3539 's's
155 3458 312 3531 multum
345 3455 490 3529 diverso
520 3466 657 3526 remoto
700 3453 857 3526 Erroris
887 3455 1033 3531 nebula.
1084 3459 1196 3529 vincit
1209 3451 1303 3528 hanc
1320 3460 1489 3529 varietate
1511 3461 1764 3531 sententiarum
1791 3478 1853 3535 ant
1877 3468 2072 3545 luminibus
2120 3524 2123 3529 -

89 3564 146 3638 dc.
1085 3559 1300 3631 verborum?
1323 3557 1602 3650 Diligentissime
1617 3563 1834 3653 colliguntur
1843 3572 1962 3642 onruia
1976 3574 2073 3645 indi.

1086 3662 1155 3743 cia,
1182 3685 1305 3732 omnes
1319 3674 1444 3747 notae,
1469 3687 1510 3731 ex
1524 3663 1654 3756 quibus
1668 3666 1712 3734 de
1733 3666 1853 3737 animo
1872 3674 2081 3751 coniectura·

1086 3764 1164 3833 tieri
1190 3777 1317 3855 potest.
1379 3762 1450 3834 Sed
1474 3788 1555 3834 cum
1583 3766 1725 3856 ingenia
1754 3770 1945 3843 certissime
1968 3781 2074 3851 aesti-

89 3926 120 3974 ω
136 3896 213 3971 425
1087 3878 1230 3935 mentur
1247 3865 1293 3933 ab
1317 3888 1440 3934 eorum
1461 3866 1622 3937 moribus
1642 3891 1794 3960 qnorum
1817 3880 2073 3953 consuetudine

89 3951 225 4027 ”⁸3
701 4024 703 4029 .
857 3990 1029 4023 Μ
1087 3967 1239 4051 utimur,
1264 3965 1316 4034 ibi
1338 3967 1451 4036 mirus
1470 3980 1522 4037 est
1548 3969 1673 4039 artifex
1686 3966 1961 4064 Demosthenes,
1990 4006 2071 4053 curn

447 4080 627 4163 Lectori·
1085 4068 1229 4148 scribit,
1255 4091 1336 4137 cum
1352 4068 1461 4138 nullis
1474 4063 1606 4140 habere
1625 4075 1917 4146 consuetudinem
1932 4075 2071 4154 Aristo·

1084 4170 1241 4260 gilonem
1273 4169 1345 4238 nisi
1368 4192 1448 4238 urm
1471 4163 1546 4255 his,
1588 4196 1678 4264 quos
1709 4174 1861 4264 pingunt
1889 4178 1981 4251 inter
2002 4208 2071 4271 eos,

111 4273 251 4329 Praelatio
263 4272 291 4327 iu
306 4271 423 4327 librums
444 4271 739 4358 Oratiopemosthenis
751 4271 823 4328 sert
833 4270 1034 4359 uqsqsoyetro·
1086 4271 1148 4365 qui
1163 4273 1258 4363 apud
1274 4270 1408 4341 inferos
1421 4286 1626 4359 versantur,
1647 4296 1776 4366 nempe
1793 4301 1873 4348 cnm
1889 4279 2072 4361 seditione

146 4338 1035 4483 t‘lttt‘i‘t‘sittittt?'tuttttttttl'tttt'i‘tz
1085 4369 1771 4461 Furore,Contenfionsttsledieentia
1785 4374 1924 4452 invidia
1938 4399 1973 4456 et
1992 4386 2072 4462 attis

162 4479 263 4564 Jsrs
297 4479 329 4532 tn
343 4479 466 4560 nasetur.
488 4477 818 4549 nesunvvtuemtergn
832 4479 1032 4565 perimpium
1086 4469 1153 4544 hoc
1182 4496 1295 4564 genus
1320 4475 1490 4567 pestibus.
1552 4471 1655 4546 Nihil
1679 4476 1901 4571 splendidius
1928 4486 2003 4559 nllb
2032 4492 2072 4563 in

143 4499 1035 4686 ,attestataebiettinesatanan:
1085 4574 1265 4665 moena
1287 4574 1360 4644 «ιιι
1383 4576 1509 4667 omis
1568 4574 1690 4665 Quare
1720 4574 1810 4649 mu
1832 4585 1938 4654 vane
1964 4590 2071 4685 nm

100 4720 117 4727 --
145 4685 262 4741 δυηηι
282 4682 566 4766 ontepemosnfnts
587 4684 688 4755 prodite
706 4703 732 4768 s.
750 4684 835 4755 1⁵17,
863 4702 958 4741 nense
971 4689 1035 4742 as-
1086 4677 1160 4747 visa
1185 4688 1236 4748 est
1255 4676 1388 4756 oratio,
1414 4700 1520 4771 φιιιιιι
1534 4700 1637 4769 saepe
1651 4680 1808 4769 legerent
1822 4688 1990 4777 studiosi,
2014 4697 2071 4766 vel

123 4796 126 4803 .
146 4762 242 4827 gusto,
261 4770 325 4808 eum
340 4751 392 4805 alra
404 4750 586 4825 praelatione,
604 4771 685 4824 quam
700 4753 825 4809 srdesno
839 4754 913 4809 loco.

89 4920 340 5029 Philippus
366 4918 720 4998 Melancbthon
745 4920 929 5002 hectoris.
954 4926 995 5001 S.
1078 4876 2073 5080 gzzaeffiffolzgmfflxssoffiffiinsumam:

89 5078 178 5171 elegi
203 5101 245 5147 ex
268 5071 520 5147 Demosthenis
549 5076 772 5150 orationihus
798 5081 1034 5151 mactandam
1075 5076 1364 5181 Ἀριστογείτων,
1380 5084 1909 5179 nuncubiquemnltiregnanr,
1929 5089 2073 5171 hoerle.

89 5206 144 5269 m,
170 5203 263 5275 quae
285 5179 324 5248 in
339 5175 619 5268 Aristogitonem
642 5179 770 5272 scripta
795 5195 926 5266 exstat,
957 5181 1033 5275 pri·
1084 5183 1231 5254 teriores
1252 5184 1315 5255 illo
1337 5178 1568 5271 Atheniensi,
1601 5189 1697 5280 quod
1724 5189 1871 5279 privatis
1896 5198 2073 5291 cupidita.

89 5307 141 5357 rm
157 5280 241 5377 quia
262 5280 408 5353 mirilico
424 5280 611 5351 videbatur
634 5282 710 5352 eius
729 5282 834 5353 lectio
848 5280 1034 5379 Eloqnen-
1072 5285 1180 5369 ,tibus
1192 5286 1374 5377 religionis
1390 5286 1532 5356 titulum
1547 5301 1764 5379 praetexunt.
1804 5291 1967 5382 Quorum
1981 5303 2097 5375 ima„

89 5411 114 5459 s.
145 5382 346 5455 candidatis
382 5382 587 5475 profuturo.
625 5396 678 5454 est
710 5384 807 5455 enim
839 5409 921 5457 curn
951 5385 1033 5457 aliis
1070 5387 1199 5479 ;ginem
1216 5411 1298 5458 cum
1314 5387 1469 5457 viderint
1488 5382 1545 5457 hic
1560 5384 1733 5484 depictam
1755 5392 1843 5469 boni
1865 5400 2070 5477 adolescg„

1232 5480 1330 5573 5³·

1086 4791 1242 4870 propter.
1267 4777 1493 4868 elegantiam,
1537 4778 1593 4847 vel
1632 4796 1779 4873 propter
1813 4806 2070 4878 argmentum.
2207 4828 2212 4843 ·
