4500 5782
110 226 172 301 ssi
697 218 1136 296 erisronatiuii
1187 222 1292 298 iio.
1328 220 1375 299 11.
1430 190 1555 301 iseo.
1688 170 1693 177 ’
1834 230 1842 239 ·
2062 156 2165 307 Μ

63 410 65 416 ’
110 398 219 471 omnis
239 400 287 467 ad
310 420 435 468 omnes
451 419 560 489 acque
574 394 750 486 pertinere
765 394 965 478 contendit,
995 407 1099 486 atque
1144 392 1373 465 sanctissima
1392 396 1558 481 numina,
1599 422 1688 490 quae
1709 399 1844 491 patriae
1865 423 1961 469 meae
1985 398 2137 473 Germa-

109 514 177 575 tom
187 501 337 569 demum
354 495 446 567 nihil
462 497 565 589 pensi
582 492 707 577 habet,
733 498 819 566 dum
838 494 968 565 suisde
985 495 1098 563 cervi·
1145 496 1225 564 niae
1250 497 1472 591 praesidetis:
1514 494 1679 567 Caeteros
1714 500 1798 567 item
1819 498 1929 571 Divos
1956 500 2136 598 Divasque

109 601 200 672 cibus
222 625 371 671 omnem
385 597 582 669 Dominum
604 597 773 681 excutiat,
795 597 906 666 malos
924 620 1047 666 omncs
1064 611 1098 666 et
1145 597 1282 664 omneis
1314 622 1395 682 oro,
1436 622 1584 690 exposco
1612 613 1647 670 et
1677 594 1852 685 obtestor,
1890 626 2041 695 quorum
2069 605 2135 675 iste

109 703 288 774 sceleratos
318 703 416 771 viros
444 700 640 770 terroribus
668 699 794 767 liberet
828 712 933 790 atquc
960 698 999 764 in
1023 712 1097 767 tur·
1145 699 1284 789 templis
1302 722 1341 767 ac
1362 699 1594 788 religionibus
1613 702 1820 790 sacrilegum
1843 704 1975 774 bellum
1997 729 2135 799 semper

108 804 285 899 pissimain
307 804 507 873 libertatem
536 801 709 869 vendicet
766 798 873 886 Quod
901 793 1007 868 chaos
1028 822 1097 868 un·
1145 795 1251 868 habet
1265 800 1455 886 indictum,
1481 804 1568 872 dum
1585 803 1824 891 indulgentias
1842 807 1966 874 evertit
1985 821 2020 877 et
2033 809 2133 879 nulla

108 928 208 999 quam
224 904 432 977 confusius?
458 901 565 989 Quod
582 915 820 970 monstrosum
841 899 1098 969 monstrosius?
1145 924 1218 969 esse
1240 916 1352 970 vestra
1374 903 1499 971 merita
1521 905 1560 971 in
1575 900 1752 973 Ecclesiae
1777 900 1948 975 thesauris
1971 908 2133 993 affirmat,

107 1004 248 1092 Videte,
277 1007 396 1075 videte
417 1028 538 1073 omnes
561 998 757 1073 Christiani
779 1001 920 1093 populi,
947 1027 1017 1094 qiio
1040 1025 1097 1069 re-
1145 1016 1202 1084 ut,
1235 1027 1344 1094 quum
1359 995 1522 1072 Litteras
1544 1006 1739 1075 nobilitatis
1759 1005 1991 1078 Germanicae
2013 1033 2135 1102 expers
2183 1032 2219 1061 '-

107 1108 443 1198 ligionemettidem
461 1118 618 1174 nostram
634 1096 798 1172 Litteras
813 1097 938 1172 trahat.
990 1098 1097 1171 Chri·
1143 1099 1465 1198 philosophiaeque
1498 1120 1531 1175 et
1560 1130 1737 1177 sacrarum
1768 1108 1965 1179 litterarum
1990 1111 2134 1200 ignarus

108 1222 175 1281 stus
190 1210 398 1281 coelestium
415 1208 583 1276 ordinum
604 1201 921 1274 instarEcclesiaiii
937 1227 1036 1272 suam
1056 1216 1097 1272 ut
1144 1218 1249 1297 atquc
1275 1228 1392 1274 secum
1416 1208 1490 1298 ipse
1514 1209 1719 1278 discordans
1744 1234 1784 1279 ca
1812 1211 2006 1301 scripserit,
2043 1236 2133 1308 quae

108 1311 282 1382 civitatem
297 1310 471 1392 aedificat,
497 1322 538 1377 ut
549 1302 825 1398 pulcherrimam
841 1329 1006 1396 sponsam
1022 1305 1097 1372 for-
1144 1307 1190 1374 ad
1220 1307 1500 1377 labefactandum
1519 1304 1741 1379 Christianae
1764 1311 1978 1402 reipublicae
2004 1327 2133 1385 statum

108 1426 185 1487 mab
254 1410 390 1501 Paulus
415 1424 448 1479 et
469 1432 584 1477 sacrae
607 1431 729 1476 ornnes
753 1408 888 1475 litterae
914 1419 1097 1489 testantur,
1145 1402 1315 1498 nephario
1335 1411 1491 1503 quodam
1512 1411 1631 1480 furore
1652 1426 1685 1481 et
1701 1413 1846 1485 audacia
1864 1417 2032 1501 tendunt,
2060 1413 2133 1487 Vos

108 1513 189 1585 boni
221 1537 346 1583 omues
373 1511 611 1582 consentiunt.
686 1504 736 1578 At
762 1504 957 1578 Martinus
982 1507 1097 1576 honos
1143 1509 1299 1599 primum
1329 1511 1374 1579 ab
1403 1512 1546 1580 illorum
1576 1514 1771 1599 mentibus,
1806 1515 1869 1608 qui
1892 1516 1994 1585 facile
2017 1517 2133 1610 decipi

109 1616 240 1685 omneis
257 1614 441 1694 deridens,
465 1611 618 1681 Paulum
634 1625 667 1680 et
683 1624 818 1679 sanctas
841 1609 932 1698 leges
950 1608 1095 1677 conciil-
1143 1625 1302 1700 possent,
1331 1625 1464 1681 tantam
1479 1615 1610 1682 molem
1626 1616 1712 1684 mali
1732 1616 1915 1707 depellatis
1941 1618 2132 1708 integram·
2150 1611 2153 1616 ’

110 1738 204 1800 saus,
253 1712 436 1786 Christum
469 1727 697 1783 contemnens
734 1711 845 1781 instar
878 1710 1096 1778 confusionis
1143 1734 1212 1803 que
1238 1712 1276 1779 in
1300 1714 1412 1803 patria
1443 1735 1518 1783 mea
1543 1713 1734 1785 Germania
1756 1712 1948 1787 Christiani
1976 1719 2132 1792 nominis

111 1830 287 1901 tartareae,
311 1816 377 1887 ubi
391 1816 512 1884 nullus
531 1829 582 1883 est
597 1815 696 1897 ordo,
720 1808 913 1881 Ecclesiam
933 1812 1095 1899 effingere
1143 1813 1290 1901 gloriam
1306 1817 1535 1900 conservetis3
1557 1814 1878 1903 deindeMarti‘no,
1892 1820 1921 1887 si
1937 1820 1977 1889 in
1992 1821 2049 1890 via
2062 1818 2132 1891 Dei

111 1918 230 1990 nititur
254 1933 290 1989 et
309 1942 376 2010 pro
398 1916 651 1992 formosissimo
676 1936 822 2003 sponsae
845 1936 991 2002 corpore
1012 1908 1096 1981 hor·
1143 1914 1323 1983 ambulare
1348 1930 1381 1986 et
1406 1932 1617 1989 commutata
1649 1919 1819 1988 sententia
1852 1922 2035 1991 meliorem
2065 1948 2132 1992 vo·

112 2022 257 2091 tendum
284 2020 493 2089 stridentem
521 2012 688 2111 hydram,
732 2028 792 2084 aut
823 2015 982 2083 flammas
1012 2036 1096 2083 evo·
1144 2015 1250 2084 luerit
1268 2031 1421 2087 mentem
1440 2018 1632 2110 suscipere,
1656 2021 1831 2111 praesidio
1849 2022 1925 2091 sitis
1945 2038 1979 2093 et
1999 2024 2132 2093 alleva-

113 2135 262 2191 mentem
291 2116 500 2201 chimeram,
547 2119 602 2185 rel
633 2116 873 2187 centimanum
899 2112 1096 2197 Briareum,
1143 2130 1279 2200 meiito,
1303 2131 1344 2188 ut
1361 2143 1440 2189 cuin
1460 2145 1545 2211 pace
1563 2120 1706 2192 interra
1731 2117 1881 2193 habitet:
1916 2122 1956 2195 Si
1971 2150 2053 2194 vero
2072 2125 2131 2193 in-

114 2224 421 2317 terquodconque
439 2221 536 2291 aliud
558 2218 688 2287 inleriii
707 2231 909 2308 portentum
924 2212 1096 2287 Christia-
1143 2218 1338 2287 sanabilem
1360 2244 1395 2289 se
1417 2222 1645 2312 praestiterit,
1676 2224 1849 2293 eiusmodi
1877 2225 2004 2295 scelere
2026 2240 2131 2319 atque

114 2323 163 2393 iiis
174 2325 292 2396 offert.
343 2321 423 2391 Heu
441 2335 577 2390 tantum
592 2315 776 2411 prohibete
791 2313 935 2410 nephas,
948 2318 1096 2409 pientis-
1144 2320 1334 2411 pertinacia
1351 2322 1479 2412 diguus
1496 2348 1575 2393 eiiui
1593 2325 1705 2393 exitiis
1719 2340 1834 2394 restro
1857 2325 1989 2395 iudicio
2008 2352 2132 2398 couse-

115 2424 401 2516 simiPrincipes:
427 2423 508 2493 lleu
523 2437 656 2492 tantam
674 2422 776 2491 terris
792 2421 937 2491 avertite
952 2434 1095 2510 pestem,
1144 2420 1290 2514 quatur,
1330 2439 1370 2493 ut
1396 2419 1540 2516 posthac
1563 2424 1602 2493 in
1624 2428 1817 2520 tranquillo
1836 2423 2013 2498 Ecclesiae
2039 2443 2133 2500 statu

116 2526 254 2597 numina
269 2526 524 2618 potentissima.
576 2520 707 2605 Te‚Te
724 2523 841 2611 igitur,
861 2547 882 2591 o
900 2516 1096 2612 DeusOpt.
1143 2524 1257 2592 securi
1286 2547 1408 2594 omnes
1428 2527 1606 2598 dormiant
1629 2542 1662 2597 et
1682 2528 1900 2621 requiescant
1927 2554 1967 2598 ac
1987 2531 2131 2601 tandem

114 2623 219 2713 Μαι,
242 2629 306 2722 qui
321 2628 410 2696 olim
424 2621 584 2708 Choren,
608 2621 813 2695 Dathaiium
838 2637 871 2695 et
888 2618 1095 2707 Abironem,
1142 2626 1269 2716 pennis
1284 2627 1468 2699 columbae
1483 2631 1653 2718 argenteis
1670 2630 1817 2723 aurique
1834 2631 1969 2721 pallore
1984 2633 2132 2703 nitenti-

61 2770 63 2779 ·
117 2729 292 2807 seditiosos
311 2730 424 2813 viros,
445 2728 508 2820 qui
523 2727 590 2796 sub
612 2726 837 2797 simulatione
856 2724 963 2795 officii
982 2750 1097 2816 popu·
1143 2727 1209 2795 lius
1222 2728 1265 2797 ad
1283 2746 1346 2798 vos
1368 2731 1576 2815 convolent,
1603 2732 1799 2826 divinoque
1813 2745 1952 2803 nectare
1968 2734 2133 2803 fruantur

61 3490 76 3621 q.

61 3768 63 3787 ¹
119 3740 323 3827 abdicando,
370 3757 446 3811 tum
478 3744 622 3811 ordines
652 3742 842 3809 auferendo
880 3753 913 3808 et
946 3738 1094 3807 coucilia

118 2826 258 2925 litisque
285 2829 458 2901 libertatis
481 2831 741 2899 conservandae
773 2825 903 2897 Mosen
929 2839 963 2897 et
980 2820 1096 2895 Aaro-
1143 2843 1177 2900 et
1195 2829 1327 2900 laetitia
1345 2831 1566 2927 sempiterna.

119 2952 188 3001 nem
208 2932 412 3027 tyrannidis
432 2932 660 3014 accusabant,
692 2929 805 3021 aperti
838 2929 905 2998 soli
927 2928 1095 3016 voragine

120 3031 206 3104 viros
230 3036 278 3104 ad
312 3047 441 3103 tartara
473 3033 672 3115 detrusisti,
720 3031 851 3125 quique
882 3026 1094 3098 Martinam

119 3123 286 3204 Laurum
307 3136 407 3204 vides
423 3130 553 3204 horiiin
577 3134 736 3224 exemplo
760 3134 803 3199 ad
818 3129 961 3219 Regalis
981 3153 1096 3199 sacer·
1151 3102 1323 3230 Q
1805 3216 1808 3221 ι

120 3233 195 3305 titii
217 3250 253 3306 et
265 3234 446 3307 Pontificii
458 3233 682 3326 Principatiis
704 3227 954 3302 authoritatem
978 3230 1096 3299 iiiimi-
1478 3256 1516 3344 G
1557 3254 1594 3342 S
1621 3257 1788 3339 alanno

118 3339 285 3408 ttoendam
300 3337 564 3407 sceleratissime
581 3336 713 3408 conari.
760 3333 893 3426 Teque,
912 3332 1096 3419 benignis-
1518 3323 1527 3340 ⁸
1588 3287 1617 3367 ρ
1790 3324 1800 3344 “

1802 3105 1865 3186 (in.
1880 3106 2049 3189 Septembri
2064 3105 2131 3193 *).)

1809 3200 2126 3241 m

61 3430 63 3503 i
119 3436 192 3507 time
216 3454 252 3509 et
274 3438 543 3508 clementissime
567 3433 715 3507 humani
735 3435 874 3525 generis
898 3434 1095 3524 sospitator,
1145 3520 1153 3535 υ
1210 3454 1428 3528 &autographo
1443 3450 1693 3510 incoelesti.
1712 3454 1770 3508 101.
1786 3453 1919 3526 apicius.
1962 3424 1975 3449 '
2091 3438 2096 3445 '

120 3532 245 3611 Christe
264 3536 361 3624 lesu,
391 3540 490 3609 cuius
506 3535 779 3630 pulcherrimam
799 3550 834 3606 et
855 3532 1095 3606 charissimam

120 3660 281 3729 sponsam,
301 3638 507 3726 Ecclesiam,
533 3641 627 3708 idem
649 3642 723 3721 iste,
749 3663 859 3730 quum
874 3636 1096 3727 magistratus
1142 3591 1292 3697 ΟΡῙῘΨΟ
1317 3595 1412 3677 Μ’
1443 3592 1497 3668 D·
1520 3589 1720 3687 G⁶⁰rffi⁰
1749 3592 2019 3692 '‘ll’‘'lali'wi
2052 3591 2131 3667 Pa·

1377 3708 1483 3769 trono
1499 3719 1567 3767 suo
1584 3718 1628 3767 ac
1642 3693 1810 3766 Domino
1823 3692 1893 3793 W).

119 3844 339 3914 rescindendo
352 3845 568 3935 perturbare,
589 3843 804 3912 confundere
816 3854 850 3909 et
860 3853 994 3909 vastare
1010 3863 1095 3907 con·
1140 3815 1263 3918 Salve,
1280 3833 1330 3902 mi
1345 3832 1521 3921 carissime
1536 3825 1744 3926 Spoletina.
1797 3826 2021 3925 Quocunque
2037 3848 2129 3919 sont,

118 3946 233 4016 tendit:
280 3944 423 4037 Teque,
454 3944 679 4015 sanctissima
695 3942 804 4032 Virgo
828 3955 861 4010 et
881 3954 993 4011 mater
1016 3938 1094 4025 Dei,
1141 3937 1204 4030 qui
1224 3960 1282 4005 me
1307 3935 1467 4003 scribunt
1486 3931 1616 4000 ambiri
1630 3923 1728 4027 m),
1753 3926 1820 4000 hoc
1842 3933 1988 4003 fortasse
2013 3934 2048 4003 in
2072 3960 2129 4005 me

116 4047 348 4116 minitando
373 4062 406 4117 et
427 4048 574 4137 gloriam
591 4044 796 4114 Basilieusis
816 4042 995 4112 latrocinii
1017 4065 1094 4109 ma·
1140 4037 1364 4127 benigniores
1379 4058 1490 4127 aequo
1506 4046 1606 4116 siiiit,
1632 4035 1728 4123 quod
1744 4057 1800 4101 res
1815 4058 1910 4102 meas
1930 4036 2050 4124 augeri
2065 4038 2129 4105 de-

60 4150 63 4163 '
115 4148 193 4219 'tiilis
215 4148 405 4241 inquinare
431 4174 505 4215 non
532 4148 668 4217 timuit:
708 4144 867 4239 Vosque,
892 4142 1093 4216 Beatissimi
1139 4140 1312 4221 siderant,
1347 4132 1415 4205 hoc
1435 4148 1550 4204 autem
1577 4133 1712 4226 iniqui,
1744 4136 1840 4227 quod
1862 4158 1938 4202 non
1958 4136 2130 4224 scribunt,

115 4243 288 4340 Apostoli,
312 4248 414 4319 l‘etre
437 4264 470 4318 et
485 4248 612 4329 Paule,
643 4271 792 4342 quorum
810 4242 1093 4315 isteliomanum
1140 4266 1247 4336 quam
1274 4260 1421 4328 magnae
1453 4260 1509 4303 mc
1542 4231 1600 4304 hic
1633 4235 1787 4303 rationes
1821 4249 1981 4321 teneant,
2021 4263 2129 4333 quain

115 4342 273 4421 thronum
304 4351 492 4442 antiquum
521 4366 555 4419 ct
582 4349 858 4419 illustrissimum
881 4344 1093 4435 gloriosissi·
1140 4365 1324 4432 agnoscam
1348 4353 1423 4408 tum
1447 4335 1578 4408 llliistr.
1597 4333 1774 4428 Principis
1797 4336 1835 4404 in
1858 4360 1914 4404 me
1935 4338 2129 4410 incredibi-

113 4472 163 4520 tno
181 4465 301 4522 vestro
327 4453 557 4541 sanguineae
582 4452 687 4521 tutela
714 4448 943 4519 invictissima
965 4446 1092 4517 trium·
1139 4445 1208 4513 leni
1222 4444 1296 4513 iere
1312 4440 1596 4522 beneficentiam,
1621 4462 1796 4532 quamque
1819 4438 1928 4509 nullis
1953 4442 2129 4513 conditio-

113 4546 274 4641 phantem
314 4554 481 4622 omuibus
506 4553 584 4622 aliis
613 4552 754 4621 sedibus
780 4550 950 4640 dignitate
980 4547 1092 4618 excel·
1139 4547 1245 4616 uibus
1259 4540 1344 4613 hinc
1360 4565 1416 4608 ine
1433 4540 1538 4610 avelli
1551 4540 1682 4632 patiar,
1707 4539 1793 4608 dum
1816 4563 1889 4609 csse
1912 4541 2041 4637 aliipiis
2058 4546 2128 4614 mei

112 4650 176 4723 lrre
192 4654 424 4725 audacissime
441 4670 474 4725 et
488 4654 670 4723 salsissime
688 4666 805 4742 negat:
839 4650 978 4743 Teque,
1000 4645 1092 4718 Divc

112 4746 453 4849 LeoPontificesqiie
473 4757 552 4840 alii,
574 4757 635 4848 qui
651 4757 721 4824 iam
735 4754 872 4870 coelum
889 4751 1041 4820 incolitis
1057 4764 1092 4867 et
1170 4800 1199 4868 0)
1219 4793 1352 4867 &quidem
1370 4798 1450 4862 puio,
1474 4784 1613 4858 epistotam
1629 4792 1691 4837 ‚m
1707 4802 1746 4839 m·
1760 4783 1947 4855 septembrem
1966 4795 2013 4845 m
2033 4805 2070 4841 m·
2085 4785 2126 4840 ,u-

112 4878 168 4925 ros
187 4870 374 4950 vestraque
392 4857 533 4927 oracula
554 4859 598 4926 ab
617 4857 683 4927 isto
705 4856 840 4925 furioso
858 4853 1090 4945 pessumdari
1207 4867 1361 4926 tto,auiiii.
1376 4850 1498 4927 degum
1512 4862 1642 4907 erarium
1658 4871 1722 4907 esse.
1758 4853 1793 4909 F·

113 4958 329 5049 moenie
366 4957 508 5051 ‘seina
544 4984 565 5027 0
600 4955 880 5029 cerbere
912 4955 1090 5024 uicem
1171 4943 1449 5072 recitauit
1465 4935 1817 5089 {attrectata
1834 4937 1975 5076 {iiiiii
1990 4935 2127 5061 pa,

113 5056 183 5128 lons
196 5054 413 5144 inexhauste,
428 5054 588 5153 Aquinas
597 5055 748 5141 Thema,
767 5058 866 5127 euius
881 5056 945 5127 iste
956 5054 1090 5123 flumen
1208 5080 1409 5145 emmas,
1422 5072 1508 5131 xxv.
1521 5091 1560 5129 m.
1573 5073 1739 5145 sapieniam
1753 5074 1874 5127 ‚cassi
1908 5075 1944 5127 F.

114 5160 286 5231 doctrinae
320 5184 469 5231 aureum
502 5161 752 5230 sordidissimis
793 5157 1017 5227 irrisionibus
1056 5170 1090 5225 et
1173 5170 1238 5292 *p
1256 5187 1296 5225 ic.
1317 5160 1475 5246 ,pisaits
1510 5153 2125 5240 ΡΜΡςῐοζ(1”·οξοὼ’ί.,ῐτῑτε.μιΜεΙιυ-

1208 5249 1219 5294 t
1239 5256 1276 5291 on
1290 5242 1479 5304 magistrorum
1494 5223 1745 5293 ingolstadiensiiiiii
1759 5223 1894 5275 illecebris
1905 5234 2025 5281 irretitus
2038 5229 2128 5307 lugol-

113 5258 317 5335 ttoltissimis
342 5262 663 5354 vituperationibus
690 5259 961 5331 insolentissime
990 5255 1090 5327 sasti-
1209 5306 1324 5363 artium
1336 5299 1433 5355 ,hm
1465 5293 1504 5349 ,g
1519 5288 1880 5362 q„.21,uiiamspat·oao
1892 5292 1943 5348 see
1954 5294 1990 5350 a.
2000 5314 2031 5351 ce
2043 5297 2069 5351 a
2084 5298 2128 5353 25.

114 5360 172 5433 tii:
195 5362 270 5435 Vos
290 5364 396 5435 etiam
410 5377 516 5456 atquc
532 5364 636 5433 etiam
651 5363 802 5454 imploro
819 5375 923 5457 atque
939 5358 1089 5452 appello,
1207 5396 1246 5433 ac
1262 5371 1370 5429 tunitii.
1375 5359 1560 5512 pflsopcribit
1572 5378 1615 5432 ip
1626 5358 1661 5413 it·
1673 5355 1777 5415 Wcttc
1792 5358 1816 5418 1.
1825 5358 1887 5414 ιω.
1923 5363 1958 5421 F.
