4500 5782
63 201 125 281 m
640 188 1077 270 urlsroualtuh
1126 191 1236 269 LIB.
1269 192 1315 267 11.
1369 191 1499 269 1521.
1643 298 1647 303 Ι
1773 195 1775 198 ’
2008 202 2090 277 294

62 394 180 469 qums,
214 374 342 445 scribit
365 387 399 442 et
417 369 672 445 Franciscanus
698 368 843 462 quidam
861 358 917 459 ⁸),
944 362 1043 433 cuius
1096 361 1331 456 Theologiam
1368 360 1613 443 scholasticam
1645 369 1857 463 improbari,
1902 370 2086 449 Maiarum

60 478 181 559 nomn
195 472 270 547 iam
286 498 362 545 uon
376 489 498 559 teneo,
516 472 638 541 multis
652 476 744 541 c'erte
757 462 1045 559 dignusAnticy-
1097 482 1300 538 nostrorum
1323 467 1484 537 instituta
1506 463 1733 561 reprehendi,
1766 471 1994 565 Magistratus
2021 500 2086 569 pe,

59 576 116 661 ris',
135 586 176 649 et
189 582 311 647 tamen
325 573 489 669 iterant,
507 573 572 671 qui
586 567 679 643 hanc
692 570 910 651 corniculam
926 567 1043 635 nescio
1097 571 1251 661 balantes
1274 569 1421 656 incessi,
1453 568 1715 660 Indulgentias,
1744 573 1830 645 item
1847 576 2088 668 poeniteutiae-

59 688 214 775 morum
224 679 348 747 vestiri
367 654 679 770 plumid'aiebitit
702 672 894 746 'Scribunt
915 682 951 740 et
966 668 1047 760 ple·
1096 672 1248 741 formam
1268 672 1447 758 damnari,
1472 672 1672 765 negaripia
1694 698 1783 760 esse,
1807 701 1897 770 quae
1918 680 2087 753 adversm

57 778 153 875 rique
178 780 243 851 alii
267 800 428 851 successu
450 780 576 848 eodem
593 798 727 851 omnes.
776 772 973 845 Doctorum
988 769 1046 837 in·
1099 772 1236 847 Turcas
1275 772 1370 842 bella
1409 768 1666 868 suscipiuntur,
1709 774 1868 849 Romani
1903 778 2086 853 Pontificie

58 880 157 953 terim
180 906 223 953 ac
245 882 425 959 bonorum
447 880 608 951 omnium
631 876 807 967 suffragiis
829 874 940 943 vincit
960 862 1046 941 Lu·
1097 869 1343 945 monarchiam
1354 874 1567 961 labefactari,
1592 875 1710 948 scribi
1723 892 1759 963 et
1769 882 1961 971 pugnantia
1977 906 2086 975 quae-

57 974 199 1069 ihcrus,
251 984 362 1053 immo
394 1007 479 1051 vero
500 978 644 1069 ,divino
663 984 667 991 '
683 977 854 1047 beneficio
899 975 1049 1043 vincunt
1100 979 1193 1050 dam.
1234 972 1278 1046 lu
1299 978 1429 1070 quibus
1445 978 1655 1051 criminibus
1669 995 1710 1051 ut
1727 982 2087 1069 suratlrivolamulu,
2157 986 2172 1001 “

57 1108 172 1157 sacrae
186 1083 328 1171 literae,
350 1084 480 1179 quibus
495 1082 556 1152 ille
572 1082 657 1152 solis
671 1080 761 1153 fidit.
801 1074 1048 1158 intellexistis,
1101 1081 1149 1149 ita
1174 1096 1259 1149 sunt
1284 1093 1320 1149 et
1340 1103 1430 1172 quae
1453 1078 1675 1151 dissimulare
1696 1106 1823 1174 parum
1848 1084 1949 1176 pium
1970 1084 2088 1157 visum

56 1200 92 1259 ut
108 1184 285 1272 arbitror,
311 1183 644 1281 qnanta'necessitas
663 1178 758 1265 hunc
779 1178 951 1269 adegerit,
973 1175 1049 1268 pri·
1101 1195 1170 1261 est,
1195 1205 1236 1250 ac
1256 1180 1434 1275 principio
1453 1175 1597 1275 quidem
1615 1176 1807 1274 ille'gravi,
1831 1186 1863 1253 si
1876 1186 1946 1255 diis
1963 1187 2088 1278 placet,

56 1298 161 1361 munti
177 1289 232 1357 ad·
250 1288 510 1379 suscipiendam
524 1288 707 1370 caussam,
731 1296 850 1375 postea
875 1281 980 1352 etiam
1002 1276 1049 1347 ad
1101 1282 1279 1367 oratione,
1309 1288 1377 1351 vos'
1397 1284 1442 1351 ad
1464 1284 1705 1355 conservanda
1727 1284 1889 1376 religiosa
1912 1289 2089 1359 maiorum

57 1390 245 1476 tuendam,
270 1392 367 1483 qnod
389 1413 566 1482 nusquam
589 1386 888 1481 conquiescebant
904 1376 963 1465 hi,
986 1378 1050 1473 qui
1102 1385 1281 1469 instituta,
1304 1385 1349 1453 ad
1366 1385 1618 1467 vindicandam
1636 1384 1857 1459 s'ac'erdotum
1879 1390 2089 1481 dignitatem

57 1490 176 1561 ventri
203 1513 269 1563 suo
307 1492 508 1585 gloriaeque
541 1490 633 1558 male
654 1488 872 1564 metuebant,
931 1478 1049 1573 Atque
1102 1482 1302 1556 inhortatus
1317 1501 1379 1556 est.
1428 1482 1521 1556 Eam
1537 1500 1619 1578 opto
1635 1489 1865 1583 qualisqualis
1884 1505 1946 1566 est.
1995 1488 2089 1563 Nam
2166 1510 2171 1515 '

57 1586 113 1663 bis
131 1590 281 1687 quidem
298 1593 403 1663 tantis
420 1592 603 1663 conatibus
621 1586 795 1661 ¹hactenns
813 1584 950 1656 inimici
973 1585 1051 1653 irn-
1103 1589 1140 1656 id
1160 1610 1302 1678 agemus
1323 1603 1442 1678 postea
1471 1603 1506 1659 et
1523 1581 1692 1659 Luthero
1714 1592 1938 1683 patrocinari.
1997 1592 2090 1666 Nam

59 1694 177 1780 anau,
200 1720 273 1789 quo
290 1695 457 1779 consilio,
481 1718 553 1788 qua
565 1716 627 1785 spe
643 1692 681 1760 in
701 1686 769 1760 hoc
790 1688 937 1759 ueniant
955 1684 1051 1755 iudi·
1103 1689 1189 1784 quid
1211 1685 1270 1759 hic
1292 1689 1388 1760 aliud
1413 1690 1501 1779 agit,
1532 1691 1603 1760 nisi
1631 1707 1689 1776 ut,-
1721 1717 1811 1786 quae
1832 1695 1922 1763 benc
1945 1719 1986 1764 ac
2005 1694 2091 1766 reli-

58 1794 172 1883 cium,
196 1795 400 1881 aestimare,
423 1795 619 1888 principes,
644 1817 719 1862 saon
742 1789 910 1883 potestis?
958 1784 1050 1857 Nam
1102 1792 1198 1882 giose
1222 1791 1456 1860 amaioribus
1474 1794 1664 1863 constituta
1685 1809 1786 1877 sunt,
1825 1819 1869 1865 ne
1891 1794 2092 1889 patiamini,
2138 1870 2145 1885 ,

59 1920 140 1971 tum
164 1898 269 1969 'trulla
299 1894 357 1967 'vel
384 1896 616 1967 conscientiae
659 1895 733 1963 vel·
752 1915 892 1963 caussae
923 1886 1051 1959 fiducia
1104 1893 1205 1962 novis
1234 1891 1426 1983 impiorum
1455 1894 1630 1983 dogmatis
1659 1920 1698 1964 ac
1731 1896 1868 1985 legibus
1901 1898 2092 1991 antiquari.

59 1998 116 2069 vel
132 1997 305 2069 vincendi
319 2000 380 2091 spe
398 1994 494 2069 hunc
511 2006 691 2082 accusent,
714 1994 784 2065 tuit
805 1995 854 2063 cis
877 1994 916 2062 in
933 1989 1052 2060 consi·
1104 1993 1227 2087 Neque
1249 1994 1346 2063 enim
1368 2019 1433 2086 pro
1455 1994 1524 2087 piis
1543 2008 1702 2065 veterum
1726 1996 1913 2084 institutis,
1942 2000 2002 2067 sed
2024 2024 2091 2094 pro

59 2098 109 2171 lio
129 2098 350 2171 criminandi
371 2101 547 2169 insontem
565 2097 678 2168 libido
702 2097 892 2191 quaedam,
924 2116 970 2161 ne
994 2091 1053 2160 ni·
1104 2096 1219 2165 stultis
1246 2094 1497 2167 traditionibus
1528 2121 1568 2167 ac
1597 2099 1791 2192 tyrannicis
1822 2097 1979 2189 legibus,
2009 2102 2092 2195 qui-

59 2202 127 2271 mis
145 2202 241 2273 laeta
262 2202 483 2290 contingeret
498 2200 646 2271 victoria
661 2189 843 2268 Luthcro.
890 2192 1053 2283 Quomo-
1104 2199 1171 2269 bus
1192 2221 1314 2267 recens
1335 2197 1411 2267 nati
1429 2195 1618 2269 Pontifices
1640 2213 1676 2269 et
1697 2196 1946 2291 Theologistae
1970 2202 2092 2275 diviua

61 2304 105 2373 ‹h›
128 2304 232 2375 enim
252 2302 384 2373 conscii
407 2302 478 2373 sibi
499 2303 588 2387 sint,
622 2300 686 2394 qui
709 2315 782 2370 tam
798 2297 910 2368 multa
934 2295 1052 2387 palam
1104 2313 1140 2369 et
1158 2294 1315 2369 humana
1343 2301 1464 2393 omnia
1490 2300 1697 2384 turbarunt,
1734 2301 1906 2373 dimicant
1928 2306 2093 2375 adversa-

60 2406 209 2477 meutiri
248 2404 405 2475 audent?
452 2417 513 2473 aut
552 2401 731 2497 quomodo
770 2400 885 2471 fidant
923 2420 1054 2481 caussa,
1104 2400 1170 2486 rii,
1197 2423 1259 2489 ego
1279 2401 1454 2470 maiorum
1474 2416 1671 2473 vestrorum
1691 2403 1852 2475 instituta
1872 2402 1979 2492 v'oed,
2003 2430 2093 2500 quae

63 2530 170 2601 mam
196 2504 374 2577 'mrauieiis
412 2506 540 2594 magis,
585 2526 693 2597 quam
721 2498 938 2590 argumentis
971 2498 1055 2569 riu·
1105 2503 1150 2572 ab
1184 2503 1255 2571 illis
1286 2504 1333 2571 ad
1356 2499 1607 2592 Evangelicam
1645 2498 1803 2594 regulam
1833 2508 1966 2577 sancita
2000 2524 2093 2584 sunt.

62 2604 252 2706 dicauti')
284 2621 346 2677 aut
362 2607 504 2677 vincere
524 2620 565 2676 ut
581 2616 723 2695 sperent
738 2603 841 2673 toties
862 2600 967 2686 victi,
991 2600 1054 2695 qui
1107 2602 1246 2694 Quodsi
1260 2604 1299 2672 in
1314 2604 1459 2674 illorum
1479 2606 1718 2677 monumentis
1738 2624 1927 2679 numerant
1946 2611 2095 2699 inimici,

63 2720 176 2781 vestra
193 2709 366 2803 patientia
386 2710 430 2777 ad
451 2708 628 2778 audienda
652 2706 810 2775 convicia
830 2717 902 2775 tam
916 2704 1055 2772 invere-
1107 2731 1196 2800 quae
1224 2708 1347 2775 contra
1370 2706 1509 2775 divinas
1533 2706 1652 2778 literas
1681 2708 1763 2778 iam*
1778 2710 2013 2805 undecunque
2037 2738 2095 2783 re·

64 2813 178 2883 eunde
193 2810 417 2883 abutuntur?
465 2808 535 2879 Hic
553 2809 656 2877 vobis
669 2807 926 2877 aestimandum
946 2804 1056 2873 relin-
1107 2821 1206 2899 cepta
1219 2822 1319 2891 sunt,
1341 2808 1473 2893 videte,
1498 2808 1541 2877 de
1559 2809 1772 2899 imaginibus
1785 2813 1928 2894 vestris,
1955 2813 1999 2882 de
2018 2840 2095 2885 ma-

64 2938 149 3007 qno,
175 2936 267 2985 num
282 2912 417 3005 patriae
431 2909 553 2981 salutis
568 2935 608 2979 ac
622 2908 812 2979 maiestatis
830 2920 965 2977 vestrae
981 2919 1056 2976 stu·
1107 2911 1225 2980 iorum
1238 2923 1436 2980 vestrorum
1447 2911 1575 3000 pietate
1589 2935 1695 3005 quam
1711 2907 1912 2984 Christiane
1932 2916 2096 3001 sentiant,

66 3014 165 3085 diurn
188 3022 274 3083 rere
304 3014 452 3097 iactent,
492 3012 664 3107 quicum
692 3022 872 3095 accusant,
910 3008 970 3102 qui
993 3031 1056 3098 pa·
1107 3013 1172 3105 qui
1193 3010 1385 3082 maiestatis
1408 3025 1543 3081 vestrae
1570 3014 1728 3083 studium
1757 3028 1829 3083 tam
1858 3014 2096 3088 inverecunde

65 3116 169 3187 hiatu
193 3112 484 3187 Romanensibus
503 3114 690 3183 fraudibus
716 3110 898 3195 liberavit,
923 3108 986 3201 qni
1001 3131 1057 3177 se·
1108 3106 1473 3197 simulanti-Scilicet,
1487 3108 1593 3199 hirco,
1611 3116 1728 3184 favere
1739 3112 1937 3186 Germanae
1955 3119 2096 3207 gloriae,

66 3218 229 3289 culorum
258 3216 396 3309 aliquot
422 3239 579 3285 errorem
619 3237 714 3283 unus
745 3207 801 3281 his
837 3209 1056 3302 temporibus
1107 3229 1160 3287 est
1175 3211 1388 3283 Germaniae
1406 3213 1551 3284 nomine
1565 3239 1629 3307 per
1642 3216 1803 3286 fraudem
1818 3218 1916 3287 abuti
1931 3220 1975 3288 ad
1991 3235 2096 3292 tuen-

66 3342 170 3391 ausus
191 3330 246 3389 est
265 3318 481 3402 convellere,
513 3317 577 3411 qui
596 3312 836 3386 Christianam
859 3312 1056 3381 doctrinam
1108 3317 1170 3385 das
1194 3312 1408 3384 Pontificum
1439 3328 1582 3385 tuorum
1610 3332 1645 3388 et
1678 3319 1865 3388 stultarum
1895 3317 2097 3393 scholarum

67 3420 186 3515 impiis
219 3419 431 3513 pontificum
462 3417 784 3489 constitutionibus
802 3428 837 3484 et
862 3402 1057 3503 nugacibus
1108 3416 1340 3487 traditiones?
1389 3414 1534 3507 Quanto
1556 3410 1685 3490 rectius
1700 3421 1745 3490 dc
1758 3421 1954 3494 maioribus
1971 3425 2097 3496 vestris

68 3516 269 3594 scholarum
301 3515 525 3613 sophismatis
557 3544 682 3611 prope.
701 3517 890 3587 extinctam
923 3515 967 3585 in
999 3515 1078 3584 lu·¹
1109 3519 1234 3603 sentit,
1258 3518 1321 3611 qui
1338 3517 1437 3589 iubet
1452 3520 1582 3606 caveri,
1604 3544 1649 3589 ne
1665 3522 1804 3614 quidvis
1818 3524 2030 3597 salutaribus
2051 3527 2098 3596 it-

69 3626 143 3693 cem'
169 3622 364 3698 revocavit.
422 3619 515 3690 Nam
543 3614 607 3689 has
628 3622 751 3691 laudes
773 3617 1058 3711 docti.trib11u11t
1109 3623 1227 3691 lorum
1250 3621 1491 3690 monumentis
1509 3639 1750 3710 accenseatur,
1775 3624 1838 3718 qni
1854 3642 1970 3698 censet
1985 3629 2030 3698 ab
2052 3628 2098 3699 il-

68 3716 254 3809 Lachere,
276 3748 350 3793 non
371 3746 435 3815 ego
456 3735 613 3815 tantum,
634 3728 673 3793 'et
690 3745 772 3791 rere
786 3720 904 3791 'tiibui
923 3714 1079 3793 intelli·
1109 3725 1153 3793 lis
1170 3748 1211 3792 ea
1223 3736 1363 3793 tantum
1377 3724 1567 3793 constituta
1580 3748 1672 3809 esse,
1694 3750 1784 3819 quae
1797 3752 1816 3794 a
1831 3728 1937 3796 sacris
1951 3731 2098 3819 dogma-

69 3829 170 3919 getis,
213 3850 296 3897 cum
330 3826 375 3894 ad
409 3823 642 3903 accusationis
679 3822 805 3915 capita·
830 3824 1057 3912 respondero.
1110 3826 1155 3897 tis
1175 3849 1248 3893 non
1271 3837 1355 3893 sunt
1376 3826 1503 3897 aliena.
1566 3822 1690 3918 Neque
1713 3827 1808 3896 enirn
1834 3852 1960 3918 negare
1980 3845 2096 3923 potes,

69 3926 164 4001 llaec
193 3928 350 4020 praefari
383 3924 506 4009 libuit,
550 3950 596 3995 ne
627 3918 723 3995 hunc
748 3925 921 3995 tumultus
952 3920 1057 3993 huius
1104 3925 1227 4010 Hiree,
1246 3927 1358 3995 inulta
1372 3926 1515 3994 'rissendi
1531 3951 1549 3994 a
1568 3940 1616 4011 te,
1642 3952 1732 4020 quae
1747 3930 1918 4018 ignorarit
1932 3948 2096 4003 vetustas.

70 4045 248 4113 auctorem
271 4032 346 4098 e'sse
365 4028 551 4121 putaretis,
582 4051 688 4119 quem
704 4027 812 4118 plane
830 4026 978 4095 istorum
994 4027 1058 4095 in·
1108 4029 1200 4099 Nam
1216 4027 1528 4096 recens'doctrinae
1544 4052 1654 4115 genus
1670 4026 1980 4102 estscholasticum
1994 4034 2096 4119 illud,

67 4133 211 4203 roribus
226 4130 380 4214 debetis,
402 4130 466 4224 qui
481 4129 550 4197 iam
568 4150 681 4196 annos
695 4128 776 4219 plus
788 4141 860 4195 tres
876 4121 969 4195 nihil
983 4151 1056 4196 non
1109 4131 1205 4224 quod
1243 4143 1426 4218 tantopere
1459 4131 1657 4219 praedicas,
1699 4129 1824 4223 Nuper
1855 4134 1947 4222 leges
1981 4135 2096 4207 editae

69 4251 197 4325 agunt,
221 4228 317 4302 nihil
340 4254 415 4301 non
431 4231 647 4315 moliuntur,
671 4242 713 4300 ut
733 4229 955 4317 extinguatur
974 4220 1058 4297 Lu·
1109 4245 1193 4301 sunt
1224 4231 1267 4298 dc
1296 4230 1544 4317 indulgentiis,
1583 4232 1627 4299 de
1661 4233 1824 4303 formulis
1849 4236 2096 4327 poenitentias,

67 4328 214 4419 theras,
258 4357 335 4403 nou
362 4333 544 4426 ut‘quieta
573 4332 619 4402 sit
644 4330 842 4423 respublica
869 4327 1057 4427 Ecclesiae,
1108 4336 1155 4403 dc
1169 4325 1380 4401 Monarchia
1392 4330 1549 4403 Romani
1564 4329 1744 4426 Episcopi.
1792 4330 1841 4406 Et
1860 4339 1945 4469 quia
1966 4352 2007 4408 tu
2027 4335 2095 4411 hoc

69 4440 129 4509 sed
143 4450 188 4507 ut
200 4435 270 4527 ipsi
284 4437 325 4505 iu
341 4426 496 4529 quietam
513 4428 711 4504 Ecclesiam
727 4432 921 4527 tyrannide·
928 4412 1059 4511 suala?
1108 4437 1185 4505 loco
1201 4434 1245 4502 de
1259 4434 1481 4505 sacerdotum
1493 4434 1664 4523 dignitate
1676 4434 1862 4528 praecipue
1887 4437 2097 4536 )videbaris

65 4540 152 4611 bere
170 4537 324 4627 grassari
340 4542 482 4630 'queant
533 4534 627 4605 Sunt
646 4548 763 4607 autam
779 4534 899 4624 capita
918 4546 1058 4617 accusa*
1109 4538 1246 4620 dicere,
1279 4557 1408 4627 quaeso
1428 4549 1480 4619 te,
1503 4535 1616 4607 istane
1634 4532 1705 4607 fuis
1722 4532 2097 4637 Collegiorum‚··quae

65 4641 179 4719 tionis
204 4634 292 4709 haec
323 4638 407 4711 iere.
477 4628 993 4729 illdibranphilosophiam
1019 4663 1058 4709 ac
1106 4651 1256 4721 ¹uocant,
1284 4632 1612 4707 Ecclesiasticornm
1633 4662 1673 4709 ac
1689 4644 1913 4712 sacerdotum
1939 4646 2095 4715 conditio

700 4744 707 4759 '
1111 4739 1309 4833 quondam,
1331 4762 1420 4829 quae
1440 4764 1536 4809 nunc
1555 4740 1630 4811 est?
1679 4739 1927 4815 Condidcrnut
1947 4747 2098 4815 maiores

65 4852 364 4877 -···-···········
1111 4840 1349 4910 studiosorum
1370 4840 1532 4929 collegia,
1557 4842 1622 4911 ubi
1641 4837 1862 4917 Christianae
1888 4848 2098 4917 literaedo-

100 4992 131 5061 t>
150 4985 366 5058 sansana
382 4984 412 5038 aa
431 4984 503 5039 sss·
521 4960 639 5057 pssunt
658 4984 731 5039 eain
749 4992 776 5038 a
792 4983 821 5037 aa
841 4982 908 5036 nea.
929 5001 992 5055 opp.
1010 4981 1060 5035 aa.
1112 4955 1293 5026 serentur,
1336 4964 1445 5033 eaque
1475 4943 1617 5027 annuis-2
1640 4948 1873 5034 vaffllibuss
1909 4950 2113 5035 d⁰¹¹³r11¹¹h

167 5052 564 5179 rppnpassffttisrouymus
574 5052 726 5109 Emine’
745 5062 770 5107 ei
783 5051 860 5109 trevi
875 5061 951 5124 poss:
970 5048 1061 5117 „ch·
1112 5044 1208 5115 unde
1249 5043 1446 5143 alerentur,
1486 5045 1554 5139 qui·
1582 5046 1773 5151 docebant,
1806 5046 1929 5145 2Nuuc
1959 5049 2099 5137 ¹videtis,

136 5147 166 5183 sa
179 5144 209 5180 ar
229 5144 271 5179 us.
357 5161 365 5177 .
1225 5144 1250 5151 ··
1488 5144 1493 5153 ·
1582 5144 1587 5155 ·
2200 5142 2204 5149 ·

120 5230 150 5295 4)
169 5234 197 5277 et
209 5224 316 5286 umen]
334 5221 375 5274 Μ.
389 5240 470 5293 opp:
490 5230 588 5275 tamen,
839 5270 844 5275 .
1123 5200 1426 5273 '·-'-··.-·--·
1530 5242 1551 5287 .;
1591 5210 1594 5217 ’

45 5349 48 5353 -
121 5312 151 5379 ⁵)
172 5324 281 5367 anm,
303 5303 612 5375 quam-sindicant]
637 5304 678 5359 Μ.
700 5322 778 5375 oppa
803 5305 916 5359 causae?
940 5304 1063 5359 Cnm—
1714 5346 1718 5353 .
1769 5346 1774 5355 .

176 5376 296 5430 vinant-
671 5462 675 5468 Ι
1168 5376 1196 5445 6)
1214 5374 1371 5517 praecipuast
1388 5375 1447 5429 Lib.
1462 5375 1581 5447 primum
1596 5373 1695 5429 editius
1715 5375 1872 5448 praecipue.

1277 5450 1296 5518 1
