4500 5782
48 280 55 286 .
170 223 251 303 aar
681 154 1626 319 1nats-ronapuaamasw.asar,
1888 178 1891 182 ⁴
2136 223 2203 297 aas

176 404 298 486 deam,
322 410 478 469 mentem
487 391 726 468 Christianam
741 391 863 477 inillis
876 392 1072 462 terroribus
1086 415 1162 461 sero
1214 403 1273 462 tur
1288 406 1329 463 ut
1343 406 1476 463 caetera
1495 388 1684 492 ἀναγκαῖα
1699 384 1808 466 κακά.
1848 386 2012 465 Morum
2029 389 2202 465 haud‘scio

176 530 218 577 eo
236 501 439 596 pervenire,
469 510 511 568 ut
532 511 753 567 aeternarum
767 517 962 585 poenarum
975 507 1073 562 metu
1090 516 1165 561 uon
1214 518 1260 562 au
1285 495 1457 565 conducat
1486 495 1605 586 potius
1637 495 1749 564 alium
1779 496 1819 565 in
1847 499 1969 568 lacum
1993 499 2043 566 ad
2072 498 2204 567 concio·

176 617 450 678 commoveatur.
510 596 725 677 Meministi,
751 619 846 687 ‚quae
870 620 908 664 ea
930 596 975 663 de
997 618 1035 663 re
1055 593 1165 664 locuti
1215 598 1373 666 nandum
1388 597 1538 668 mittere.
1586 594 1642 666 De
1663 597 1808 687 ingenio
1830 594 1992 669 hominis
2012 598 2204 692 quidiudi·

176 728 314 791 tarmus,
337 727 417 774 curn
434 703 478 771 de
492 700 625 771 timore·
634 697 753 766 servili
771 710 805 765 et
828 695 927 765 filiali
946 696 1165 787 colloquere-
1195 721 1294 766 scare
1312 697 1479 782 debeam,
1513 721 1588 767 nan
1611 721 1696 767 sane
1718 722 1862 790 passum
1879 700 2109 770 constituere.
2130 706 2134 711 '
2154 696 2204 771 De

176 831 269 880 mur.
330 804 400 877 Sed
426 803 504 887 ille,
544 814 584 870 ut
609 821 749 883 vereor,
789 798 980 866 delectatur
1011 796 1164 886 ingenio.
1217 788 1460 892 Catachesi*)
1478 823 1537 869 me
1557 813 1598 869 tu
1618 794 1846 870 vehementer
1868 824 1984 890 urges.
2034 799 2204 872 Liberalia

176 906 252 999 Ego
270 905 437 997 respondi
453 905 503 989 ei,
527 917 561 971 et
577 901 727 970 vicissim
743 899 787 969 ab
802 923 842 969 eo
861 900 979 969 literas
993 911 1165 989 exspecto.
1216 901 1327 990 igitur
1341 913 1375 970 et
1387 900 1492 969 fidem
1507 924 1620 969 meam
1648 915 1683 971 et
1698 914 1732 970 te
1749 902 1814 971 ista
1832 901 2091 973 sollicitudine.
2137 901 2203 973 Ne·

177 1011 285 1100 Quod
302 1009 333 1077 si
347 1009 489 1090 videro,
522 1027 604 1072 eum
626 1003 758 1071 bellum
773 1024 915 1091 parare,
947 1002 1095 1088 rogabo,
1126 1012 1167 1068 ut
1218 1025 1309 1071 cesse
1325 1016 1393 1085 est,
1425 1002 1652 1092 magnaetibi
1670 1028 1773 1072 curae
1790 999 1882 1073 hauc
1905 1027 1982 1072 rem
2005 1027 2100 1089 esse,
2131 1029 2203 1074 mm

177 1108 379 1183 iumatsibi
396 1108 505 1179 alium
522 1104 720 1197 qnempiam
738 1125 778 1171 ex
795 1097 871 1186 his,
896 1103 958 1194 qui
976 1106 1167 1170 adversan-
1218 1103 1366 1188 scribas,
1406 1104 1597 1173 excruciari
1620 1117 1720 1172 tuum
1744 1105 1904 1174 animum
1928 1099 1994 1174 hac
2022 1105 2204 1196 procrasti-

63 1240 67 1251 ·
157 1230 237 1287 tur
260 1225 400 1283 nostrae
425 1207 621 1289 doctrinae,
653 1204 796 1296 quicum
820 1204 942 1293 litiget.
994 1198 1089 1272 Mihi
1103 1204 1166 1271 de·
1218 1205 1375 1278 natione.
1427 1203 1486 1274 sic
1500 1205 1657 1294 flagitare
1674 1219 1724 1277 est
1737 1207 1841 1297 plane
1857 1220 2081 1298 extorquere,
2129 1203 2204 1290 Sed,

177 1329 312 1387 cretum
328 1325 395 1395 est,
428 1333 508 1380 cum
529 1331 570 1377 eo
594 1329 668 1375 non
686 1304 804 1375 rixari
855 1301 887 1374 A
903 1296 1070 1374 Lulhera
1089 1298 1166 1371 heri
1218 1318 1314 1376 extra
1346 1306 1485 1391 iocum,
1524 1330 1602 1376 mos
1636 1285 1702 1375 tibi
1733 1320 1890 1397 geretur,
1930 1307 1983 1377 mi
2016 1306 2203 1400 Spalatine.

56 1418 83 1444 ’
176 1418 295 1491 literas
312 1412 447 1503 accepi,
479 1408 517 1478 in
541 1408 670 1500 quibus
693 1405 865 1494 significat
888 1402 995 1490 mihi,
1027 1404 1167 1497 quasit
1219 1407 1288 1477 Sed
1306 1430 1368 1497 ega
1385 1407 1702 1498 nuncoccupatum
1719 1409 1876 1478 animum
1892 1403 2022 1493 habeo,
2043 1409 2205 1479 turnaliis

177 1517 391 1589 valetudiue.
438 1507 503 1580 Est
519 1510 670 1593 incerta,
702 1505 810 1600 quare
827 1531 892 1598 pra
908 1532 950 1577 eo
965 1507 1084 1578 orabis
1101 1508 1166 1575 do-
1219 1509 1331 1592 curis,
1364 1521 1438 1579 tum
1464 1509 1569 1580 etiam
1591 1509 1801 1597 cogitatione
1816 1504 1899 1603 περὶ
1913 1515 1984 1581 τοῦ
1998 1505 2205 1604 &vastanti-

175 1620 325 1690 minum.
382 1613 454 1683 Pr'o
477 1612 591 1681 farina
615 1633 679 1699 ago
701 1608 767 1678 tibi
787 1609 926 1695 gratias.
991 1607 1062 1677 Nec
1085 1608 1166 1698 plus
1218 1605 1361 1695 ζεσθαι.
1412 1608 1563 1679 Decrevi
1584 1610 1678 1683 enim
1704 1625 1825 1681 cantra
1850 1610 2105 1704 Anabaptistas
2125 1611 2205 1680 scri·

176 1721 317 1816 postulo
340 1711 431 1786 mihi
452 1712 566 1795 mini,
603 1737 686 1781 nam
707 1733 784 1778 mea
807 1734 897 1780 uxor
922 1734 995 1780 non
1017 1709 1082 1777 scit
1106 1733 1165 1777 co·
1218 1711 1312 1784 bere.
1363 1703 1659 1782 Laeaniticum
1680 1736 1755 1781 non
1776 1714 1997 1804 reposcoalas
2015 1728 2059 1786 te.
2107 1710 2204 1782 Potes

59 1896 62 1903 ,
107 1827 111 1833 ’
178 1845 295 1917 quere.
352 1815 574 1887 Pulvisculus
596 1815 646 1883 ita
665 1812 847 1893 faciendus
871 1825 937 1882 est:
968 1809 1037 1881 Die
1051 1807 1166 1879 Heut-
1218 1836 1275 1881 eas
1296 1813 1388 1881 inter
1410 1814 1478 1883 alia
1502 1827 1563 1883 tua
1585 1805 1753 1906 κειμήλια
1777 1837 1921 1906 ponere.
1981 1812 2084 1883 Vale.
2136 1811 2205 1883 -Po-

178 1924 251 1993 lein
275 1944 346 1991 von
368 1920 450 1988 dem
465 1913 724 2002 Hiinermeglin
747 1912 814 1982 soll
834 1937 917 1982 man
939 1912 1054 1983 lassea
1077 1911 1165 1980 diirr
1217 1913 1341 1984 stridie
1358 1913 1519 1985 Martini.
1922 1943 1928 1955 ·
1958 1934 1962 1941 ·

177 2025 346 2106 werden,
377 2019 451 2090 und
467 2017 538 2085 viel
555 2041 597 2084 za
613 2014 762 2087 Saamen
780 2014 968 2098 sammeln,
999 2013 1076 2107 affl
1099 2012 1165 2083 soll
1955 2009 2160 2108 Philippus,

177 2125 236 2197 die
252 2123 439 2203 Heutlein3
473 2112 629 2187 darnach
653 2110 807 2185 nahmen
831 2114 1017 2203 Zingiber,
1044 2108 1163 2202 galan-

178 2251 257 2319 gam
279 2224 354 2294 und
382 2222 573 2302 calamum,
612 2219 685 2286 und
716 2216 783 2285 soll
813 2217 870 2285 die
893 2215 1063 2286 Heutlein
1089 2215 1164 2283 und

177 2329 273 2399 diese
299 2324 467 2395 Aromata
489 2321 556 2388 mit
578 2319 748 2387 einander
771 2331 916 2391 stosseu.
978 2314 1031 2385 'Es
1052 2315 1166 2385 sollen

1228 2372 1294 2443 No.
1309 2371 1397 2447 481.

178 2431 265 2500 aber
277 2428 335 2496 die
349 2422 517 2494 Heutlein
530 2420 580 2490 als
595 2421 667 2489 viel
681 2443 766 2512 seyn
782 2443 837 2487 am
855 2420 1011 2509 pondere
1033 2418 1085 2488 als
1105 2418 1166 2487 des
1223 2458 1396 2498 Μ
1997 2381 2194 2465 (eadm)

178 2532 326 2715 atta
341 2514 1167 2705 das2,,incatenatusartaret
1499 2563 1614 2650 aar
1645 2564 1928 2694 esaon.

179 2733 363 2822 Zingihro‚
387 2725 544 2812 Galanga
562 2725 636 2791 und
654 2723 798 2793 calamo.
831 2704 976 2792 Solches
990 2733 1167 2811 gestassen
1286 2756 1409 2812 Primum
1429 2758 1499 2812 edin
1519 2778 1535 2812 a
1559 2758 1621 2813 eod.
1644 2757 1738 2813 mg
1761 2759 1821 2812 pop,
1838 2758 1870 2814 ῃ,
1889 2778 1918 2830 ρ,
1933 2759 1997 2815 335,
2025 2779 2041 2816 ⁸
2058 2758 2200 2835 ΜΨ,

180 2835 265 2906 alles
293 2831 360 2901 soll
388 2850 471 2897 man
500 2820 678 2895 brauchen
702 2847 721 2891 a
744 2824 895 2915 prandio
919 2835 952 2891 et
978 2846 1085 2892 coena
1108 2822 1167 2889 ein
1320 2828 1347 2880 in
1369 2826 1423 2899 vita
1443 2827 1568 2949 tuqui:
1604 2827 1686 2880 Nunc
1704 2827 1793 2881 denuo
1810 2847 1840 2880 ex
1858 2828 1955 2882 eodem
1977 2829 2131 2902 ὀρώρῃ,
2150 2830 2200 2886 eat·

179 2936 314 3024 wenig‚
348 2908 386 3000 so
408 2928 477 2997 viel
498 2927 549 2994 als
575 2950 658 2994 man
679 2926 743 2993 auf
763 2927 820 2994 ein
838 2923 974 2993 Messer
996 2925 1101 3015 pilegt
1125 2949 1167 2992 zu
1322 2895 1376 2950 ¹²¹⁰
1390 2914 1507 2968 ²P⁰ssf³P
1527 2914 1545 2948 ⁰
1561 2915 1589 2949 ¹¹¹
1603 2896 1666 2950 ⁶⁰⁶·
1681 2894 1775 2950 Meta
1790 2894 1837 2951 lv·
1860 2915 1886 2968 Ρ·
1899 2895 1970 2952 ⁵¹b·

177 3040 304 3108 sassen.
356 3029 433 3121 Ego
449 3022 844 3144 comperistomachum
867 3027 969 3095 valde
992 3025 1107 3093 iuvari
1129 3048 1168 3142 ea
1427 3049 1493 3125 Ph
1504 3053 1653 3153 Hippo
1686 3050 1757 3126 Εὐ
1767 3053 1876 3126 aba
1886 3050 2009 3129 chio·

178 3139 366 3209 medicina.
426 3128 474 3201 Et
496 3130 663 3220 paratnas
685 3142 746 3200 est.
806 3126 895 3197 Vale
918 3142 951 3197 et
973 3152 1037 3217 pro
1064 3127 1168 3195 nobis

180 3267 240 3311 m
1219 3166 1339 3260 Recte
1358 3193 1406 3260 ita
1428 3192 1580 3283 iudicas,
1613 3215 1659 3259 ne
1683 3215 1763 3260 vera
1785 3193 1929 3284 quidem
1951 3195 2122 3282 dogmata
2144 3208 2200 3264 tam

1221 3293 1387 3362 effrenata
1401 3289 1424 3384 ¹)
1449 3294 1546 3383 vulgi
1570 3292 1717 3361 licentia·
1741 3293 1874 3385 ubique
1902 3297 2104 3385 spargenda
2132 3317 2200 3367 esse.

1220 3390 1275 3461 Eo
1292 3390 1322 3484 ²)
1344 3394 1454 3483 magis
1478 3394 1630 3464 debebas
1643 3389 1673 3489 ³)
1702 3395 1877 3464 abstinere
1901 3395 1946 3464 ab
1973 3388 2033 3466 bis
2056 3397 2200 3488 disputa·

216 3573 223 3583 ι
1223 3495 1381 3565 tionibus
1393 3490 1475 3587 περὶ
1493 3489 1677 3587 συνάξεως
1691 3489 1738 3587 ⁴),
1768 3493 1953 3607 inquibus
1971 3510 2069 3567 certe
2082 3496 2201 3590 aliquid

187 3570 362 3699 &Q
888 3632 894 3641 ·
991 3568 1164 3689 Q
1222 3597 1302 3666 vitii
1320 3609 1380 3668 est.
1431 3594 1486 3666 Da
1500 3597 1618 3688 patius
1634 3619 1794 3687 operam,
1822 3612 1863 3668 ut
1876 3612 1976 3669 tuam
1994 3599 2201 3690 provinciam

505 3728 544 3816 G
608 3726 644 3813 S
701 3729 785 3811 pt·
814 3755 837 3807 ο
1223 3691 1425 3794 gnaviter’)
1449 3699 1692 3782 administres,
1727 3698 1849 3769 necin
1871 3697 2035 3768 alienum
2059 3695 2203 3781 chamut

547 3761 578 3815 θ’
639 3758 699 3839 pa
719 3759 747 3810 α
770 3759 848 3811 m'
1221 3814 1263 3870 ut
1285 3812 1336 3867 est
1359 3798 1398 3866 in
1424 3800 1627 3890 proverbio,
1668 3799 1812 3870 insilias.
1876 3797 2137 3872 Caucionatori
2156 3825 2202 3869 re-

251 3925 271 3985 †
287 3918 325 3970 Ex
339 3911 503 3995 autographo
518 3910 587 3963 Met.
600 3911 627 3962 iu
642 3909 704 3963 cod.
719 3907 798 3960 Bassi.
814 3909 843 3962 F.
858 3909 919 3962 101.
937 3907 1012 3980 epist.
1026 3908 1070 3963 89.
1093 3911 1170 3964 cuius
1223 3901 1362 3994 spondi.

288 3984 458 4053 instriptrona
474 3978 625 4050 Spalatinus
639 3977 780 4048 adscripsit
791 3995 854 4031 anu.
871 3977 945 4033 1527.
1312 3998 1388 4070 Est
1417 3995 1473 4069 hic
1503 4004 1598 4092 apud
1630 4026 1695 4071 nos
1721 3995 1885 4070 [mmm
1908 3992 2203 4103 Reiffensmp‘),

183 4128 335 4228 Optima
354 4124 429 4194 cira
454 4117 508 4193 D.
533 4113 728 4210 Georgia
753 4113 1027 4214 Spalaliaa,
1054 4119 1171 4190 amica
1223 4115 1322 4172 vetus
1338 4102 1470 4171 amicus
1488 4115 1579 4177 tuus.
1636 4102 1668 4171 ls
1685 4104 1856 4195 postulat,
1877 4116 1918 4172 ut
1935 4104 1983 4172 ad
2000 4127 2039 4172 se
2054 4107 2100 4174 de
2115 4107 2204 4175 rehtu

559 4244 796 4305 sumamma,
1223 4204 1294 4273 tuis
1320 4204 1493 4273 omnibus
1515 4204 1656 4278 scribas.
1720 4200 1809 4271 Earn
1840 4227 1985 4297 quaque
2019 4207 2205 4296 epistolam,

1126 4355 1172 4425 ss·
1224 4329 1331 4400 quarn
1347 4304 1507 4397 proxime
1522 4308 1564 4374 ad
1586 4329 1640 4375 me
1656 4304 1799 4389 misisti,
1825 4319 1981 4376 asservat
1998 4300 2030 4402 ²)
2054 4307 2145 4399 ipse,
2171 4321 2206 4377 at

1223 4407 1325 4477 fratri
1348 4419 1408 4476 tuo
1431 4401 1594 4475 exhibeat
1623 4422 1790 4500 tanquam
1818 4406 1999 4497 specimen
2031 4419 2115 4479 tuae
2141 4424 2205 4479 tum

1222 4508 1415 4579 modestiae
1445 4523 1522 4578 tum
1557 4509 1595 4576 in
1627 4503 1695 4577 hoc
1729 4521 1790 4579 tuo
1821 4532 1971 4578 munere
2001 4509 2205 4601 diligentiae

184 4346 227 4442 S.
242 4366 285 4435 D.
337 4354 414 4447 Ego
429 4381 510 4424 vero
527 4378 600 4421 non
615 4354 722 4422 velim
741 4378 911 4422 renovare
934 4355 1103 4423 clamores

185 4469 239 4539 los
264 4466 299 4531 in
324 4459 479 4549 templis,
506 4469 690 4548 postquam
706 4455 764 4524 isti
780 4479 913 4524 rnorem
931 4455 1101 4528 recitandi
1115 4480 1172 4526 re-

186 4576 369 4658 ceperunt,
418 4574 450 4628 et
484 4558 638 4646 gaudeo,
685 4556 873 4625 canonicos
909 4570 987 4653 tuos
1027 4558 1171 4627 tandem

186 4692 261 4741 esse
280 4665 466 4743 adductos,
497 4672 537 4731 ut
557 4658 656 4727 urbis
677 4672 811 4728 vestrae
829 4658 1078 4751 tranquillitati
1089 4682 1172 4727 ser-

184 4773 295 4846 viant.
348 4755 602 4831 Barneasibus
616 4758 747 4850 poteris
763 4758 810 4826 ita
824 4760 1017 4845 consulere,
1040 4760 1068 4828 si
1087 4754 1173 4828 hor·
1257 4796 1286 4867 a.)
1304 4797 1323 4853 ἱ,
1335 4812 1361 4851 q·
1375 4799 1444 4853 liaeo
1461 4799 1617 4855 „Moab
1630 4799 1746 4855 edendo.

186 4870 317 4946 taberis
329 4861 608 4942 cancellarium,
638 4874 679 4929 ut
688 4857 864 4951 Principis
877 4860 1022 4930 nomine
1039 4858 1173 4930 scriba·
1277 4885 1305 4942 ι)
1325 4902 1349 4938 e
1366 4883 1459 4938 Meta.
1473 4858 1590 4951 effrena.

187 4989 247 5046 tur
262 4967 413 5044 Senatui·
426 4962 621 5045 Bonnensi,
651 4973 693 5033 ut
713 4985 770 5046 ea,
803 4986 892 5054 quae
914 4962 1173 5047 constituimus,
1273 4967 1303 5036 2)
1323 4985 1349 5021 c.
1362 4968 1454 5022 aleta.
1469 4973 1531 5024 aaa.

106 5082 114 5097 '
188 5084 350 5151 numeret
370 5063 623 5138 concionatori,
682 5059 760 5131 Nisi
783 5062 878 5133 enim
906 5064 987 5134 aula
1016 5063 1175 5135 defendit
1274 5051 1302 5120 ³)
1321 5051 1554 5154 ‘'⁸⁸l·⁶⁶⁶}⁶‘⁸·

188 5188 307 5246 nostra
325 5173 481 5251 decreta,
514 5165 598 5259 quid
624 5177 729 5232 eruut
743 5162 860 5248 aliud,
893 5189 998 5259 quarn
1014 5163 1174 5251 Platonis
1272 5137 1303 5207 ⁴)
1322 5155 1347 5192 ⁶·
1363 5136 1457 5190 Meta.
1473 5143 1657 5209 ⁸²²²“‘'‘“'‘“‘·

188 5279 300 5367 leges,
333 5287 372 5342 ut
393 5293 515 5361 gram
540 5264 727 5356 Pr⁰v⁸sbi⁰
752 5278 842 5338 uias·
901 5263 967 5355 ma
990 5267 1033 5334 de
1055 5270 1175 5338 cama·-
1275 5222 1748 5381 {iiiopiliiiiiiniiiiigriiciniiitiem
1760 5308 2060 5374 Guilielmi'Reiffenst.

185 5379 282 5455 tione
310 5372 507 5450 aulicorum
525 5380 629 5467 ¹vetus
654 5380 703 5436 est
721 5367 872 5460 querela.
924 5366 1174 5463 Feraruusigi-
1276 5394 1307 5464 ε)
1326 5412 1351 5450 e
1366 5393 1433 5452 nav.
1447 5393 1599 5448 mmm.
