4500 5782
114 236 190 310 789
690 231 1123 309 EPISTOLARUM
1150 234 1280 312 ¹LIB.v
1311 234 1376 312 lll.
1417 231 1560 335 [tm.
2070 231 2132 306 740

1150 414 1325 480 utrorum
1341 411 1513 501 potiatur,
1529 423 1563 478 et
1578 409 1749 478 instauret
1764 430 1877 490 sacra,
1899 420 1934 475 et
1950 403 2130 494 Respubli*

115 513 182 582 bus
198 527 232 583 et
245 512 411 610 studiosis
423 510 511 592 mei,
536 510 597 575 sed
618 523 762 601 propter
783 510 932 600 speciem
955 511 1104 578 celebri·-
1150 515 1341 595 castradat
1362 511 1491 581 sarrctis
1512 511 1598 578 viris
1613 510 1794 581 tenendas.
1847 509 1907 578 Sic
1926 506 2131 598 praedicant,

116 614 198 685 tatis
222 614 330 682 nimis
354 612 495 694 multis,
522 626 557 679 et
579 605 643 680 hac
664 613 884 695 valetudine,
913 612 1103 701 profectio·
1151 615 1352 704 apparuisse
1387 615 1580 705 aliquando
1618 614 1798 701 angelum,
1838 611 1902 703 qui
1935 609 2068 677 dixerit
2097 608 2131 692 ei,

115 739 197 785 nem
213 716 315 784 nolui
330 728 517 785 maturare.
568 710 638 781 Sed
655 712 869 804 exspectabis
887 736 952 781 nos
974 728 1102 783 tamen.
1151 715 1311 784 futurum
1340 730 1380 785 ut
1404 713 1583 783 Gabrielis
1611 714 1738 782 solium
1766 724 1976 802 occuparet,
2016 709 2132 802 quibu

115 813 192 908 Ego
208 812 496 908 nihilantiquius
521 827 555 883 et
577 809 669 882 nibil
688 816 802 884 maius
820 815 859 882 in
876 815 979 883 tertis
1001 816 1102 898 duco,
1152 818 1269 885 verbis
1293 840 1442 906 regnum
1463 817 1677 907 promissum
1695 829 1832 906 [artant.
1885 811 1985 881 llaec
2002 813 2131 881 dubita-

116 942 223 1010 quam
245 933 286 989 ut
309 918 392 1001 tibi,
428 916 541 984 sicubi
561 939 616 982 res
638 931 774 1006 poscat,
807 929 943 1004 gratum
965 916 1101 987 faciam.
1151 918 1252 1003 bam,
1279 943 1324 986 an
1348 944 1388 986 ex
1413 932 1587 987 meantea
1605 918 1777 1001 audisses,
1804 932 1994 1007 propterea
2019 928 2059 984 ut
2077 913 2132 981 sci—

81 1070 83 1074 ·
114 1016 163 1091 Et
179 1016 418 1090 hocoliicium
440 1032 491 1086 est
510 1042 550 1085 ex
565 1017 627 1085 illo
645 1019 770 1087 ordine
785 1032 938 1108 notaque
954 1018 1101 1107 anrlgari,
1151 1042 1224 1102 res,
1250 1021 1436 1111 perscripsi
1454 1023 1498 1088 ad
1522 1033 1575 1103 tc,
1609 1021 1752 1111 quicum
1775 1042 1839 1107 ego
1862 1038 1991 1085 omnes
2014 1014 2130 1103 rogita·

115 1121 316 1192 cuiusmodi
349 1121 485 1208 exigere
520 1119 681 1208 religiose
712 1145 786 1188 non
817 1120 981 1190 solemus.
1038 1114 1101 1188 aad

114 1216 319 1314 ταῦταμὲν
335 1216 381 1314 δὴ
395 1225 525 1291 ταῦτα.

215 1317 405 1395 balterus
431 1324 597 1392 articulos
626 1324 839 1392 rusticorum
868 1323 997 1413 scripto
1033 1345 1100 1411 pu-

113 1426 208 1497 blico
225 1426 459 1518 improbabit,
485 1438 656 1493 ettamen
674 1425 853 1515 principes
874 1426 917 1492 ad
943 1423 1099 1515 aequita-
1198 1444 1201 1451 ’

104 1541 185 1597 -tem
209 1523 420 1598 hortabitur.
471 1525 534 1595 Me
555 1550 652 1595 nunc
675 1522 825 1596 extrahit
842 1520 1034 1593 Lashom
1056 1547 1097 1592 ex

112 1631 245 1721 oppido
264 1631 308 1698 ad
323 1652 404 1696 suos
417 1641 509 1697 certe
522 1628 675 1696 invitum
694 1620 742 1719 *).
792 1624 845 1696 Ac
866 1628 916 1696 sic
930 1649 1098 1717 propera-

112 1733 185 1816 bat,
210 1731 304 1801 utin
319 1732 395 1820 ipso
408 1731 467 1797 die
483 1723 666 1820 paschatos
680 1742 887 1800 excurreret.
920 1726 1098 1796 Evocatur

112 1846 255 1924 propter
278 1832 396 1901 nescio
414 1854 504 1923 quae
519 1831 657 1918 nogotia
671 1827 848 1898 Ecclesiae
870 1830 944 1898 illic
966 1829 1097 1897 constit

111 1936 272 2004 tuendae.
344 1931 433 2000 Vale
475 1927 539 2002 καὶ
571 1925 724 2021 εὐτύχει.
797 1924 1027 1999 Michaelem
1063 1944 1097 1998 et

110 2030 286 2128 hospitem
308 2034 405 2103 illius
428 2047 576 2126 tuosque
600 2034 731 2103 amicos
751 2056 874 2102 omnes
896 2034 1008 2101 saluta
1029 2055 1096 2099 no-

110 2153 182 2210 stro
201 2137 356 2208 nomine.
399 2133 470 2204 Pro
484 2135 629 2225 publico
641 2148 735 2204 statu
751 2159 826 2203 non
841 2136 969 2203 desisto
981 2152 1096 2217 orare,

111 2240 217 2333 idque
241 2252 283 2308 ut
307 2261 371 2305 vos
391 2237 544 2320 faciatis,
575 2251 683 2328 tuque
701 2229 963 2329 Michaelque,
987 2230 1097 2303 vehe-

108 2355 247 2413 menter
274 2362 360 2428 rogo
386 2362 452 2406 nec
479 2338 562 2407 volo
593 2352 626 2407 te
654 2339 818 2409 dubitare
842 2354 903 2408 ant
924 2337 1095 2421 diffidere,

109 2442 198 2535 quin
213 2457 293 2511 tuae
307 2463 428 2530 proces
440 2440 684 2509 exaudiantur.
724 2438 976 2509 Exercetdeus
990 2440 1094 2509 fidem

108 2557 265 2614 nostram
288 2542 345 2610 vel
368 2540 626 2610 dissimulando
657 2544 713 2611 vel
743 2542 952 2612 differendo.
1010 2534 1103 2609 Lu«

108 2638 234 2713 theros
249 2658 283 2713 te
295 2645 433 2716 salutat.
706 2678 709 2683 ·
978 2662 981 2667 ·

114 3004 180 3077 No.
196 3005 282 3076 331.

111 3100 284 3131 w

616 3003 846 3099 (Bitterfeldee,
871 3012 901 3073 d.
925 3016 979 3077 17.
996 3000 1090 3096 llpr.)

613 3092 1091 3138 Μ.

379 3202 842 3319 1⁰⁰⁶lkCamerar50j

175 3406 260 3476 Epist.
268 3404 308 3457 'ad
323 3392 464 3464 Camerar,
480 3422 506 3475 p,
522 3394 571 3457 24(
592 3390 596 3415 ·'
709 3398 713 3403 -
805 3380 808 3387 ·

102 3557 370 3635 durachim
395 3552 677 3631 Camerario
700 3584 768 3633 suo
792 3587 935 3635 summo
957 3563 998 3642 S.-
1015 3564 1069 3639 D.

108 3695 297 3784 Sedaldus
314 3734 378 3780 nos
394 3722 490 3807 extra
506 3709 678 3809 oppidum
694 3726 832 3805 secutus
853 3728 905 3783 est
926 3706 1032 3785 bodie
1048 3706 1092 3788 ad

105 3808 384 3915 Billerseldinm
408 3836 529 3905 usque.
582 3808 640 3909 lbi
655 3804 739 3881 'curn'
758 3814 847 3883 sorte
873 3814 928 3884 ad'
941 3816 1091 3888 amicum

107 3920 282 4015 quendam
299 3910 639 4009 Noriberga'e‘scrssii
661 3906 868 4005 postularet,
895 3908 1091 3991 adieci'has

105 4022 149 4092 ad
184 4032 217 4089 te
244 4020 380 4101 literas,
413 4006 606 4113 propterea¹
624 4006 720 4113 quod
746 4004 1029 4091 h'aec‘veneraut
1052 4022 1091 4091 in

104 4136 259 4193 mentem
295 4121 335 4187 in
371 4108 498 4189 itinere
528 4112 695 4207 cogitanti
724 4118 767 4207 de
802 4132 901 4193 motu
929 4120 1091 4207 Sucvico.

107 4222 266 4315 Quaeso,
291 4235 331 4290 ut
344 4219 533 4309 diligenter
548 4218 706 4311 explores
723 4243 768 4288 an
790 4221 836 4289 ad
856 4216 948 4291 banc
967 4224 1092 4295 lactio-

105 4349 188 4394 nem
205 4326 384 4392 latronum
399 4346 435 4389 se
450 4335 611 4390 nostrum
627 4315 869 4413 Alphabetum
893 4326 1091 4413 contulerit,

107 4451 212 4520 quem
231 4425 289 4494 alii
312 4425 382 4492 iam
403 4421 625 4513 suspicantur
647 4416 856 4509 lissminm,
882 4421 946 4496 καὶ
966 4432 1092 4500 πᾶσαν

104 4521 320 4622 Γερμανίαν
339 4528 478 4607 κυκᾶν,
503 4547 578 4591 non
593 4522 755 4616 quidem,
781 4540 820 4596 ut
836 4523 1005 4614 Pericles,
1029 4532 1090 4600 scd

106 4644 146 4701 ut
167 4628 353 4721 Spartacus
376 4626 503 4725 aliquis
528 4624 588 4715 aut
608 4622 811 4721 bargulus·¹
850 4627 1092 4721 Cupioetiam

108 4733 213 4817 scire,
239 4756 284 4800 an
305 4731 398 4798 inter
421 4714 805 4799 rusticos'sit'Ciconia
825 4720 1093 4831 νεοπροζοηνῶν

107 4834 367 4923 antesignanus.
427 4827 461 4897 ls
480 4828 667 4921 pollicetur
691 4829 759 4899 sibi
782 4833 971 4925 imperium
995 4835 1091 4907 orbis

43 5017 52 5035 ,
106 4942 298 5013 terrarum,
325 4945 359 5027 et
380 4931 499 5001 ierunt
522 4931 615 5001 intra
633 4928 906 5025 quadriennium
921 4938 1093 5023 funium,

106 5124 330 5143 μισ-ἀ

50 5180 53 5184 ’
97 5252 102 5261 ,
137 5214 170 5280 a)
187 5212 394 5282 unua-‚aaa
409 5208 553 5264 aarum
564 5229 628 5282 epp.
645 5211 678 5264 u.
695 5230 722 5333 p.
734 5212 806 5280 aas.)
819 5214 915 5268 aaran
928 5215 955 5268 a.
970 5217 1011 5270 rs.
1024 5220 1110 5288 xpe..

175 5284 194 5338 8
230 5283 329 5339 latinos
353 5319 372 5354 ,‚
456 5279 508 5333 bac
526 5277 594 5332 hoca
611 5280 681 5334 vado
707 5280 818 5335 debiam
835 5301 903 5338 cum
916 5284 1043 5357 Philippo
1064 5295 1092 5341 et

209 5350 368 5417 ‚Eislebem
386 5348 404 5404 il
418 5367 452 5403 uc
465 5344 551 5417 vocati
563 5349 597 5404 ab
612 5349 725 5403 Alberto
740 5349 846 5409 Comite
861 5373 912 5426 pm
927 5353 1090 5427 instituenda

174 5422 266 5480 tebet·
283 5417 454 5475 christiana.”

1151 1122 1263 1190 tiones
1287 1123 1398 1190 animi
1417 1123 1485 1189 mei
1506 1145 1579 1189 uno
1604 1123 1881 1202 communicare,
1910 1120 2015 1208 ¹apud
2040 1140 2128 1208 quem

1080 1226 1083 1231 '
1150 1225 1325 1313 deponere
1349 1247 1471 1291 omnes
1493 1247 1593 1292 curas
1618 1224 1725 1296 solco.
1784 1221 1874 1290 Vale
1896 1216 1961 1291 καὶ
1986 1212 2127 1309 εὐτύχει.

1150 1322 1498 1396 DataeBitterleldii.

1198 1432 1200 1437 ’
1888 1420 2088 1515 Philippus
2109 1452 2112 1457 ·

1155 1794 1221 1866 No.
1238 1796 1324 1868 552.
1447 1826 1450 1831 ·

1153 1890 1322 1920 Μ

1971 1796 2122 1893 mum.

1377 1976 1507 2078 attica.
1539 1994 1904 2106 Hummelbergio.
1978 2088 1987 2098 ,

1212 2193 1231 2255 -Ι-
1249 2190 1287 2242 Ex
1309 2189 1413 2243 Codice
1430 2188 1637 2262 hummelberg.
1650 2136 1809 2245 Monacedsi
1827 2188 1987 2264 sot.155b‚
2004 2189 2130 2263 descripta

1244 2279 1259 2310 a
1273 2259 1381 2314 Clarias.
1397 2259 1509 2327 Muffnt.

1175 2426 1431 2531 Philippus
1465 2427 1809 2509 Melanchthon
1861 2428 2104 2504 Michacli

1386 2533 1711 2630 Humelbe'rgio
1745 2558 1815 2605 suo
1848 2532 1890 2605 S.

836 2666 1062 2837 fflippm'o·
1144 2672 1321 2762 Redeunt
1337 2688 1478 2775 Uliani
1494 2685 1530 2784 ¹⁸)
1563 2687 1745 2783 Perusque
1775 2658 1916 2775 noster,
1939 2646 2131 2782 quod-lau-

1059 2868 1063 2877 ,
1145 2794 1237 2864 stum
1260 2795 1413 2887 felixque
1438 2793 1500 2877 sit,
1537 2793 1576 2861 in
1602 2793 1771 2883 patriam,
1809 2793 1981 2865 commoti
2009 2792 2130 2873 discri-

1145 2897 1241 2965 mine
1263 2920 1427 2980 suorum,
1456 2920 1537 2965 cum
1555 2892 1748 2964 Germania
1767 2895 1927 2986 undique
1943 2895 2016 2963 iam
2039 2895 2131 2969 eivifi

1146 2999 1300 3094 tumultu
1319 3012 1424 3092 atque
1446 2998 1611 3066 incendio
1633 2998 1763 3069 ardent.
1824 2992 1902 3085 Ego
1925 3010 1970 3073 te,
1984 3020 2048 3087 per
2070 2992 2130 3073 hot

1031 3174 1035 3179 ,
1144 3101 1296 3170 salutare
1313 3115 1450 3171 tantum
1465 3099 1580 3182 volui,
1602 3118 1813 3192 rogareque,
1835 3112 1892 3183 nt,
1918 3100 2016 3191 quod
2038 3100 2130 3199 lacisP

1144 3226 1268 3295 pergas
1288 3227 1353 3271 nos
1377 3215 1578 3271 constanter
1599 3224 1726 3272 amam.
1785 3196 1876 3268 Nam
1900 3222 1965 3288 ego
1989 3202 2129 3293 quiden

954 3402 958 3409 ¹
1080 3306 1083 3311 ’
1144 3319 1224 3374 tuae
1255 3304 1378 3375 virtuti
1408 3304 1645 3395 probitatique
1680 3325 1761 3370 aion.
1791 3300 1985 3390 vulgariter
2021 3304 2128 3375 saxeo

1147 3405 1258 3475 Video
1275 3407 1371 3475 enim
1388 3407 1425 3473 in
1441 3420 1537 3475 tanta
1560 3404 1728 3472 varietate
1748 3401 1961 3492 opinionum
1974 3406 2129 3487 ,dereli-

1142 3508 1247 3597 gione
1263 3523 1299 3579 te
1315 3531 1356 3576 ea
1372 3508 1489 3601 sequi,
1514 3505 1680 3598 amplecti
1696 3529 1739 3573 ac
1760 3505 1926 3593 diligere,
1950 3530 2044 3598 quae
2060 3507 2128 3597 pri-

1143 3634 1241 3678 mum
1258 3609 1449 3679 certissima
1463 3600 1563 3690 sdnt,
1582 3607 1712 3675 deinde
1724 3605 1825 3677 alunt
1840 3606 2027 3696 pietatem;
2055 3619 2128 3685 ctuu

1142 3713 1235 3780 bona
1250 3736 1330 3803 pars
1345 3711 1567 3781 literatorum
1579 3723 1641 3779 aut
1662 3721 1892 3779 contemnant
1914 3708 2129 3798 religionem·

1142 3826 1203 3883 aut
1218 3814 1339 3883 otiosis
1354 3812 1651 3904 disputationibus
1672 3811 1871 3900 profanent.
1934 3872 1938 3881 .

1241 3929 1314 4001 Nos
1345 3924 1404 4000 hic
1436 3930 1473 3998 in
1505 3948 1632 4020 magno
1659 3928 1815 4018 periculo
1842 3950 1976 4000 sumus.
2021 3926 2125 3999 ··Nan

1141 4027 1373 4102 Muncerani
1389 4024 1579 4123 σύμμαχοι
1594 4034 1664 4100 τοῦ
1675 4024 1960 4121 Kapoitoeudt'ov
1977 4030 2022 4098 in
2031 4026 2124 4101 Thn-

1140 4136 1251 4225 ringis
1267 4134 1506 4203 crudelissime
1522 4132 1747 4202 latrocinium
1771 4144 1946 4201 exercent.
1997 4127 2067 4200 Dei
2081 4147 2124 4200 ta·

1141 4239 1210 4306 lem
1229 4262 1248 4304 a
1265 4238 1369 4306 nobis
1386 4236 1532 4306 avertite
1554 4248 1698 4326 pestem.
1751 4229 1869 4324 Atque
1895 4232 1955 4299 illo
1980 4256 2021 4300 ex
2043 4232 2123 4303 8υὲ-

1141 4338 1219 4406 vico
1241 4334 1406 4409 tumultu
1417 4351 1490 4406 tam
1514 4334 1625 4406 stactus
1648 4347 1699 4404 est
1722 4333 1830 4405 letor.
1890 4331 1963 4405 Sed
1991 4332 2121 4403 oretum

1141 4436 1342 4524 Christum,
1366 4454 1407 4510 ut
1424 4453 1539 4508 servet
1555 4461 1630 4510 nos.
2093 4460 2095 4465 ·

1236 4550 1491 4658 ¹'Adolescentcs
1506 4564 1573 4661 bos
1589 4560 1656 4651 tibi
1668 4569 1898 4651 ¹commendo,
1923 4582 1965 4638 ut
1980 4567 2121 4640 auctori-

1108 4738 1111 4743 ,
1141 4688 1209 4744 tate
1225 4687 1284 4743 tua
1299 4664 1556 4764 prudentiaque
1573 4666 1713 4741 tuearis.
1753 4666 1840 4738 Vale
1855 4668 2018 4775 feliciter.
2059 4658 2120 4741 ldi-

1124 4776 1208 4846 'bus
1225 4774 1331 4845 Maiis
1347 4768 1568 4846 Mttxxv:

1230 4905 1352 4980 Saluta
1369 4928 1497 5000 quaeso
1510 4905 1599 4972 meis
1614 4904 1732 4973 verbis
1742 4900 1786 4975 D.
1795 4875 2010 4973 Mattdicm
2019 4900 2122 4979 Ulia·

1142 5035 1230 5081 num
1244 5021 1456 5101 reverenter.
1495 5004 1667 5105 Nol-eham
1684 5001 1740 5074 his
1756 5006 1896 5077 miseris
1911 5008 2123 5101 temporibm

1142 5114 1197 5185 illi
1210 5112 1299 5183 meis
1314 5111 1426 5181 literis
1442 5110 1653 5200 obstrepere.

1173 5421 1203 5491 ⁸¹)
1223 5415 1316 5475 Uliani
1333 5414 1450 5487 iratres?
