4500 5782
167 209 244 285 827

168 379 344 475 Sedquid
360 394 410 451 est
428 377 616 451 hominnm
637 382 869 473 opinionibus
891 384 930 452 in
951 384 1158 454 universum

759 205 1188 286 EPISTOLARUM
1233 207 1412 289 LlB.II.
1477 206 1607 289 1521.

1308 379 1461 452 Volebat
1480 376 1548 452 hoc
1570 380 1763 473 scripturae
1782 383 1860 454 loco
1883 408 2059 455 summam
2077 383 2210 459 Evan-

170 497 206 553 et
228 483 486 553 inconstantius
512 495 546 552 et
575 484 726 553 vanius?
785 483 904 572 Quare
929 509 1055 577 operae
1077 510 1160 578 pre-
1208 484 1290 575 gelii
1314 499 1348 555 et
1366 484 1664 575 compendiariam
1683 485 1779 554 viam
1800 481 1977 557 humanae
1997 489 2122 559 salutis
2145 489 2208 559 in·

171 584 262 653 tium
285 586 441 655 facturus
462 580 553 652 mihi
574 585 698 654 videor
725 600 758 656 et
778 611 842 677 pro
860 583 1062 656 Christiano
1081 588 1161 655 offi-

1209 588 1325 655 dicare
1346 582 1526 669 Christus,
1560 587 1702 655 volebat
1724 587 1896 678 explicare
1922 590 2013 658 illud
2040 591 2207 681 patribus

172 684 244 770 c'io,
270 686 300 754 si
315 710 357 754 ex
372 686 443 754 illis
459 687 544 776 ipsis
561 687 671 755 literis
687 712 827 756 caussae
843 713 939 758 meae
955 703 1159 777 argumenta
1208 687 1420 778 promissum
1446 701 1480 756 et
1498 682 1758 777 Prophetarum
1786 690 1938 759 oraculis
1965 692 2207 780 significatum

173 802 308 879 petam,
332 789 375 856 ad
391 810 477 879 quas
494 788 583 877 exigi
597 789 735 874 omnia,
760 814 849 881 quae
865 791 904 858 in
919 814 975 860 res
987 785 1161 859 humanas

173 888 354 972 indicunt,
389 889 531 957 divinus
555 889 699 979 spiritus
718 892 843 963 voluit.
908 891 1019 960 Porro
1043 891 1160 982 prius-

174 1014 281 1082 quam
313 991 504 1058 sententiae
531 1004 672 1059 nostrae
699 993 872 1061 rationem
898 995 1086 1061 reddemus
1107 988 1161 1083 ²⁸),

176 1086 235 1160 eo's
255 1093 446 1182 scripturae
468 1093 565 1161 locos
588 1093 857 1183 explicabimus,
883 1095 1012 1187 quibus
1040 1089 1162 1162 hircus

174 1189 279 1261 Petro
297 1194 429 1283 primas
447 1193 614 1266 vindicat.

277 1304 330 1376 Ac
352 1309 507 1398 primum
531 1308 674 1400 quidem
687 1294 827 1378 'Christi
853 1312 961 1378 verba
987 1313 1162 1401 expende-

176 1433 271 1494 mus,
305 1423 424 1499 postea
451 1409 785 1480 commentariorum
820 1413 1009 1482 sententias
1041 1437 1162 1481 excus-

176 1512 261 1582 suri.
312 1508 524 1602 Quanquam
540 1513 625 1602 quid
646 1512 771 1580 attinet
787 1512 903 1581 dicere
919 1515 962 1581 de
983 1508 1162 1582 commen-

176 1613 291 1695 tariis,
317 1613 347 1679 si
359 1613 470 1702 ipsam
485 1608 671 1701 Evangelii
687 1608 869 1681 historiam
888 1616 1005 1683 favere
1021 1630 1162 1684 senten-

76 1735 80 1739 ·
177 1714 244 1783 tiae
267 1727 407 1782 nostrae
431 1713 651 1783 constiterit?
708 1711 804 1800 Quid
835 1728 950 1783 autem
971 1717 1091 1785 minus
1112 1731 1163 1786 est

176 1816 442 1883 accommodum
479 1816 525 1882 ad
562 1816 788 1905 probandum
822 1813 919 1886 Petri
959 1819 1162 1908 primatum,

176 1940 281 2009 quarn
291 1916 339 1999 id,
356 1918 451 2008 quod
468 1928 519 1983 est
533 1917 627 2006 apud
643 1912 878 1986 Matthaeum:
902 1913 940 1986 T
941 1943 963 1984 u
978 1913 1162 2003 esPetrus,

175 2026 207 2086 et
221 2040 330 2113 super
344 2009 442 2085 hanc
453 2024 594 2111 petram
607 2011 1023 2109 aedificaboEcclesiam
1034 2044 1161 2089 meam.

176 2117 267 2189 Tam
286 2120 433 2209 licepter
449 2118 560 2202 enim,
578 2131 649 2186 tam
666 2120 773 2208 impie
790 2115 856 2189 hoc
872 2122 949 2190 loco
963 2136 1045 2191 sunt
1061 2123 1159 2191 abusi

173 2216 377 2304 Pontifices,
403 2233 444 2289 ut
457 2219 514 2288 vel
531 2214 598 2287 hoc
613 2245 724 2289 unum
741 2221 907 2310 indignos
923 2238 1046 2312 arguat
1056 2220 1162 2293 Chri-

174 2324 368 2390 stianorum
385 2318 641 2412 Episcoporum
665 2322 828 2407 nomine,
853 2348 1004 2413 quorum
1032 2326 1071 2393 iu
1087 2326 1162 2415 pri-

174 2423 243 2490 mis
268 2437 360 2506 erat,
399 2422 590 2512 scripturae
625 2446 766 2493 sensum
796 2438 830 2492 et
859 2425 990 2516 optima
1020 2427 1088 2495 fide
1128 2440 1161 2495 et

173 2523 414 2615 propriissime
445 2525 602 2595 reddere.
665 2519 714 2593 At
740 2519 778 2591 hi
808 2525 894 2618 quid
927 2540 1074 2616 egerunt
1104 2524 1160 2596 hic

174 2626 291 2709 aliud,
329 2624 401 2692 nisi
422 2637 462 2693 ut
483 2648 549 2692 nae
571 2625 801 2714 intelligendo
826 2623 918 2695 nihil
945 2628 1160 2718 intelligere·

173 2727 258 2797 tur?
308 2721 356 2795 Et
379 2738 417 2793 tu
439 2720 527 2793 mihi
547 2722 773 2794 Cardinalem
792 2726 1159 2799 Turrecrematensem

173 2829 329 2916 adlegas,
369 2821 550 2895 hominem
579 2851 660 2895 cum
690 2828 766 2917 ipso
787 2826 986 2899 Cardinalis
1015 2834 1159 2901 nomine

172 2942 390 3020 suspectum,
424 2942 500 2997 turn
524 2929 658 3017 egregie
682 2928 875 3003 indoctum.
928 2929 1026 3019 Quin
1049 2928 1161 3003 Alva-

172 3054 232 3101 ros
258 3031 363 3099 etiam
396 3043 430 3098 et
451 3026 636 3098 Caietanos
661 3031 852 3119 allegabas,
888 3033 949 3124 qui
978 3035 1064 3127 quid
1085 3061 1159 3104 non

172 3133 336 3204 tribuunt
349 3127 514 3201 Romano
530 3125 778 3200 Antichristo?
818 3128 866 3203 Et
884 3129 948 3203 hos
964 3136 1160 3206 calumnia-

172 3246 267 3302 tores
284 3233 425 3300 diviuae
442 3232 634 3323 scripturae
652 3234 766 3319 sertis,
789 3231 988 3327 Principes,
1008 3263 1160 3329 quorum

173 3333 266 3422 leges
287 3333 496 3402 calumniari
516 3333 662 3424 capitale
684 3349 753 3419 est,
779 3336 843 3404 ubi
863 3361 918 3405 res
939 3351 1078 3408 tantum
1100 3356 1160 3410 aut

174 3458 301 3525 corpus
319 3434 562 3524 periclitatur?
599 3431 668 3503 Hic
691 3450 822 3528 quanto
844 3441 1076 3509 conveniebat
1098 3466 1161 3511 vos

173 3536 328 3605 severius
343 3557 459 3621 agere,
484 3534 547 3603 ubi
564 3533 600 3602 in
617 3536 805 3603 discrimen
823 3539 959 3607 animae
977 3542 1161 3611 adducun-

173 3637 256 3707 tur?
313 3633 380 3705 Cui
412 3635 507 3702 enim
532 3659 605 3703 non
632 3636 801 3725 imposuit
828 3663 892 3729 per
918 3641 1059 3711 divinae
1081 3667 1161 3711 sen-

172 3738 303 3810 tentiae
331 3737 476 3826 impiam
506 3735 778 3826 expositionem,
818 3741 948 3808 nedum
978 3741 1161 3829 insulsam,

171 3834 312 3911 Roma?
363 3834 412 3906 At
433 3862 539 3929 quam
557 3838 706 3922 multos,
736 3863 842 3930 quam
870 3842 1159 3930 egregiosEvan-

170 3941 255 4031 getii
277 3940 373 4008 locos
397 3939 442 4007 ad
463 3939 687 4032 tyrannidem
714 3964 814 4009 suam
843 3942 919 4031 pari
948 3946 1093 4016 audacia
1125 3963 1159 4018 ct

171 4042 319 4112 strrltitia
335 4040 492 4112 detorsit.

165 4178 171 4187 ·
275 4142 344 4212 Sed
365 4142 451 4234 quid
467 4165 605 4226 moror,
631 4137 856 4213 detrahamus
878 4145 1069 4238 aliquando
1089 4144 1159 4243 τὴν

172 4239 325 4334 λεοντῆν
341 4241 503 4313 Cumano
524 4243 583 4311 isti
603 4244 720 4328 asino,
747 4245 854 4314 immo
872 4243 1037 4317 Romano
1062 4251 1157 4340 lupo,

172 4370 241 4438 qna
258 4347 381 4417 seiam
400 4368 512 4412 annos
526 4344 663 4413 circiter
677 4346 952 4436 quadringentos
969 4349 1157 4440 impuden-

172 4461 226 4516 ter
238 4446 397 4515 venditat
412 4445 491 4513 orbi
507 4458 689 4519 terrarum.
740 4441 787 4515 Et
807 4447 1012 4540 priusquam
1030 4475 1092 4541 ego
1113 4456 1157 4523 de

127 4550 131 4559 “
171 4540 228 4614 his
247 4545 440 4635 scripturae
463 4546 550 4613 locis
572 4547 758 4629 disseram,
784 4544 932 4618 exhibeo
955 4554 1055 4622 vobis
1072 4548 1157 4625 Lu-

173 4640 269 4715 lherr'
298 4646 431 4716 librum
461 4646 566 4735 plane
590 4643 832 4718 Christianum
866 4652 1033 4723 adversus
1061 4655 1158 4729 Petri

172 4748 384 4841 primatum,
407 4747 444 4814 in
459 4771 529 4838 quo
546 4748 783 4838 copiosissime
800 4753 979 4838 tractavit,
1002 4782 1091 4849 quae
1113 4762 1157 4829 de

172 4846 239 4921 hac
252 4873 371 4920 caussa
385 4848 531 4918 omnino
547 4849 617 4917 dici
633 4863 805 4940 poterant.
853 4850 964 4923 Abeo
978 4881 1158 4930 commen-

162 4952 263 5023 ·tario
288 4951 494 5044 requiretis,
515 4950 544 5019 si
564 4952 651 5043 quid
666 4952 705 5019 in
721 4947 786 5022 hac
804 4955 963 5025 oratione
979 4959 1159 5057 desidera-

173 5053 305 5126 veritis.

224 5366 269 5436 28)
286 5367 446 5436 reddemus]
465 5367 532 5421 blel.
547 5382 626 5439 oppa
649 5367 803 5423 reddamus.

1208 787 1460 878 Evangelium,
1505 788 1660 857 breviter
1697 790 1839 861 volebat
1871 816 2004 860 norum
2038 796 2206 881 condere,

1210 891 1376 979 abrogato
1402 889 1529 973 veteri,
1556 903 1814 964 testamentum.
1864 891 2045 963 Hactenus
2064 909 2206 965 morta-

1209 992 1289 1059 litas
1314 994 1427 1079 legcm
1456 991 1644 1075 didicerat,
1684 1006 1718 1061 et
1741 993 1826 1082 legis
1851 993 2019 1063 iustitiam
2053 1010 2087 1066 et
2113 996 2204 1088 legis

1210 1093 1375 1184 praemia.
1426 1089 1495 1161 Hic
1511 1088 1675 1162 Christus
1688 1089 1875 1184 Evangelii
1898 1096 2069 1166 iustitiam
2095 1112 2132 1168 et
2155 1099 2204 1167 it-

1209 1195 1279 1263 lius
1302 1194 1468 1263 comitem
1494 1194 1602 1263 vitam
1629 1210 1834 1286 perpetuam
1856 1199 2044 1270 revelabat.
2107 1197 2204 1271 Nam

1211 1320 1290 1365 cum
1305 1293 1541 1384 Evangelium
1556 1295 1599 1364 sit
1617 1296 1677 1363 illa
1694 1298 1857 1368 salutaris
1871 1300 2112 1386 denunciatio,
2130 1325 2203 1395 qua

1210 1397 1428 1486 promittitur
1446 1397 1575 1484 gratia,
1600 1398 1671 1467 vita
1699 1399 1861 1492 salusque
1888 1400 1944 1485 iis,
1974 1402 2037 1493 qui
2054 1402 2123 1470 fide
2142 1428 2204 1472 eo»

1211 1494 1356 1566 haerent
1385 1523 1466 1566 cum
1496 1493 1658 1581 Christo,
1699 1495 1912 1590 Evangelica
1944 1527 2027 1571 acero
2067 1503 2201 1573 iustitia

1210 1624 1285 1668 non
1300 1600 1415 1685 aliud,
1437 1599 1507 1667 nisi
1520 1600 1646 1668 fiducia
1664 1600 1700 1666 in
1718 1597 1911 1675 Christum.
1963 1602 2103 1689 Videte,
2121 1628 2202 1675 san-

1211 1701 1403 1770 ctissimum
1423 1701 1628 1793 mysterium
1649 1701 1756 1793 idque
1779 1703 2027 1774 absconditum
2051 1719 2106 1777 tot
2126 1729 2202 1777 sae-

1210 1803 1299 1871 culis
1323 1816 1364 1872 ut
1385 1803 1535 1894 aperiat,
1562 1817 1601 1872 ut
1620 1803 1779 1892 explicet.

1310 1965 1359 2040 Et
1380 1971 1462 2063 quia
1486 1973 1530 2040 de
1547 1972 1713 2065 mysterio
1737 1973 1942 2044 abscondito
1968 1976 2202 2068 disputamus,

1209 2072 1360 2156 adferte,
1379 2071 1579 2163 Principes,
1603 2074 1747 2163 spiritus
1764 2099 1882 2161 aures,
1908 2078 2040 2167 quibus
2054 2079 2201 2169 spiritus

1210 2173 1325 2241 divini
1354 2197 1551 2243 sermonem
1572 2175 1742 2267 audiatis.
1810 2174 1901 2245 Nam
1927 2176 2083 2269 Papistis
2113 2168 2200 2269 istis,

1208 2270 1340 2344 Christi
1364 2276 1625 2364 ignorantibus,
1657 2301 1731 2345 non
1753 2290 1836 2346 sunt
1857 2278 1927 2346 nisi
1950 2282 2069 2349 carnis
2088 2304 2201 2369 aures,

1209 2375 1270 2468 qui
1286 2377 1468 2446 audientes
1484 2378 1634 2447 audiunt
1658 2391 1691 2446 et
1707 2402 1781 2446 non
1803 2379 2027 2469 intelligunt,
2054 2396 2097 2452 ut
2110 2380 2201 2453 Pro·

1210 2472 1334 2568 phetae
1350 2480 1466 2547 verbis
1480 2493 1570 2550 utar.
1622 2476 1720 2565 Quid
1737 2480 1832 2547 enim
1847 2479 1965 2572 Papae
1979 2506 2061 2551 cum
2076 2478 2201 2554 Evan-

1208 2579 1324 2667 gelio?
1361 2577 1460 2666 Quid
1474 2578 1602 2650 Beliali
1624 2604 1706 2650 cum
1720 2577 1887 2651 Christo?
1926 2580 2027 2673 Quid
2044 2584 2200 2667 tenebris

1209 2704 1290 2748 cum
1304 2679 1408 2748 luce?

1308 2843 1356 2919 Et
1372 2849 1548 2941 principio
1566 2852 1636 2921 duo
1656 2845 1842 2921 hominum
1859 2876 1987 2942 genera
2006 2878 2083 2926 esse
2103 2856 2198 2928 indi·

1209 2964 1264 3020 cat
1276 2946 1334 3019 hic
1350 2952 1542 3042 scripturae
1557 2954 1670 3036 locus,
1694 2954 1844 3023 alterum
1861 2979 2000 3040 eorum,
2024 2958 2089 3051 qui
2104 2972 2145 3029 ut
2158 2982 2199 3029 er

1210 3076 1314 3121 carne
1328 3053 1403 3122 nati
1417 3066 1516 3138 sunt,
1543 3055 1588 3123 ita
1604 3069 1686 3123 siant
1700 3080 1798 3140 caro,
1825 3081 1978 3149 quorum
1993 3071 2028 3128 et
2045 3060 2198 3131 incertae

1208 3168 1242 3222 et
1263 3155 1380 3223 variae
1399 3168 1482 3224 sunt
1502 3157 1545 3224 de
1565 3152 1707 3227 Christo
1731 3158 1918 3247 opiniones
1939 3160 2102 3254 adeoque
2123 3186 2199 3232 car·

1207 3257 1322 3339 nales,
1362 3282 1443 3326 eum
1470 3256 1531 3324 alii
1562 3281 1643 3327 eum
1669 3252 1865 3329 Iohannem
1895 3260 2087 3349 baptistam
2117 3284 2198 3349 esse,

1210 3358 1271 3425 alii
1286 3354 1446 3443 Heliam,
1471 3359 1533 3426 alii
1549 3360 1657 3428 alium
1672 3362 1874 3452 quempiam
1889 3385 1929 3429 ex
1943 3359 2129 3453 prophetis
2141 3388 2199 3436 ae·

1209 3459 1403 3543 bitrentur,
1454 3460 1603 3529 alterum
1625 3484 1765 3546 eorum,
1800 3462 1862 3554 qui
1879 3458 2063 3533 Christum
2087 3489 2230 3556 agne,

1209 3573 1327 3643 scunt,
1353 3561 1594 3653 fatenturque,
1617 3562 1801 3631 filiumdei
1816 3563 1889 3632 vivi
1905 3586 1989 3636 esse.
2041 3563 2197 3636 Hivero

1210 3673 1292 3728 sunt
1308 3661 1392 3727 novi
1408 3662 1605 3730 testamenti
1620 3664 1787 3752 populus,
1813 3688 1832 3732 a
1853 3664 1984 3757 quibus
2002 3690 2078 3735 non
2101 3668 2197 3737 aliud

1209 3762 1422 3853 requiritur,
1447 3759 1656 3832 nisiChristi
1681 3766 1834 3852 cognitio
1857 3789 1919 3834 seu
1938 3767 2036 3839 fides.
2085 3767 2196 3839 Porro

1208 3865 1314 3931 fidem
1330 3886 1403 3931 esse
1419 3887 1591 3932 summam
1609 3864 1763 3933 iustitiae
1784 3880 1941 3951 nostrae,
1974 3867 2080 3938 liceat
2103 3870 2197 3940 enim

1209 3960 1299 4032 mihi
1320 3964 1373 4033 uti
1398 3965 1436 4031 in
1463 3989 1581 4034 caussa
1604 3961 1805 4035 Christiana
1828 3964 2042 4037 Christianis
2070 3972 2197 4057 verbis,

1198 4062 1371 4135 ¹Christus
1394 4080 1557 4151 testatur,
1580 4092 1659 4135 cum
1679 4071 1882 4159 respondet:
1909 4063 2054 4140 Beatus
2072 4093 2120 4157 es,
2136 4068 2196 4143 δι’·

1208 4190 1304 4234 naon.
1354 4165 1503 4236 Beatum
1527 4168 1622 4236 enim
1644 4170 1858 4259 pronunciat
1879 4194 1979 4253 earm,
2005 4171 2069 4264 qui
2091 4170 2196 4244 Chri-

1208 4282 1300 4338 stum
1316 4270 1483 4357 agnoscit.

1309 4436 1476 4511 Nondum
1486 4440 1632 4523 auditis,
1656 4437 1856 4532 Principes,
1880 4438 2012 4513 Beatus
2026 4467 2081 4530 es,
2103 4443 2194 4539 Papa

1206 4536 1387 4625 Romane,
1409 4556 1563 4612 vastator
1578 4542 1675 4622 orbis
1696 4556 1886 4628 terrarum;
1917 4546 1978 4614 sed
1992 4539 2140 4617 Beatus
2153 4570 2197 4634 cs,

1207 4636 1348 4714 Simon.
1382 4668 1505 4712 verum
1521 4644 1605 4713 cur?
1629 4639 1900 4735 quiaChristum
1912 4648 2087 4735 agnoscis.
2130 4648 2198 4721 Sed

1208 4744 1322 4813 solum
1337 4741 1529 4829 Simonem,
1545 4744 1694 4838 inquies,
1715 4746 1857 4816 beatum
1869 4745 2196 4836 pronunciatchri-

1208 4858 1298 4927 stus,
1324 4869 1412 4938 qnae
1430 4846 1687 4916 circumstantia
1703 4847 1819 4931 docet,
1841 4872 1922 4915 eum
1937 4850 2085 4921 caeteris
2098 4872 2196 4943 prae·

1208 4945 1319 5014 ferri?
1368 4945 1611 5040 Nequaquam.
1662 4945 1753 5016 Nam
1772 4948 1868 5041 quod
1888 4943 1987 5021 hunc
2007 4952 2194 5043 singulari-

1209 5062 1263 5117 ter
1279 5048 1421 5116 beatum
1439 5049 1667 5138 pronunciat,
1692 5074 1772 5118 cum
1793 5062 1873 5119 ante
1896 5074 2023 5123 omnes
2042 5053 2194 5127 interro·

1210 5162 1339 5237 gasset,
1365 5149 1451 5241 quid
1475 5151 1518 5219 de
1542 5174 1577 5219 se
1593 5150 1779 5235 sentirent,
1806 5145 1894 5219 mihi
1913 5152 2058 5224 videtur
2080 5180 2101 5226 a
2123 5154 2193 5225 siu·

1211 5249 1301 5339 gulis
1316 5244 1525 5320 Christianis
1541 5266 1697 5342 apertam
1715 5275 1755 5320 ac
1774 5252 1988 5343 peculiarem
2007 5256 2192 5327 confessio-

1211 5375 1293 5419 nem
1317 5351 1461 5441 exigere.
1528 5351 1613 5439 ldeo
1636 5377 1734 5438 eum,
1773 5353 1836 5447 qui
1853 5352 1931 5429 ,iam
1955 5360 2191 5453 responderat,
