4500 5782
80 196 265 322 ’Μ’

122 416 362 547 Q*

829 424 953 506 (¹¹¹eme
968 423 1052 507 Aug.
1064 423 1106 506 l)

838 517 1105 555 W

389 600 538 687 Ioocb.
566 598 824 688 Camerario.

180 797 268 873 Epist.
281 796 316 851 ad
329 736 467 851 Camerir.
486 814 514 868 p.
527 794 572 849 54.

110 950 359 1028 Ioacftimo
377 948 672 1037 camerario,
698 950 970 1052 Bambergensi
985 955 1104 1028 amico

485 1082 553 1128 suo
574 1081 735 1143 summo,

110 1190 155 1282 S.
174 1206 221 1282 D.
279 1203 389 1275 Venit
413 1200 519 1274 hodie
545 1202 636 1274 mihi
659 1206 699 1273 in
719 1219 890 1290 mentem,
932 1220 971 1276 ut
992 1208 1103 1297 signi-

110 1313 250 1382 ficarem
272 1308 339 1378 tibi
363 1310 406 1377 de
429 1302 572 1400 Nigro,
607 1308 694 1400 quid
719 1307 874 1395 egissem.
933 1305 1102 1401 Princeps

110 1406 362 1506 Dignicicnsis
386 1411 552 1481 conducit
575 1409 788 1503 professores
815 1408 1015 1495 literarum,
1042 1409 1102 1483 lu-

110 1512 343 1597 risconsultos
369 1512 473 1580 etiam
513 1526 547 1582 et
575 1511 742 1581 medicos.
817 1508 950 1601 Scripsi
983 1512 1101 1604 itaque

109 1614 327 1706 Ligniciam,
355 1625 395 1682 ut
419 1638 459 1682 eo
472 1624 700 1683 accerserent
720 1607 904 1703 Nigrum,
935 1637 998 1682 nec
1020 1616 1101 1682 vul-

110 1719 183 1808 gari
208 1715 514 1785 commendatione
532 1739 557 1784 a
575 1739 630 1783 me
646 1726 792 1782 ornatus
810 1729 874 1784 est:
891 1715 1009 1807 'idque
1024 1710 1100 1785 Ni-

64 1854 68 1860 -
106 1843 177 1910 gro
191 1816 396 1906 significavi.
440 1815 552 1908 Spero
567 1841 642 1885 rem
659 1837 895 1884 successuram
910 1840 994 1891 csse.
1035 1813 1101 1887 Est

109 1935 144 1990 et
158 1919 256 1990 aliud
272 1918 369 2010 quod
382 1919 476 1991 volo.

211 2019 341 2092 Noster
354 2012 602 2102 Pomeranus,
623 2015 691 2089 Vir
709 2018 880 2111 optimus,
903 2019 993 2089 vidit
1006 2041 1100 2087 meas

110 2122 299 2216 pugillares
319 2123 475 2206 tabulas,
503 2143 621 2191 saxeas
643 2120 740 2206 illas,
772 2144 859 2213 quas
881 2115 974 2189 mihi
994 2115 1100 2187 Stro-

108 2247 227 2317 mrrus
252 2225 426 2307 donabat,
452 2236 486 2292 et
511 2222 608 2312 cupit
631 2216 759 2291 habere
785 2221 940 2301 similes.
986 2220 1046 2290 Tu
1069 2221 1100 2289 si

28 2384 37 2393 ,
109 2328 177 2397 vit.
192 2326 288 2421 apud
320 2324 424 2394 illum
455 2349 530 2402 non
564 2324 779 2396 mediocrem
815 2324 963 2414 gratiam
996 2323 1099 2408 inire,

108 2449 238 2522 quaeso
253 2439 305 2511 te,
330 2439 371 2496 ut
392 2421 673 2517 pulcherrimum
690 2426 745 2507 illi
765 2425 968 2496 codicillum
988 2449 1099 2516 pares,

107 2530 180 2599 mei
197 2527 360 2598 similem.
409 2524 487 2616 Ego
510 2552 592 2598 vero
617 2553 691 2597 non
714 2524 805 2597 unos
826 2541 962 2597 tantum
982 2528 1099 2618 pugil-

107 2632 199 2703 lates
213 2629 308 2699 mitti
324 2623 394 2697 huc
409 2629 556 2713 vellem,
581 2630 642 2698 sed
657 2643 698 2700 ut
716 2629 907 2698 minimum
929 2630 1036 2713 duos,
1059 2641 1098 2698 ut

107 2732 304 2825 plurimum
320 2743 452 2804 ternos.
496 2729 590 2802 Nam
606 2742 659 2801 est
672 2726 761 2807 mihi
778 2730 881 2799 novis
898 2753 996 2820 opus.

208 2830 277 2904 His
305 2831 431 2902 dicbus
460 2833 530 2923 legi
554 2834 649 2924 apud
681 2831 849 2903 Senecam
876 2833 920 2900 dc
956 2825 1098 2900 rhetore

107 2935 256 3007 Albutio
282 2929 368 3004 haec
388 2936 512 3004 verba:
552 2931 730 3025 Splendor
755 2932 926 3002 orationis
945 2944 1098 3026 quantus

107 3038 226 3108 nescio
251 3061 298 3105 an
321 3034 360 3104 in
381 3036 456 3105 ullo
482 3034 552 3105 alio
580 3034 705 3120 fuerit,
741 3059 817 3105 non
842 3030 932 3115 λέξις
963 3058 1099 3124 magna,

107 3140 168 3210 sed
183 3131 330 3234 φράσις.
384 3132 436 3206 lta
450 3131 536 3206 haec
551 3151 687 3207 exstant
703 3136 741 3204 in
758 3134 948 3206 Basiliensi
969 3136 1099 3207 editio-

107 3265 170 3325 ne,
195 3264 285 3333 quae
308 3239 388 3308 ideo
411 3238 533 3329 putavi
553 3238 619 3307 tibi
643 3234 909 3329 perscribenda,
939 3251 979 3308 ut
1001 3239 1098 3327 cogi-

107 3357 198 3419 tares
215 3354 249 3409 et
272 3341 357 3434 quid
381 3341 475 3409 inter
493 3336 588 3420 λέξιν
604 3364 643 3408 ac
660 3332 801 3434 φράσιν
818 3338 975 3423 intersit,
1002 3353 1097 3409 etan

108 3444 170 3514 illo
187 3443 286 3526 loco,
309 3442 354 3510 de
377 3465 447 3533 quo
462 3464 577 3531 nuper
593 3442 866 3533 quaerebamus,
892 3440 998 3527 scribi
1016 3465 1097 3533 pos·

109 3545 155 3617 sit
182 3538 284 3623 λέξις.
348 3539 461 3610 Video
484 3541 589 3611 nobis
613 3539 768 3612 Graecos
791 3543 896 3613 etiam
920 3537 1098 3613 Rhetoras

108 3645 344 3715 consulendos
385 3665 470 3717 esse.
536 3641 604 3713 Sed
648 3665 743 3712 cesso
784 3645 927 3713 tandem
961 3645 1097 3733 nugari.

109 3746 208 3816 Vale.

852 3841 1045 3928 Φίλιππος.

383 4336 532 4468 loooh.
563 4380 822 4469 Camerario.

680 242 1126 323 EPISTOLARUM
1177 250 1288 328 LlB.
1321 250 1388 325 lll.
1441 249 1574 330 1526.

2078 257 2147 336 ⁸12

1158 422 1244 500 ituri
1266 424 1380 496 nostri
1402 425 1540 495 sodales
1562 426 1788 513 rusticatnm,
1827 430 1965 500 oblitus
1986 430 2152 501 sum.ad-.

1157 526 1241 594 dere
1257 519 1547 620 Ibrrhonianos
1569 530 1689 599 literas
1709 530 1809 604 meis.
1877 530 1993 601 Porro
2016 527 2144 622 Apolo-

1148 626 1248 715 'giam
1282 632 1327 698 ad
1355 623 1556 723 Ibrrhomr
1589 631 1704 699 eidem
1729 632 1946 701 adolescenti
1970 634 2143 719 dederam,

1158 753 1265 820 quam
1290 731 1373 822 quia
1393 755 1468 801 non
1487 754 1563 801 eras
1586 732 1830 804 intellecturus
1855 735 1933 803 sine
1951 733 2052 803 illius
2070 733 2143 805 lite-

1156 829 1225 914 ris,
1252 833 1435 923 cupiebam
1452 848 1486 905 ct
1510 829 1573 902 has
1592 834 1707 904 statim
1733 833 1799 903 tibi
1822 835 1973 916 mittere.
2026 833 2142 929 Itaque

1157 924 1264 1000 hodie
1280 934 1390 1003 incidi
1405 936 1442 1003 in
1456 937 1636 1028 quendam
1652 929 1855 1003 Sebaldum
1864 931 1902 1004 Τ
1902 933 2026 1020 ilium,
2044 959 2141 1009 suun

1156 1034 1312 1104 officium
1339 1036 1534 1106 liberaliter
1551 1031 1642 1104 mihi
1669 1037 1902 1120 deferentem,
1929 1039 1995 1130 qui
2019 1038 2064 1107 ad
2086 1058 2143 1109 vot

1138 1135 1268 1204 iturus
1285 1153 1367 1208 erat.
1412 1135 1457 1206 Ei
1480 1138 1562 1205 dedi
1581 1130 1791 1229 Pyrrhonis
1809 1139 1939 1209 literas.
1976 1137 2140 1209 ¹Arbitror

1155 1250 1272 1306 autem
1295 1253 1375 1308 ante
1405 1241 1449 1307 ad
1472 1251 1505 1307 tc
1535 1253 1761 1328 perventuras
1787 1235 1867 1322 has,
1899 1250 2026 1332 quam,
2061 1262 2141 1333 quat

1153 1339 1209 1407 illi
1233 1340 1446 1410 adolescenti
1470 1341 1552 1409 dedi
1575 1341 1725 1430 pedibus
1747 1341 1814 1410 iter
1829 1341 1986 1415 facienti.
2039 1340 2141 1432 Leges

1155 1442 1302 1511 omnino
1326 1443 1495 1532 scriptum
1518 1442 1666 1530 dignum
1682 1438 1885 1534 Pyrrhone,
1912 1438 1980 1512 hoe
2004 1455 2058 1512 est
2080 1438 2140 1512 ho-

1154 1542 1250 1611 mine
1274 1568 1348 1612 non
1371 1543 1578 1633 simpliciter
1598 1544 1743 1611 furioso.
1794 1541 1871 1632 Ego
1894 1568 2034 1613 summa
2056 1543 2142 1612 leni-

1153 1657 1222 1713 tate
1239 1644 1277 1712 in
1295 1647 1542 1736 respondendo
1559 1668 1642 1713 usus
1657 1668 1746 1717 sum.
1785 1643 1853 1713 Fac
1868 1647 2042 1715 rescribas
2058 1628 2141 1714 mihi

1153 1747 1196 1814 de
1214 1747 1398 1838 utriusque
1411 1746 1536 1828 literis,
1562 1760 1597 1815 et
1610 1746 1739 1814 nostris
1756 1758 1790 1814 et
1800 1739 2027 1838 Pyrrhonis,
2049 1771 2140 1816 acce·

1153 1849 1246 1938 peris
1267 1873 1313 1916 ne
1337 1871 1403 1918 ears.
1466 1845 1519 1916 Dc
1544 1849 1717 1919 dodrante
1750 1863 1842 1916 recte
1868 1848 1937 1916 tibi
1965 1848 2140 1937 respondi.

1153 1950 1233 2016 misi
1250 1950 1356 2018 simul
1373 1963 1407 2017 et
1420 1949 1566 2018 nomina
1582 1972 1838 2032 mensurarum,
1860 1963 2001 2037 gratum
2017 1951 2140 2041 opinor

1153 2050 1391 2132 corollarium,
1409 2051 1583 2119 adiectum
1600 2050 1784 2119 dodrantis
1799 2051 2029 2122 enarrationi.
2057 2049 2139 2118 Vale

1152 2153 1312 2226 feliciter.
1377 2149 1553 2221 Postridie
1598 2148 1728 2221 lduum
1775 2149 1939 2241 Augusti.
2022 2151 2137 2223 Saluta

1152 2277 1294 2323 amicos.

1501 2387 1506 2397 ·
1612 2349 1801 2444 Philippus
1822 2349 2093 2424 Melanchthon.

1792 2697 1877 2778 (fere
1912 2700 1967 2766 tt.
1998 2699 2101 2779 Aug.)

1754 2790 2128 2828 w

1436 2881 1589 2970 Ambr.
1615 2882 1849 2966 Mothone.

1217 3075 1301 3156 Epist.
1315 3075 1364 3130 lib.
1378 3073 1428 3157 ill.
1442 3095 1471 3147 p.
1483 3077 1544 3159 35:⁹1.
1564 3104 1600 3119 -
1635 3078 1821 3162 Apognpbon
1837 3080 1867 3132 io
1884 3077 1954 3134 Cod.
1971 3080 2054 3135 ltebd.
2065 3080 2128 3133 l'ra·

1253 3145 1306 3199 tssl.
1327 3145 1406 3199 nobis
1422 3147 1540 3200 contulit
1553 3148 1581 3204 S.
1595 3145 1630 3201 V.
1643 3146 1793 3202 Solutum.
1876 3214 1880 3219 ι

1156 2787 1329 2817 Μ

1199 3297 1254 3372 D.
1279 3296 1523 3372 Ambrosio
1545 3298 1795 3390 Maibono,
1826 3300 1938 3375 Docl.
1963 3278 2092 3405 Theoi.

1570 3402 1731 3476 Vratc'sl.
2035 3404 2040 3415 ¹
2063 3412 2067 3419 '

1148 3529 1192 3618 S.
1207 3550 1252 3628 D.
1302 3549 1394 3625 Cum
1410 3553 1602 3646 acciperem
1620 3555 1738 3624 literas
1755 3569 1856 3640 tuas,
1881 3556 1959 3629 dies
1982 3557 2055 3627 iam
2075 3557 2135 3627 oli·

1150 3668 1237 3743 quot
1251 3655 1446 3745 periculose
1464 3659 1687 3746 aegrotabam
1703 3654 1748 3751 ¹),
1774 3656 1856 3727 ideo
1868 3679 1943 3729 non
1960 3658 2063 3749 potui
2075 3657 2135 3729 tibi

1149 3767 1222 3825 tam
1235 3758 1374 3848 copiose
1389 3760 1618 3849 respondere,
1645 3782 1752 3851 quam
1767 3772 1802 3830 ct
1821 3784 1877 3827 res
1899 3760 2084 3849 poscebat,
2103 3772 2145 3833 et.

1149 3870 1186 3925 tn
1208 3861 1405 3929 verecunde
1426 3861 1611 3947 flagitaras.
1662 3858 1779 3929 llliror
1799 3861 1916 3951 spargi
1942 3862 2076 3931 famam
2095 3862 2137 3931 de

1148 3982 1227 4027 mea
1250 3961 1468 4050 profectione
1490 3963 1533 4031 ad
1555 3955 1790 4054 Lignicium,
1830 3960 1926 4053 quod
1958 3984 2025 4049 ego
2039 3982 2137 4037 mun·

1150 4084 1256 4153 quam
1272 4061 1464 4157 somniavi,
1490 4086 1604 4154 neque
1621 4089 1639 4131 a
1655 4087 1712 4130 me
1730 4062 1916 4154 quisquam
1938 4064 2137 4153 posttrlevit,

1151 4176 1191 4232 ut
1206 4184 1269 4251 ego
1290 4156 1538 4252 proficiscerer.
1590 4161 1643 4232 Ac
1666 4165 1747 4230 vide
1770 4176 1913 4233 tuorum
1929 4163 2135 4234 silesio'run

1151 4264 1397 4337 constantiam.
1457 4262 1638 4335 lusserunt
1662 4265 1814 4334 conduci
1836 4263 2086 4349 Professores,÷
2102 4265 2133 4341 it

1149 4364 1296 4435 fecimus
1310 4355 1364 4459 *):
1390 4388 1485 4435 nunc
1500 4363 1558 4435 hic
1574 4361 1735 4452 lucerent,
1760 4388 1824 4434 nec
1839 4389 1858 4433 a
1874 4367 2003 4435 vestris
2018 4389 2135 4437 accor-

1095 4522 1100 4529 .
1150 4479 1297 4549 suntur,
1340 4467 1501 4536 videlicet
1530 4467 1666 4536 utiliter
1696 4467 1873 4556 occupatis
1893 4467 2146 4558 disputationes

100 4587 104 4594 '
178 4576 263 4650 Epist.
280 4574 312 4629 ad
329 4574 468 4631 Camerar.
487 4593 516 4647 p.
530 4573 573 4628 53.

136 4727 164 4803 I
168 4712 378 4802 oachimo
397 4717 681 4806 Camerario,
708 4724 1073 4808 amicosuosummo,

110 4865 156 4957 S.
174 4880 219 4956 D.
271 4876 362 4949 Heri
381 4877 466 4946 dedi
487 4875 628 4945 cuidam
652 4876 865 4947 adolescenti
886 4873 971 4959 hinc
986 4879 1101 4948 disce-

111 4986 213 5061 denti
225 4983 345 5053 literas
364 4980 408 5049 ad
427 4991 462 5049 te
485 4978 728 5068 perferendas,
752 4977 794 5047 iu
816 4979 945 5072 quibus
965 4979 1099 5072 scripsi,

110 5115 168 5161 mc
190 5085 258 5160 tibi
280 5074 551 5183 orqircsvccxip
573 5078 755 5170 epistolam
779 5071 989 5173 Pyrrhonis
1012 5105 1099 5151 con-

112 5209 166 5265 tra
189 5211 247 5257 me
271 5184 422 5255 mittere.
471 5176 562 5251 Eam
585 5204 659 5249 non
681 5181 892 5250 incluseram
913 5183 972 5253 isti
994 5184 1099 5253 fasci-

112 5293 205 5366 culo.
255 5285 299 5356 ld
322 5307 441 5355 errore
460 5283 596 5354 accidit.
647 5278 739 5350 Nam
761 5284 847 5352 dum
868 5299 1098 5376 supputamus

112 5400 157 5466 dc
171 5391 363 5473 dodrante,
388 5399 476 5480 quot
491 5384 610 5477 digitis
629 5397 781 5473 constet,
806 5399 841 5457 et
861 5387 1019 5459 obruunt
1040 5411 1097 5471 me

1043 4616 1045 4620 ψ
1150 4569 1194 4635 dc
1209 4560 1443 4640 Eucharistia.
1495 4566 1609 4638 Sensu
1630 4570 1810 4637 communi
1834 4583 1974 4653 carent,
2000 4570 2062 4661 qui
2079 4592 2134 4636 ne·

1150 4683 1235 4756 gant
1259 4686 1454 4758 pronomen
1475 4674 1586 4739 codro
1608 4673 1651 4737 ad
1674 4694 1800 4760 panem
1825 4671 2016 4759 pertinere.
2071 4670 2140 4741 seo·

1036 4823 1044 4830 -
1150 4785 1191 4840 tu
1205 4770 1318 4841 multo
1335 4771 1463 4839 rectius
1477 4772 1619 4854 loceris,
1644 4771 1675 4837 si
1692 4786 1724 4838 et
1741 4796 1819 4839 cum
1837 4772 1880 4838 iis
1896 4770 1990 4839 nibil
2008 4772 2132 4851 risorie

1150 4884 1184 4940 et
1207 4872 1348 4962 publice
1375 4873 1553 4956 docendo,
1586 4887 1757 4965 quantum
1783 4874 1913 4963 possis,
1941 4875 2029 4941 sites
2051 4870 2133 4951 hauc

1150 4973 1444 5054 controversiam,
1470 4999 1560 5065 quac
1575 4998 1718 5065 prorsus
1733 4967 1825 5041 nihil
1840 4966 2013 5071 aedificat.
2063 4968 2132 5063 Ego

1149 5075 1220 5144 tuis
1234 5073 1370 5144 Silesiis
1384 5069 1477 5142 nihil
1498 5076 1677 5173 respondi.
1728 5075 1841 5146 Nemo
1860 5072 1960 5145 enirn
1972 5072 2133 5165 flagitavit

1200 5327 1228 5396 1)
1247 5325 1315 5384 coa
1329 5335 1523 5394 aegrotarum.
1560 5325 1719 5398 Aegrotarit
1735 5344 1827 5380 mense
1842 5329 1915 5398 Aug.
1946 5322 1951 5329 ’

1182 5404 1211 5478 *l
1229 5406 1295 5467 Vid.
1313 5429 1376 5484 epp.
1389 5427 1482 5473 meuse
1494 5409 1566 5483 Aug.
1585 5411 1709 5485 scriptae.
