4500 5782
143 209 219 294 sta
496 254 499 261 -
728 187 1586 283 Entsnonannntn1n.11.1sa1.
1712 184 1718 191 ’
2099 196 2178 269 a1a

143 380 365 480 los'ophiam,
411 371 696 443 foedissimorum
731 366 947 456 flagitiorum
978 364 1132 435 semina-
1161 362 1303 455 ιτείαν,
1330 369 1376 439 ad
1393 369 1597 439 coelestium
1617 369 1853 457 cognitionem
1871 357 2099 439 accom'moda
2120 370 2179 439 vi-

143 494 259 570 rium,
298 476 526 571 expultricem
549 471 719 539 vitiorum
748 491 942 559 nuncupas.
1008 464 1130 560 Neque
1182 473 1367 545 dabanmr.
1431 465 1545 564 Atqui
1575 471 1739 555 audistis,
1770 472 1967 562 principes,
1998 485 2178 563 quatenus

46 674 49 681 ,
144 592 246 678 enim
257 582 388 678 patiar,
416 579 454 645 in
466 570 667 648 Christiana
685 594 804 641 caussa
824 568 941 661 premi
954 592 1016 638 rue
1030 566 1132 660 Cice·
1180 565 1370 643 Lulherus
1390 575 1516 664 probet
1532 566 1820 664 philosophiam„
1852 570 1944 642 Nam
1958 596 2050 664 quae
2065 585 2179 642 natu-

142 692 241 766 runis
256 682 472 761 auctoritate,
490 700 560 767 quo
575 687 608 741 te
626 672 715 742 tueri
729 673 875 741 sortasse
891 669 1013 762 possis,
1033 671 1134 762 quud
1182 699 1239 745 ras
1260 672 1514 758 animantium,
1556 674 1777 763 plantarum,
1813 696 2033 762 gemmarum
2059 673 2178 765 expli-

144 797 221 867 eius
241 788 348 859 verba
371 776 595 850 recensueris·
645 769 693 841 Εῑ
716 773 856 842 hmanas
878 768 946 842 hoc
964 794 1129 859 genusne
1181 789 1282 860 cant,
1308 775 1352 844 iis
1377 776 1452 866 ipse
1475 776 1679 867 quoque-in
1702 776 1893 845 tractandis
1918 775 2103 865 scripturis
2127 775 2176 842 li-

43 918 49 933 ‘
143 894 297 967 scenicas
324 874 570 978 philosophiae
598 876 720 943 laudes
749 874 887 943 utinam
915 874 1129 961 ignorarent,
1180 877 1456 961 benter'utitnr;
1495 890 1632 947 tantum
1653 878 1768 959 abest,
1804 890 1845 945 ut
1871 878 2024 950 damnet.
2089 873 2175 945 Ma-

142 998 205 1093 qui
227 987 408 1062 Christum
432 981 651 1074 profitentur.
715 973 893 1045 Permittit
920 973 1029 1042 adimi
1058 974 1128 1079 sibi
1180 975 1587 1048 thematicarudimentis
1596 978 1793 1068 puerilibus
1806 977 1989 1067 permittit.
2013 975 2174 1048 Damnat

140 1085 387 1193 philosophiae
401 1083 522 1154 titulos
536 1070 745 1160 Lutherus,
769 1070 1128 1145 modoChristiantun
1180 1093 1312 1163 autem,
1339 1093 1372 1149 et
1386 1075 1591 1150 Christiano
1611 1079 1756 1171 quidem
1777 1080 1923 1169 spiritu,
1950 1073 2171 1171 metaphysi-

142 1222 215 1271 esse
238 1196 342 1263 sinas.
393 1184 506 1254 Immo
526 1205 610 1249 vcro
631 1174 855 1250 Christianus
876 1201 950 1246 non
974 1189 1040 1259 est,
1066 1176 1129 1268 qui
1180 1204 1237 1251 cas
1261 1181 1340 1249 illas
1361 1179 1615 1271 disputationes
1647 1193 1681 1248 et
1713 1174 1845 1249 ethicas
1872 1174 2172 1271 philosophorum

141 1289 347 1395 philosophi
376 1288 443 1355 sibi
471 1283 593 1354 titulos
615 1293 765 1368 arrogat.
832 1277 903 1361 Sed
937 1277 1128 1366 elegantius
1179 1304 1514 1374 paraeneses,.quae
1529 1295 1570 1352 ut
1586 1294 1743 1372 receptae
1760 1295 1843 1350 sunt
1862 1305 1883 1350 a
1903 1280 2053 1366 nostris,
2079 1302 2168 1372 quae

141 1391 413 1495 philosophatur
428 1383 558 1467 hircus,
570 1383 634 1452 ubi
650 1371 865 1449 exLuthcro
874 1379 1019 1448 arietem
1034 1379 1128 1451 facit.
1179 1408 1254 1452 non
1274 1395 1436 1474 portenta
1461 1379 1656 1470 Theolog-i,
1688 1406 1777 1474 quos
1798 1395 1943 1471 vocant,
1976 1382 2171 1452 commenti

139 1503 234 1576 Nam
247 1520 327 1567 cum
348 1491 450 1562 toties
470 1512 510 1555 ac
533 1498 605 1553 tam
625 1483 721 1551 varie
744 1481 969 1549 transformat
983 1473 1129 1548 Lome-
1178 1485 1285 1554 sunt?
1332 1482 1427 1553 Nolo
1449 1479 1509 1552 hic
1532 1484 1707 1567 cavillari,
1734 1508 1840 1576 quam
1858 1483 1986 1570 frigide
2008 1478 2170 1574 philoso-

143 1597 242 1686 rum,
266 1599 383 1689 palam
398 1615 433 1658 se
449 1580 819 1671 declaratAnaxagora
834 1582 998 1670 magistro
1014 1605 1129 1664 usum,
1178 1581 1300 1676 phiam
1314 1585 1491 1667 vindices,
1511 1580 1624 1668 hirce,
1649 1608 1732 1661 nam
1753 1579 1819 1654 hoc
1835 1609 1909 1652 uno
1929 1584 2094 1674 exemplo
2115 1606 2170 1653 sa·

143 1730 214 1800 quo
233 1697 373 1777 didicit,
398 1688 558 1782 equovis
577 1685 719 1778 quidvis
740 1685 880 1771 fingere.
931 1679 979 1750 Et
1001 1695 1041 1751 ut
1062 1682 1129 1751 do·
1178 1689 1223 1756 tis
1252 1686 1425 1769 declaras,
1464 1709 1569 1777 quam
1599 1684 1771 1754 foeliciter
1803 1685 1842 1752 in
1870 1679 2169 1776 philosophorum

139 1825 281 1884 nemus,
306 1795 553 1891 qualicumque
578 1786 697 1855 omine
721 1776 889 1853 luthero
914 1783 1032 1853 arietis
1060 1807 1128 1851 no·
1179 1783 1308 1856 scholis
1332 1800 1489 1856 versatus
1510 1787 1569 1855 sis.
1617 1781 1762 1854 Etenim
1786 1810 1867 1855 cum
1888 1787 2082 1856 dicendum
2105 1786 2169 1856 tibi

139 1930 223 1977 men
246 1899 374 1978 tribui,
397 1916 504 1985 ,quem
526 1885 666 1958 hircum
688 1886 808 1969 dabis,
839 1884 902 1976 qui
923 1878 1030 1955 huius
1054 1884 1128 1950 vim
1179 1902 1267 1957 esset
1296 1889 1340 1956 de
1368 1887 1532 1958 universa
1560 1881 1804 1979 philosophia,
1855 1901 1893 1956 tu
1916 1889 1976 1957 vix
1997 1888 2169 1980 quasdam

138 2003 300 2095 frangat?
357 1994 580 2064 Vaticinatur
618 1986 713 2055 enirn
744 1981 917 2076 propheta
951 1988 994 2055 de
1028 1980 1126 2053 hirco
1179 1990 1254 2059 eius
1268 1988 1439 2058 minutias
1457 1983 1515 2057 hic
1528 1989 1680 2076 attingis.
1718 1983 2069 2073 Mathematicorum,
2090 1989 2169 2057 ani-

140 2109 313 2203 quodam‚
348 2096 411 2191 qui
433 2095 576 2164 arietem
599 2089 748 2176 subigat.
808 2082 904 2156 Eum
927 2100 965 2157 tu
986 2080 1129 2154 hircum
1178 2090 1369 2173 mentium,
1402 2090 1604 2181 plantarum
1626 2104 1659 2158 et
1685 2112 1903 2178 gemmarum
1926 2090 2168 2179 cognitionem

138 2207 322 2282 Christum
346 2221 419 2268 esse
439 2194 517 2262 vis?
567 2189 626 2259 Sic
650 2189 766 2273 enim,
793 2187 862 2270 ais,
888 2185 975 2255 vicit
996 2181 1127 2269 hircus,
1178 2190 1408 2279 necessariam
1426 2214 1514 2273 esse,
1540 2190 1844 2282 qualibuscunque
1863 2191 2083 2280 argumentis
2102 2193 2167 2261 do-

138 2311 224 2381 vicit
235 2303 410 2378 Christus.
450 2292 603 2374 Atride,
623 2314 728 2382 quam
744 2290 937 2378 prudenter
952 2287 1127 2377 interprc·
1179 2316 1255 2376 ces,
1287 2292 1325 2360 id
1345 2294 1440 2385 quod
1466 2306 1500 2361 et
1520 2284 1688 2359 Luthero
1711 2291 1862 2364 videtur.
1920 2291 1992 2361 Sed
2013 2288 2167 2362 Ethiceu

139 2412 223 2484 teris
250 2401 476 2482 vaticinium,
518 2416 627 2486 quom
654 2415 694 2461 ex
713 2387 873 2459 Danielis
898 2364 997 2459 hirco
1020 2383 1128 2465 Chri·
1179 2395 1277 2463 illam
1302 2406 1398 2463 tuam
1424 2393 1583 2485 adeoque
1608 2387 1771 2482 ταυτηνὶ·
1784 2388 1855 2484 τὴν
1877 2384 1991 2490 λόγου
2013 2388 2164 2490 σοφίαν,

139 2529 233 2584 stum
254 2504 361 2577 iacis?
404 2499 496 2570 Nam
511 2490 603 2563 hirci
628 2491 814 2582 imperium
838 2490 933 2560 canit
954 2503 1050 2560 vates
1068 2490 1127 2558 vir
1178 2520 1247 2587 qua
1279 2495 1422 2564 tandem
1445 2494 1582 2563 ratione
1606 2494 1760 2562 adseris?
1799 2494 1897 2562 nulla
1921 2507 2027 2566 certe.
2092 2493 2165 2564 lam

139 2632 334 2710 paucorum
356 2621 533 2672 annorum
555 2596 726 2677 [uturum.
778 2588 869 2678 Quis
891 2591 987 2661 enim
1001 2591 1127 2691 nescit,
1177 2620 1260 2664 vero
1275 2595 1368 2665 belle
1383 2595 1544 2665 videmus
1560 2609 1594 2663 te
1616 2590 1881 2685 philosophari,
1906 2594 1971 2687 qui
1990 2608 2065 2664 tam
2082 2596 2166 2667 scite

139 2739 245 2811 quam
280 2703 380 2779 bravi
413 2716 568 2790 tempore
600 2718 656 2764 res
685 2690 893 2761 Macedonis
921 2687 1128 2775 Alexandri,
1178 2691 1406 2771 elenchorum
1427 2693 1736 2766 Aristotelicorum
1758 2697 1904 2765 artificio
1929 2697 2059 2784 uteris,
2084 2720 2165 2767 cum

103 2839 246 2913 =quem
260 2808 381 2880 hircus
397 2799 649 2887 illedesignat‚
674 2794 886 2863 floruerint?
935 2787 1127 2863 AlChrisli
1176 2813 1312 2891 partem
1337 2821 1478 2868 caussae
1504 2798 1551 2869 ita
1572 2799 1719 2890 probas,
1753 2811 1793 2867 ut
1815 2799 2020 2867 universam
2044 2799 2165 2868 videa·

27 2991 34 2997 ,
140 2915 331 3010 imperium
352 2918 561 3000 perpetuum
581 2914 641 2970 est.
692 2893 789 2986 Ergo
811 2894 921 2988 impia
945 2908 995 2965 est
1018 2895 1127 2964 culla—
1177 2900 1226 2969 ris
1242 2901 1403 2991 probare.
1426 2899 1565 2970 Siccine
1580 2913 1680 2990 putas
1696 2922 1773 2978 nos,
1789 2895 1896 2982 hirce,
1913 2913 2072 2990 expertes
2085 2913 2167 2971 tuae

139 3023 189 3093 tio
211 3035 289 3099 tua,
312 3004 547 3106 Sycophanta.
601 2999 676 3071 lam
699 3000 796 3092 quod
815 2994 955 3067 hircum
980 3020 1052 3066 csse
1072 2996 1126 3067 vis
1178 2996 1441 3094 philosophiae,
1486 3016 1526 3071 ut
1554 2998 1639 3070 haec
1667 3001 1813 3069 anubis
1841 2995 2061 3090 deprehendi
2092 3024 2164 3071 nou

137 3121 344 3197 Romanum
360 3108 579 3205 pontificem,
600 3116 639 3171 ut
654 3099 829 3169 adsentiar
845 3100 921 3183 tihi,
941 3097 1124 3170 Romanae
1176 3128 1278 3196 posse
1293 3103 1472 3172 confidas?
1506 3101 1646 3172 Siccine
1664 3104 1772 3170 audes
1790 3102 1888 3170 abuti
1902 3096 1958 3169 his
1975 3101 2165 3185 iudicibus,

138 3222 306 3294 libidines
336 3230 439 3306 atque
466 3204 670 3302 tyrannides
691 3203 844 3285 sarciunt,
874 3226 963 3294 quae
986 3196 1126 3270 hircum
1176 3220 1217 3276 ut
1230 3228 1359 3297 speres,
1380 3200 1446 3273 hnc
1461 3200 1586 3276 techna
1601 3203 1939 3294 sapientissimorum
1959 3203 2163 3294 principum
2195 3222 2199 3235 ·

20 3334 22 3339 '
138 3326 242 3395 illum
269 3317 349 3388 orbi
379 3308 602 3383 accommode
631 3305 843 3395 exprimunt.
909 3302 980 3373 sed
1007 3317 1041 3373 et
1066 3297 1124 3371 hic
1177 3307 1315 3377 animos
1330 3306 1407 3396 capi
1426 3306 1550 3396 posse?
1600 3302 1659 3373 An
1680 3305 1841 3393 ignoras,
1865 3305 1961 3396 quod
1982 3305 2080 3395 apud
2096 3300 2164 3373 Fa-

137 3423 368 3496 manendum
392 3414 458 3484 libi
483 3432 587 3478 ⁰¹¹¹⁸¹¹
617 3419 709 3489 θΐθῑ,
747 3429 791 3473 sse
818 3406 915 3495 quod
942 3416 1125 3473 aeternum
1176 3408 1277 3478 bium
1299 3420 1365 3491 est,
1391 3407 1537 3477 eruditis
1554 3407 1679 3474 stultos
1699 3407 1831 3489 videri,
1856 3405 1919 3497 qui
1940 3405 2058 3475 stultis
2083 3427 2164 3475 eru-

133 3525 246 3598 ·vultis
276 3516 515 3612 pontificium,
547 3532 628 3577 curn
648 3503 879 3574 Macedonico
905 3506 974 3575 villu
1005 3525 1125 3591 regno,
1176 3509 1244 3578 diti
1258 3508 1373 3576 videri
1387 3508 1535 3577 volunt?
1569 3531 1654 3577 nam
1669 3509 1714 3574 de
1738 3502 1804 3574 hoc
1827 3520 1951 3575 senatu
1971 3507 2062 3597 quid
2084 3529 2164 3575 sen-

138 3628 234 3725 quod
256 3621 372 3692 subito
395 3614 502 3685 unius
525 3607 696 3701 principis
714 3619 823 3674 aetate
846 3619 879 3674 et
895 3606 1124 3676 constitutum
1177 3610 1306 3693 aiebas,
1349 3603 1465 3692 hisce,
1509 3632 1619 3701 quom
1654 3607 1849 3697 praestigiis
1877 3607 2051 3675 orationis
2085 3620 2165 3676 tuae

138 3741 240 3802 estet
261 3721 402 3803 cecidit,
428 3732 659 3804 comparares.
710 3705 797 3776 Tibi
820 3730 902 3775 vero
927 3729 1043 3775 mores
1072 3705 1124 3777 tui
1177 3734 1256 3780 oum
1273 3710 1434 3779 clusuras
1451 3709 1565 3776 esses?
1603 3706 1702 3796 Quin
1720 3720 1757 3776 tu
1774 3707 1991 3790 memineris,
2013 3722 2049 3778 et
2070 3709 2166 3800 apud

137 3828 230 3902 hirci
256 3821 532 3897 nomensecere,
557 3811 652 3903 quod
675 3809 715 3876 in
740 3831 860 3877 caussa
881 3821 949 3892 est,
982 3830 1045 3876 cur
1066 3807 1124 3891 ita,
1176 3834 1267 3905 quos
1296 3825 1331 3880 et
1356 3811 1541 3879 adversum
1564 3832 1652 3901 quos
1674 3809 1779 3880 dicas.
1848 3806 1922 3878 Res
1945 3808 2165 3893 est-tibi,si

138 3931 280 4028 quando
299 3924 443 3994 arietem
457 3904 744 3986 esseLutherum
764 3907 919 3992 voluisti,
941 3932 1125 4000 nuncupa·
1176 3913 1306 3994 nescis,
1333 3912 1426 4000 apud
1449 3912 1628 3980 oculatum
1642 3910 1814 3988 iudicem,
1840 3933 1914 3977 non
1929 3910 2025 3999 apud
2042 3933 2166 3978 caecu-

138 4036 199 4106 ἥδ·
252 4027 335 4117 Q¹¹⁰
351 4019 659 4092 ¹¹⁰¹¹¹i¹¹es⁰f²³⁸⁵⁰
676 4010 842 4081 Vltimi&
858 4033 963 4078 0³¹⁰ss
983 4011 1123 4100 accipis,
1177 4015 1302 4084 tientes
1321 4011 1455 4096 Midas,
1480 4026 1514 4081 et
1537 4036 1617 4080 cum
1641 4011 1859 4093 adversario,
1892 4011 1953 4101 qui
1974 4034 2042 4079 nec
2065 4011 2165 4099 inga-

139 4137 199 4208 sed
217 4130 322 4203 uobis
337 4151 357 4196 a
375 4139 407 4195 te
429 4118 626 4213 periculum
646 4127 809 4196 nonest,
833 4111 961 4180 deinde
983 4125 1023 4181 ut
1042 4112 1124 4179 vin·
1176 4116 1256 4199 nio,
1281 4137 1345 4183 nec
1371 4113 1589 4205 eloquentia,
1615 4136 1680 4179 nac
1700 4112 1899 4180 eruditione
1920 4110 1987 4179 tibi
2004 4132 2165 4183 cessurus

138 4262 212 4322 cas,
260 4229 368 4302 habes
399 4210 504 4294 umeh
545 4215 719 4285 infoelicis
752 4227 786 4281 et
817 4236 893 4281 nou
935 4213 1123 4281 duraturae
1176 4218 1233 4287 sit·
1289 4210 1382 4303 Age,
1411 4208 1524 4296 hirca,
1548 4213 1678 4304 quibus
1701 4213 1931 4299 argumentis,
1954 4212 2089 4302 mribus
2108 4236 2165 4280 so.

137 4335 317 4410 victoriae.
375 4322 444 4395 hoc
465 4335 534 4404 est,
566 4331 606 4386 ut
633 4315 753 4385 vincas
773 4303 999 4399 Lotherum,
1031 4337 1125 4381 non·
1175 4312 1358 4408 phismatis
1383 4317 1485 4384 doces
1510 4309 1681 4395 Ethicen,
1715 4326 1775 4381 aut
1790 4307 2071 4404 metaphysicen,
2105 4327 2166 4385 aut

117 4434 225 4511 'dum
255 4429 457 4509 Christum,
496 4445 560 4513 pro
595 4441 666 4510 quo
696 4411 755 4485 hic
792 4415 955 4500 dimicat,
998 4413 1124 4483 vicisti.
1176 4413 1343 4509 physicen
1373 4416 1487 4496 illam,
1527 4428 1566 4484 ut
1595 4415 1640 4484 ab
1663 4410 1853 4483 Aristotele
1880 4413 2079 4503 conscripta
2105 4426 2167 4496 est,

137 4534 318 4613 Cautsarls
334 4542 468 4608 aulem,
491 4510 691 4592 stLflth’
706 4511 971 4608 Phil⁰⁸⁰l³hi²¹¹¹¹
985 4515 1124 4599 incessi,
1176 4513 1382 4605 theologicis
1405 4517 1511 4584 rebus
1534 4513 1781 4584 commodare?
1828 4511 1907 4581 *Hic
1928 4537 2013 4581 veru
2035 4513 2166 4583 suffra-

139 4660 285 4731 eamque
312 4625 504 4718 Augustini
540 4619 741 4692 testimonio
771 4618 902 4687 adseris
934 4617 1124 4709 odioseque
1176 4632 1313 4709 gatores
1335 4631 1415 4686 tuos
1438 4616 1598 4699 consule,
1631 4629 1665 4684 ct
1683 4614 1846 4706 inprimis
1868 4614 2101 4683 macilentum
2120 4615 2166 4682 il-

137 4742 250 4816 multa
264 4738 308 4806 de
320 4723 576 4801 mathematicis
597 4719 794 4812 disciplinis
816 4719 992 4809 congeris,
1024 4718 1124 4811 quasi
1176 4722 1252 4790 lum
1284 4733 1317 4788 et
1346 4719 1512 4788 claudum
1556 4716 1749 4787 Latonium
1777 4707 1833 4806 ⁴),
1890 4709 2042 4787 heroum
2078 4714 2167 4803 utri,

34 4842 41 4857 ’
138 4868 223 4916 vero
240 4861 313 4909 non
330 4832 429 4904 aliud
447 4816 692 4919 philosophiae
710 4820 960 4911 complectatur
980 4842 1125 4899 nomen,
1908 4840 1915 4859 t

26 4976 31 4982 ·
139 4945 211 5018 nisi
223 4940 320 5036 quod
336 4935 443 5022 vulgo
456 4921 667 4997 mathemata
682 4935 827 5006 vocant,
851 4934 912 4991 aut
932 4945 973 4989 er
987 4915 1126 4989 mathe-

139 5047 243 5118 maffl
259 5033 436 5113 aestimari
454 5043 526 5100 tota
540 5025 666 5118 possst’
694 5046 783 5140 qtlae
805 5036 957 5137 velimus
979 5021 1123 5140 qnidein
1209 5079 1275 5145 *ii
1290 5098 1313 5132 e.
1328 5076 1463 5130 Iacobum
1472 5075 1631 5128 Latonium.
1655 5072 1814 5128 Melanthon
1829 5073 1888 5128 lul.
1902 5072 2015 5129 lor-tame
2031 5074 2054 5130 si
2075 5076 2165 5132 uiant

140 5151 234 5220 inter
259 5144 389 5236 πρῶτα
415 5146 449 5202 et
474 5131 643 5199 elementa
670 5117 913 5216 philosophae
941 5136 1124 5206 recensuit,
1245 5148 1299 5201 ne.
1312 5146 1417 5198 laona
1438 5144 1472 5197 ae
1490 5142 1574 5196 otum
1595 5142 1749 5213 linguarum
1763 5153 1789 5196 a
1803 5141 1884 5196 stoan
1898 5093 2165 5214 reconnaissent

141 5261 318 5322 caeterum
342 5241 380 5309 in
402 5231 539 5322 fastigio
563 5229 739 5298 collocans
766 5248 806 5292 ea
834 5223 965 5292 artium
988 5245 1126 5312 genera,
1243 5209 2164 5351 gffl'ffi·yffi,³¹¹⁰gf‘ssss‘21'ss'2gpptduffiffffnffffl13’5‘2

141 5372 232 5448 quae
246 5346 290 5415 ad
304 5336 508 5411 formandos
522 5352 649 5416 mores,
664 5330 709 5400 ad
727 5325 1009 5397 constituendam
1023 5330 1125 5398 πολι·
1244 5351 1305 5407 351.
1319 5350 1380 5406 ⁵5⁵.
1394 5349 1452 5404 566.
1467 5346 1566 5402 cereo.
1617 5346 1653 5401 F.
