4500 5782
18 151 23 159 ·
108 148 206 257 1030
685 145 1118 248 ue1sronlnun
1171 171 1282 250 mo.
1312 178 1375 256 w,
1428 181 1590 301 1629..
2043 204 2140 279 ioco

107 369 174 418 nos
197 345 241 415 de
267 367 306 414 ea
330 360 370 412 re
390 333 586 432 disputare,
611 341 655 410 de
678 365 747 436 qua
764 344 809 412 ad
826 367 883 412 me
901 343 1098 436 scriptistis.
1148 346 1188 417 in
1210 341 1267 418 his
1290 365 1351 422 est.
1401 349 1451 426 Et
1475 360 1622 452 quidam
1647 365 1749 437 vultu
1775 368 1994 461 significant,
2031 400 2140 470 quan-

106 446 184 540 E'go
201 448 250 518 sic
265 445 395 516 sentio:
421 441 590 527 infirmis,
615 444 677 536 qui
700 445 862 514 nondum
880 459 963 517 sunt
978 446 1098 517 idonci
1148 462 1225 519 tum
1258 474 1324 522 nos
1350 456 1511 545 oderint,
1553 475 1588 532 et
1620 465 1706 558 quid
1740 465 2005 545 machinentur.
2073 477 2140 550 Sed

108 565 149 623 ut
167 550 348 642 patiantur
364 570 429 638 pro
443 541 660 633 Evangelio,
684 547 902 637 parcendum
917 571 1008 633 esse,
1034 570 1098 616 nec
1148 546 1312 623 Christus
1334 557 1498 649 respiciet
1518 577 1554 634 et
1574 564 1725 637 salvabit
1745 570 1918 663 populum
1941 600 2140 670 pauperem,

109 653 286 742 cogendos
308 672 401 732 esse,
422 660 463 718 ut
485 659 635 740 utraque
656 647 771 738 specie
794 661 952 722 utantur.
1006 646 1097 717 Nam
1147 649 1258 722 Plane
1273 657 1368 726 enim
1391 681 1513 733 sumus
1536 666 1575 734 in
1597 661 1663 737 hac
1684 671 1793 758 urbe,
1822 668 2060 772 καθάρματα
2083 676 2141 752 καὶ

108 753 293 848 aliquoties
310 749 454 834 accidit,
478 761 519 817 ut
535 747 596 840 qui
612 761 712 816 erant
728 747 801 833 usi,
828 763 945 839 postea
962 750 1097 840 captia
1148 749 1399 850 περιψήματαζ
1468 763 1544 835 Scis
1565 769 1676 838 multa
1698 795 1756 840 me
1781 773 1927 849 solitum
1952 779 1993 847 in
2018 783 2142 851 nostri,

109 857 181 926 suis
208 851 473 942 magistratibus
504 863 648 940 propter
675 850 917 920 infirmitatem
951 851 1099 942 professi
1149 856 1365 945 desiderare,
1389 863 1449 931 sed
1467 859 1629 939 hocloco
1648 880 1722 941 non
1742 874 1777 942 id
1802 876 1939 965 agitur,
1963 894 2006 950 ut
2028 898 2140 953 nostra

108 970 211 1041 erint,
232 980 268 1024 se
287 975 461 1046 peccasse,
487 965 521 1020 et
540 951 753 1036 iuraverint,
779 975 815 1020 se
836 951 1001 1043 deinceps
1024 976 1099 1022 non
1148 957 1234 1026 vitia
1255 962 1495 1051 corrigantur,
1528 969 1624 1039 illud
1648 974 1781 1061 agitur,
1813 990 1855 1048 ut
1881 981 2019 1071 optima
2043 1006 2138 1054 cansa

108 1084 181 1156 esse
205 1080 331 1128 usuros
354 1068 504 1146 utraque
526 1051 650 1143 specie.
712 1047 767 1121 Ex
789 1048 855 1122 hac
879 1049 1098 1144 blasphemia
1149 1059 1381 1148 opprimatur.
1443 1065 1570 1154 Quod,
1596 1083 1637 1142 u't
1661 1097 1782 1166 spero,
1807 1075 2017 1170 prohibebit
2041 1081 2141 1155 Chri-

108 1161 312 1231 inciderunt
338 1156 376 1225 in
400 1169 589 1224 extremam
618 1153 907 1245 desperationem.
977 1153 1098 1248 ltaque
1149 1172 1240 1244 stus,
1272 1186 1311 1232 ac
1334 1165 1521 1259 dissipabit
1545 1174 1691 1242 consilia
1717 1179 1892 1267 gentium,
1935 1208 2028 1277 quae
2051 1187 2139 1257 belh.

109 1285 312 1359 quanquam
332 1269 466 1327 rectum
483 1256 546 1341 sit,
571 1255 625 1325 uti
650 1266 800 1350 utraque
822 1255 953 1346 specie,
978 1270 1098 1326 tamen
1148 1261 1285 1337 volunt.
1337 1260 1476 1339 Amabo
1498 1283 1551 1356 te,
1576 1274 1690 1346 scribe
1709 1273 1800 1348 mihi
1814 1262 1884 1372 ¹per
1909 1287 2062 1356 nuncios
2085 1285 2153 1357 uri

108 1388 228 1436 nseum
247 1376 298 1430 est
313 1358 519 1441 consilium,
544 1371 584 1427 ut
599 1357 756 1427 toleretis
772 1357 856 1426 istos
876 1372 1010 1427 vestros
1031 1354 1100 1427 ho*
1147 1358 1204 1435 bis
1226 1379 1378 1452 vestrae,
1421 1371 1485 1464 qui
1507 1396 1603 1445 nunc
1629 1378 1788 1471 quotidie
1810 1381 1915 1453 istinc
1940 1387 2139 1463 mittuntur,

107 1469 222 1536 mines
243 1464 405 1533 nondum
430 1470 578 1529 utentes.
628 1456 934 1529 Dissimulandum
956 1474 1007 1532 est
1029 1455 1096 1530 hoc
1148 1460 1261 1534 Arne
1290 1486 1484 1560 exspectato
1513 1475 1667 1547 vicissim
1697 1480 1857 1552 omnium
1888 1510 2010 1559 „emm
2036 1485 2137 1560 hugus

108 1581 306 1664 peccatum,
331 1586 377 1630 ne
392 1562 478 1655 quid
494 1559 628 1630 accidat
641 1559 814 1645 deterius,
839 1559 928 1630 sicut
946 1575 980 1632 et
997 1559 1098 1652 Apo-
1148 1580 1343 1637 conventus
1377 1565 1561 1644 historiam
1584 1578 1652 1648 lide
1676 1583 1810 1672 optima
1835 1587 2016 1678 scriptam.
2077 1591 2139 1662 sa.

109 1669 192 1742 stoli
208 1667 451 1738 toleraverunt
459 1661 608 1733 ludaeos
622 1660 759 1747 fideles,
785 1661 847 1755 qui
863 1684 927 1752 per
942 1686 1097 1732 errorem
1147 1667 1221 1736 luta
1245 1669 1332 1738 meis
1357 1676 1475 1744 verbis
1496 1702 1643 1748 uxorem
1664 1695 1781 1764 tuam,
1802 1681 2030 1776 Eobanum,
2055 1687 2138 1759 Mi-

108 1789 143 1843 et
164 1783 346 1863 peccatum
367 1765 557 1835 utebantur
578 1764 765 1853 legalibus,
796 1778 829 1834 et
851 1765 1024 1854 urgebant
1045 1765 1098 1833 le-
1148 1791 1247 1855 com,
1272 1766 1541 1872 Hieronymum
1563 1794 1597 1851 et
1615 1776 1870 1880 Spenglerum.
1923 1789 1980 1861 De
2002 1807 2062 1864 tua
2083 1788 2138 1862 hi·

108 1897 196 1963 gem.
253 1865 332 1938 Hoc
353 1867 511 1959 exemplo
535 1858 627 1934 mibi
651 1864 818 1934 videntur
835 1865 923 1934 satis
947 1888 983 1937 sc
1004 1865 1096 1936 tueri
1146 1871 1255 1940 storia
1272 1872 1369 1945 aliasi
1421 1877 1520 1953 Vale.
1571 1878 1626 1952 Ex
1643 1883 1759 1977 Spica.

106 1997 209 2069 posse
222 1985 377 2064 pastores
390 1969 444 2041 tui
460 1967 610 2051 similes,
636 1966 666 2035 si
681 1980 797 2037 tamen
812 1965 897 2036 talia
911 1967 1070 2043 doceant.
1894 1988 2091 2078 ,fimum

209 2068 257 2144 Et
273 2086 312 2142 ut
324 2062 474 2140 maxime
491 2066 562 2139 sint
576 2068 671 2138 inter
683 2089 746 2137 vos
762 2067 898 2161 alioqui
911 2068 1095 2154 firmiores,
1288 2078 1291 2085 '
1470 2168 1473 2173 ἱ
1554 2168 1558 2177 Ι
1747 2078 1751 2085 “

107 2195 226 2249 tamen
245 2189 280 2246 ct
302 2172 373 2243 illis
392 2171 559 2255 consulo,
598 2192 643 2238 ne
667 2170 753 2263 qnid
776 2169 827 2239 ibi
849 2169 979 2241 faciant
999 2171 1095 2256 novi,
1148 2174 2134 2220 ·““·“““’··“·······“··-·-----·-

107 2305 153 2357 ne
169 2275 363 2348 imbecilles
379 2274 572 2344 incitentur
588 2274 632 2341 ad
649 2263 868 2364 exemplum,
892 2272 956 2364 qui
975 2286 1095 2343 tamen
1157 2323 1213 2394 No
1240 2320 1329 2399 59⁰·

106 2395 225 2476 postea
235 2381 278 2450 ad
287 2401 425 2448 crucem
436 2375 617 2445 ferendam
634 2395 708 2441 non
722 2374 793 2443 sint
801 2371 938 2460 idonei.
962 2369 1096 2444 Omni·
1150 2376 1322 2449 „Lm

108 2509 155 2554 no
187 2504 309 2553 cavere
333 2478 438 2550 debet
461 2501 539 2546 meo
565 2475 698 2546 iudicio
728 2476 845 2546 b'onus
868 2490 1008 2565 pastor,
1047 2498 1095 2545 ne
1458 2511 1570 2598 frid
1609 2519 1808 2629 Myfflnw

108 2585 195 2681 qnid
211 2583 371 2674 imponat
386 2579 504 2648 oneris
519 2576 686 2660 infirmis,
710 2577 807 2671 quod
830 2592 950 2667 postea
970 2577 1094 2670 despe-
1570 2578 1582 2601 ⁰
1781 2595 1784 2601 ·
1805 2584 1820 2609 ⁴

107 2686 283 2758 rationem
301 2682 490 2752 allaturum
513 2679 686 2749 videatur.
746 2677 868 2747 Valete
886 2678 1037 2751 feliciter
1060 2691 1097 2748 et
1213 2698 1291 2757 Edita
1308 2692 1483 2777 asnegmta'
1499 2726 1542 2780 ep.
1556 2709 1600 2765 ⁵8.
1672 2781 1674 2785 Ι

108 2785 301 2859 rescribite.
356 2781 424 2852 Die
441 2779 615 2851 Mercurii
639 2793 716 2872 post
733 2777 975 2851 Reminiseere
998 2805 1093 2851 anno
1491 2792 1495 2799 '

109 2886 247 2960 domini
268 2882 375 2958 1529,
1349 2857 1404 2931 D.
1427 2857 1677 2940 Friderico
1703 2870 1877 2972 Mycon
1888 2877 1935 2949 1⁰0
2009 2936 2021 2943 ,

1145 2986 1189 3080 S.
1215 3009 1261 3086 D.
1312 3010 1419 3103 Quod
1433 3015 1589 3090 faustum
1605 3022 1759 3118 fel'uque
1783 3029 1847 3114 sit,
1872 3030 2020 3123 Spiram
2042 3038 2134 3107 veni-

672 3192 675 3199 ,
1146 3136 1225 3185 miss
1246 3113 1362 3206 pridie
1379 3113 1587 3193 Dominicae
1611 3120 1733 3221 ludica
1749 3120 1800 3225 ¹⁵).
1850 3128 2026 3227 Princeps
2047 3163 2131 3231 qiu»-

107 3202 172 3314 .No
200 3238 286 3313 589.
928 3247 983 3314 15,
997 3243 1088 3308 Μυῒ,
1146 3213 1233 3284 tidie
1249 3217 1293 3285 de
1310 3215 1354 3284 iis
1371 3217 1496 3305 rebus,
1520 3246 1673 3314 quarum
1692 3253 1795 3300 causa
1812 3232 1950 3305 indicta
1974 3234 2056 3309 sunt
2069 3236 2133 3309 Co-

117 3297 277 3370 ,ζη
917 3332 1089 3362 »ων
1146 3316 1267 3402 mitia,
1288 3316 1496 3403 deliberant.
1538 3320 1719 3420 Frequens
1735 3347 1934 3405 conventus
1952 3349 2016 3411 est.
2064 3338 2132 3409 Ini-

382 3415 531 3499 10a0h‚
565 3412 822 3504 camerario,
959 3469 964 3478 .
1147 3418 1197 3489 tio
1222 3419 1429 3521 mandatum
1450 3418 1608 3495 Caesaris
1630 3429 1760 3501 lectum
1789 3447 1860 3520 est,
1894 3461 1969 3528 quo
1990 3441 2131 3531 abroga-

1148 3533 1225 3591 tum
1247 3533 1299 3590 est
1322 3523 1501 3594 decretum
1525 3549 1567 3596 su
1592 3529 1716 3599 erioris
1732 3550 1951 3619 conventus,
1976 3541 2130 3634 quispi-

179 3613 262 3684 Epist.
278 3608 463 3664 2‘102111‘12‘·
481 3624 506 3677 P·
522 3606 578 3659 119.
1132 3644 1205 3701 ,rae
1226 3621 1295 3691 fuit
1309 3613 1389 3716 ”),
1413 3622 1452 3693 in
1474 3650 1544 3719 quo
1567 3552 1654 3699 iiaec
1671 3647 1783 3721 erant,
1796 3637 1924 3707 verba:
1957 3653 2000 3730 ut
2019 3643 2130 3715 liceret

1148 3721 1259 3793 cuivis
1281 3722 1435 3816 principi
1465 3727 1646 3818 religionis
1675 3736 1814 3824 negotia
1837 3736 1886 3807 ita
1910 3742 2128 3827 constituere,

1147 3837 1189 3894 ut
1209 3837 1324 3916 speret
1344 3849 1445 3917 posse
1469 3831 1624 3900 excusari
1644 3830 1720 3905 Deo
1742 3849 1776 3906 et
1791 3834 1948 3915 Caesari.
2000 3841 2078 3914 Scis
2097 3845 2127 3914 id

1146 3921 1336 4019 Decretum
1361 3920 1534 4023 hacteuus
1551 3945 1721 4030 ¹tanquam
1743 3938 1877 4008 vallum
1899 3943 2000 4032 pacis
2019 3945 2127 4036 publi·

109 4014 154 4105 S.
175 4032 219 4103 D.
271 4016 443 4097 Venimus
459 4027 600 4119 Spiram
616 4030 731 4121 pridie
745 4031 809 4123 τῆς
828 4036 1005 4125 κυριακῆς
1023 4031 1095 4130 πρὸ
1147 4049 1206 4095 cae
1226 4022 1344 4099 fuisse.
1395 4024 1500 4100 Nunc
1527 4032 1558 4099 si
1585 4036 1719 4106 aboleri
1743 4035 1926 4130 patientur
1943 4039 2126 4138 Principes

109 4140 187 4208 τῶν
201 4131 325 4226 βαΐων
341 4126 380 4219 ¹).
431 4127 569 4214 Hodie,
592 4131 737 4222 qnifuit
757 4134 998 4223 postridianus
1020 4139 1096 4207 dies
1146 4148 1273 4216 magno
1294 4127 1426 4198 erimus
1449 4130 1487 4200 in
1509 4132 1676 4223 periculo.
1706 4136 1799 4210 ⁴Res
1821 4142 1942 4232 agitur
1962 4169 2041 4214 non
2062 4148 2125 4216 sine

109 4240 267 4308 eiusdem
288 4231 514 4313 Dominicae‚
542 4232 696 4321 exposita
715 4247 797 4302 sunt
815 4231 974 4304 Caesaris
992 4261 1095 4308 man.
1145 4249 1273 4317 magna
1289 4230 1513 4302 contentione
1529 4234 1567 4302 in
1587 4237 1748 4310 concilio.
1800 4239 1925 4329 Quare
1947 4258 1984 4315 te
2007 4243 2124 4317 adhor-

110 4344 210 4422 data,
242 4325 342 4407 πάνυ
365 4325 522 4428 φοβερά.
586 4330 775 4403 Decretum
802 4330 978 4427 Spirensis
1008 4362 1094 4410 con.
1139 4340 1212 4415 ¹tor,
1227 4323 1458 4402 utChristum
1474 4359 1562 4421 ores,
1589 4349 1628 4406 ut
1642 4362 1707 4407 nos
1723 4342 1885 4432 respiciat
1901 4368 1943 4414 ac
1958 4349 2123 4419 defendat.

108 4456 253 4519 mnus,
287 4437 349 4529 quq
374 4447 453 4502 ,me
477 4433 663 4503 biennium
685 4435 772 4518 fuit,
802 4437 1010 4528 abrogatum
1032 4458 1093 4516 esp,
1143 4424 1254 4499 Plane
1268 4430 1390 4501 snmu's
1409 4429 1467 4503 hic
1483 4436 1657 4527 despectio
1675 4442 1853 4532 superbis,
1879 4458 1917 4514 et
1940 4447 2060 4519 irrisio
2080 4451 2123 4519 lo

108 4534 238 4614 πολλαὶ
260 4533 324 4609 καὶ
344 4527 500 4633 μεγάλαι
522 4529 648 4628 ζημίαι
673 4536 937 4610 constituuntur
956 4541 995 4610 in
1023 4567 1092 4630 00³,
1144 4531 1334 4621 cupletum.
1385 4532 1501 4603 'liram
1518 4539 1738 4628 provinciam
1754 4543 1833 4612 vide
1848 4558 1889 4614 ut
1905 4547 2125 4620 fideliterad·

108 4645 267 4740 quinon
292 4640 533 4728 obtemperem
554 4638 793 4709 „ovogdictffi
841 4637 985 4714 caetera
1009 4660 1092 4716 sunt
1143 4632 1331 4707 ministres.
1364 4631 1454 4705 Ruit
1470 4637 1566 4705 enirn
1582 4639 1957 4721 doctrinaChristiana
1974 4652 2123 4727 subinde,

107 4740 190 4838 napi
204 4736 366 4834 πολέμου
379 4742 588 4839 τουρκςνοῦ.
640 4737 759 4808 Habes
774 4764 947 4812 summam
957 4768 1091 4833 corum,

108 4872 197 4943 qnae
223 4839 337 4915 adhue
366 4850 457 4930 gesta
485 4852 584 4926 sunt,
622 4840 725 4911 facile
753 4843 947 4934 intelligere
979 4861 1090 4939 potes,
1175 4918 1208 4988 q)
1226 4920 1483 4977 t.e.d.18·Mart·
1501 4951 1536 4964 -
1571 4924 1716 4980 uictoriam
1735 4927 1815 4983 hm
1828 4945 1988 4992 mmm
2000 4939 2124 5013 spinas

105 4963 239 5045 (imm
276 4946 315 5013 in
348 4941 504 5061 peficulq
541 4966 736 5069 ver⁸f¹ffur2
802 4942 994 5068 Nqnquam
1022 4950 1091 5023 fuit
1229 4990 1385 5045 rolixiorern
1398 4989 1478 5046 babes
1493 4990 1620 5056 inlibpo:
1639 4995 1667 5053 Β
1726 5001 1731 5010 ’
1761 5003 2069 5075 ,nummum
2080 5015 2123 5067 g,

105 5064 202 5120 tanta
222 5048 422 5140 frequentia
437 5042 521 5113 nlhs
542 5059 693 5116 cometus
715 5070 932 5143 αρχιερρων,
958 5065 1089 5144 quanta
1209 5007 1361 5197 iiiiii&
1382 5014 2125 5215 ,⁹3⁰3,{3.,31²l,¹¹f,3„{l{„li¹’2‘i¹“¹3.„{⁸,“⁶,li‘3ss,2

106 5235 332 5257 ----
415 5197 419 5202 ’
1213 5196 1289 5250 1830.
1307 5197 1332 5250 8.
1366 5196 1488 5263 (Adiectr
1504 5209 1592 5252 scente
1613 5201 1705 5256 istolse
1719 5214 1746 5257 et
1758 5204 1859 5276 scripta
1871 5208 1989 5279 publiea
2007 5234 2037 5271 es
2053 5218 2121 5271 tabo·

1209 5265 1257 5318 lar.
1271 5263 1347 5340 urbis
1361 5267 1534 5336 Argentoret.
1557 5266 1580 5321 C
1609 5267 1658 5323 Vll
1671 5275 1763 5342 pagg.)

38 5368 40 5373 ·
159 5343 262 5414 ute.
279 5343 305 5396 d.
323 5341 366 5398 1⁸.
381 5339 484 5395 Marti·
863 5312 866 5317 ’
976 5368 1017 5426 q
1175 5350 1222 5419 et)
1242 5349 1603 5407 incercesnaises.

1978 2359 2035 2421 19.
2051 2352 2138 2419 um.

1961 2441 2130 2473 M

110 3780 138 3853 I
143 3770 355 3849 anthimo
388 3765 674 3858 Camerario,
716 3774 834 3845 amico
860 3800 1003 3851 sommo
1029 3794 1112 3853 suo·

476 3871 726 3968 Norihcrgoe,
