4500 5782
89 216 175 311 aaa
671 206 1110 295 uetsronnnun
1160 208 1267 329 mo.
1305 208 1371 287 ιιι
1425 210 1559 285 1524.
1746 259 1750 267 .
2054 215 2129 290 eoo
2193 138 2201 157 ’

93 411 235 477 surum.
285 384 461 459 Nousum
476 383 733 457 iudex'alienae
749 382 1001 470 conscientiae,
1024 406 1090 453 nec
1140 381 1194 452 dit
1209 406 1321 478 aquae
1332 382 1496 476 pluviae,
1528 408 1665 479 semper
1679 399 1797 457 tamen
1817 388 1865 457 ad
1887 387 2049 460 nativum
2072 412 2129 461 aa·

96 490 270 565 murinus
290 489 427 561 alienae
450 487 546 563 fidei.
594 484 698 561 Certe
719 486 885 579 optabam
907 499 1011 559 tuum
1032 485 1091 555 in·
1140 509 1263 577 parem
1290 486 1399 572 redit;
1441 499 1481 556 ut
1502 512 1548 556 ne
1570 488 1685 557 dicam
1706 488 1850 560 interim
1869 512 2129 585 nonnunquam

97 592 265 687 genium,
302 605 345 663 ut
371 605 423 663 est
447 604 574 663 natum
593 589 699 662 bonis
723 588 854 675 literis,
893 590 941 660 ita
964 589 1090 659 iisdem
1142 588 1296 657 remedia
1318 588 1404 679 ipsis
1432 589 1568 673 morbis
1593 613 1666 660 csse
1698 592 1883 662 atrociora.
1941 592 2040 683 Quid
2061 589 2129 665 hoc
2226 628 2229 633 ·

98 708 272 791 perpetuo
291 694 400 765 luisse
420 693 587 767 dicatum.
636 690 719 763 Non
741 692 937 763 defuissent
959 706 1092 763 actores
1144 689 1289 759 dissidio
1312 690 1558 783 pestilentius?
1615 690 1713 780 Quot
1728 678 1827 762 'locis
1856 718 1964 787 quarn
1995 707 2130 765 atroces

98 797 393 889 numagoediae,
422 818 517 890 quae,
527 818 598 889 quo
622 817 743 877 casura
766 793 811 865 sit
833 793 1009 865 incertum
1031 805 1092 863 est
1143 791 1317 863 tumultus
1333 792 1443 862 exorti
1460 794 1570 863 suut?
1602 807 1636 864 et
1653 808 1889 885 exspectamus
1904 790 1961 865 his
1979 798 2130 867 atrocio-

93 896 228 985 Ahsit,
258 912 302 969 ut
312 894 546 988 Evangelicae
563 896 744 967 doctrinae
759 920 1001 981 succenseam,
1032 896 1093 965 sed
1144 917 1209 962 res.
1271 886 1447 964 Autenti
1474 896 1615 967 videtur
1643 890 1772 965 habere
1801 898 1972 989 templum
2000 899 2131 992 absque

96 993 486 1073 indoctrinaLutheri
497 997 610 1069 multa
625 1023 681 1068 me
695 996 898 1069 offendunt:
932 998 1022 1068 illud
1036 996 1093 1067 in·
1145 994 1378 1089 imaginibus,
1403 1011 1464 1066 erut
1478 998 1613 1091 aliquid
1629 997 1830 1069 immutasse
1846 1000 1890 1068 de
1905 1000 2032 1089 ritibus
2047 1003 2133 1070 mis-

100 1101 230 1196 primis
250 1102 348 1197 quod
367 1100 538 1197 quicquid
562 1100 714 1193 suscepit
730 1100 1012 1186 defendendum,
1042 1099 1094 1170 ibi
1145 1098 1226 1166 sae?
1285 1095 1360 1166 lam
1384 1113 1424 1169 ut
1451 1100 1643 1191 largiamur
1674 1124 1747 1169 esse
1774 1093 1873 1187 ver‘a,
1913 1127 2003 1196 quae
2032 1104 2134 1173 docet

101 1204 288 1297 impendio
303 1196 494 1279 vehemens
509 1215 580 1286 est,
613 1226 855 1299 necunquam
879 1202 962 1273 iacit
978 1203 1095 1286 finem,
1145 1192 1354 1281 Lethaeus,
1387 1215 1427 1272 ut
1442 1216 1524 1272 sunt
1545 1202 1676 1297 ubique
1699 1202 1784 1272 mali
1806 1204 1984 1295 plurimi,
2005 1204 2134 1297 quibus

101 1302 220 1379 donec
229 1306 431 1401 perferatur
443 1304 490 1375 ad
510 1299 741 1398 hyperbolen.
792 1300 903 1391 Eam,
932 1304 1096 1374 admoui·
1147 1303 1190 1371 ad
1215 1326 1320 1371 omne
1347 1302 1483 1372 facinus
1512 1299 1603 1373 nihil
1626 1306 1722 1373 deest
1741 1317 1879 1397 praeter
1903 1306 2134 1385 occasionem,

101 1410 286 1495 msadeo,
317 1432 393 1478 non
409 1406 565 1497 mitigat,
598 1406 775 1477 utomnia
793 1408 915 1477 reddat
935 1401 1096 1501 ὑπερβο-
1147 1405 1233 1498 quid
1248 1404 1411 1474 inutilius
1425 1408 1467 1474 ad
1484 1401 1710 1476 christianam
1726 1407 1902 1499 pietatem,
1928 1431 2034 1500 quam
2048 1402 2135 1477 haee

101 1502 294 1607 ὴκώιερα.
344 1508 437 1581 Nam
461 1508 699 1599 arrogantiam
720 1509 877 1579 fortassis
895 1508 1023 1601 aliquis
1039 1510 1097 1577 in·
1148 1506 1270 1575 audire
1295 1507 1421 1596 vulgus
1445 1508 1647 1593 indoctum,
1686 1503 1772 1578 baec
1796 1508 1963 1579 instillari
1991 1510 2136 1579 auribus

102 1612 359 1705 terpretabitur
396 1612 512 1681 bonae
553 1610 786 1681 conscientiae
826 1611 1013 1696 fiduciam,
1063 1625 1097 1679 et
1148 1609 1421 1695 adolescentum,
1446 1609 1652 1679 Pontificem
1669 1634 1740 1679 esse
1756 1605 2027 1696 Antichristum,
2046 1607 2138 1703 Epi-

101 1713 378 1787 amarulentiam
393 1712 523 1783 nostris
537 1712 671 1782 meritis
688 1712 896 1803 imputabit:
930 1736 970 1781 ac
991 1712 1097 1805 plane
1148 1732 1272 1801 scopos
1304 1723 1339 1780 et
1364 1714 1560 1782 sacerdotes
1587 1736 1660 1782 esse
1688 1712 1822 1796 larvas,
1868 1713 2138 1787 constitutiones

102 1840 150 1887 ne
167 1816 287 1887 dicam
303 1816 404 1901 dolo,
432 1815 482 1884 sic
502 1814 663 1907 undique
683 1814 842 1907 corrupti
862 1838 978 1886 mores
992 1809 1099 1884 Chri·
1149 1807 1337 1882 hominum
1351 1836 1423 1882 csse
1438 1810 1645 1898 haereticas,
1671 1815 1926 1884 consessionem
1942 1838 2015 1884 esse
2030 1814 2138 1907 pesti·
2160 1804 2163 1809 ’

102 1919 304 1993 Quorum
319 1917 527 2006 flagitabant
542 1916 715 1986 immitem
735 1917 892 2011 aliquem
914 1917 1099 2006 castigato·
1149 1915 1280 2001 seram,
1311 1938 1436 2005 opera,
1467 1917 1614 2001 merita,
1644 1930 1790 1987 conatus
1807 1940 1880 1985 esse
1896 1938 1999 1987 voces
2013 1911 2139 1987 haere·

103 2046 194 2095 rem.
246 2016 296 2091 At
313 2041 376 2109 ego
393 2018 590 2093 libertatem
606 2017 656 2087 ita
670 2018 845 2088 malebam
860 2032 1099 2110 temperatam,
1150 2017 1255 2101 ticas,
1288 2017 1428 2087 nullum
1444 2042 1517 2087 esse
1533 2020 1687 2088 liberum
1703 2019 1908 2104 arbitrium,
1941 2020 2000 2088 sed
2019 2018 2139 2088 omnia

104 2128 147 2197 ut
160 2120 351 2192 Pontifices
368 2121 472 2190 etiam
489 2146 529 2191 ac
544 2115 755 2191 monarchas
771 2121 815 2191 ad
838 2116 946 2193 huius
965 2120 1100 2212 negotii
1151 2119 1352 2189 necessitate
1366 2120 1457 2208 geri,
1487 2116 1579 2189 nihil
1602 2122 1732 2190 referre
1755 2120 1872 2216 qualia
1893 2120 1966 2192 sint
1980 2115 2141 2191 hominis
2222 2150 2227 2157 ·

105 2222 328 2297 consortium
342 2223 597 2313 pelliceremus.
650 2219 719 2291 llic
740 2246 878 2315 semper
890 2224 959 2294 fuit
974 2245 1100 2316 scopus
1151 2221 1283 2312 opera?
1339 2218 1435 2291 llaec
1459 2247 1479 2290 a
1501 2222 1686 2292 nonnullis
1711 2225 1809 2294 nuda
1835 2223 2140 2307 circumferuntur,
2215 2294 2219 2301 ,

104 2349 228 2412 meus,
267 2342 343 2395 nee·
357 2324 428 2394 alio
452 2337 570 2417 specto
593 2346 689 2393 nunc
712 2348 870 2418 quoque3
908 2317 1101 2395 Lulherus
1153 2333 1187 2391 et
1211 2325 1258 2394 ab
1287 2323 1460 2415 improbis
1491 2325 1527 2394 in
1559 2312 1744 2417 pessimam
1776 2337 1911 2417 partem
1940 2312 2141 2418 rapiuntur.

96 2454 179 2527 -quo
202 2440 334 2521 spectet
352 2426 483 2501 nescio.
535 2421 720 2496 Admonui
740 2450 804 2519 per
822 2427 943 2497 literas
958 2423 1102 2497 Hedia-
1151 2420 1240 2510 Hic,
1278 2425 1370 2510 scio,
1409 2426 1554 2516 negabis
1587 2425 1794 2519 imputanda
1820 2418 2006 2513 Lethaeo,
2052 2450 2142 2521 quae

105 2554 210 2615 nrm,
252 2552 414 2599 sennone
434 2518 765 2625 Oecolampudium
796 2543 831 2601 et
855 2522 1100 2612 Pellinaeum,
1153 2530 1378 2621 quorundam
1401 2529 1551 2601 stultitia
1572 2528 1861 2615 committuntur,
1894 2552 1984 2622 quos
2005 2543 2046 2600 tu
2066 2553 2143 2599 me—

106 2635 217 2728 idque
233 2655 309 2701 non
323 2631 450 2721 semel,
482 2644 523 2701 ut
545 2653 586 2699 ex
603 2624 783 2700 communi
804 2630 953 2702 consilio
969 2632 1102 2703 doctri·
1153 2630 1223 2699 rito
1236 2643 1399 2722 portenta
1414 2655 1537 2716 vocas,
1560 2644 1595 2699 et
1609 2630 1775 2722 bipedum
1790 2630 2036 2725 nequissimos.
2068 2628 2142 2701 Ve-

106 2760 175 2806 nae
208 2756 293 2803 snae
323 2732 499 2823 rationem
529 2731 720 2802 redderent
750 2729 857 2806 Card.
889 2725 1101 2833 Campegio,
1153 2755 1233 2800 rum
1265 2727 1352 2801 haec
1385 2746 1549 2825 portenta
1576 2734 1716 2817 fovent,
1757 2756 1846 2826 quos
1875 2724 2068 2816 Lulherus
2103 2747 2143 2804 ut

102 2834 179 2933 'quo
197 2835 354 2927 profecto
374 2835 494 2903 nullus
511 2834 644 2922 legatus
661 2833 774 2925 optari
797 2850 935 2927 poterat
957 2838 1103 2931 aequior
1152 2830 1385 2924 Evangelicae
1402 2835 1582 2905 doetrinae
1602 2832 1764 2926 proceres
1784 2835 2018 2927 amplectitur.
2069 2832 2144 2905 Ge-

106 2955 170 3011 aut
184 2935 389 3009 humanior.
439 2935 566 3007 Surdis
581 2936 694 3005 cecini
713 2935 882 3011 fabulam.
931 2937 1004 3009 Nec
1017 2930 1102 3008 Cle·
1153 2936 1234 3007 nuit
1269 2936 1355 3006 olim
1384 2932 1618 3026 Evangelium
1650 2959 1784 3005 novum
1815 2931 2003 3006 hominum
2034 2958 2145 3027 genus

105 3038 430 3132 mentemquidem
451 3036 581 3129 opinor
595 3049 669 3106 tam
683 3061 844 3108 aversum
858 3038 904 3109 ab
915 3034 1102 3131 Evangelii
1152 3038 1303 3107 mundo.
1353 3036 1459 3108 Nunc
1473 3038 1594 3130 quales
1609 3037 1729 3127 gignat
1743 3033 2053 3126 hocEvangelium
2068 3062 2143 3129 non
2212 3024 2217 3033 ¹

105 3142 311 3214 sinceritate
328 3138 544 3211 restituenda
559 3139 735 3231 reperturi
750 3162 891 3226 sumus,
920 3166 1028 3235 quam
1042 3166 1102 3211 ex·
1153 3139 1241 3209 libet
1252 3139 1395 3213 referre.
1445 3138 1541 3208 Fieri
1556 3150 1686 3231 potest,
1708 3152 1749 3208 ut
1763 3139 1840 3208 istic
1856 3140 1928 3209 sint
1941 3139 2143 3219 aliusmodi,

106 3241 462 3335 istimant‚‚quidam.¹
509 3235 612 3312 Nihil
635 3234 766 3311 horum
790 3242 870 3312 istis
898 3244 1100 3334 persuaderi
1154 3253 1262 3326 certe,
1295 3263 1385 3334 quos
1410 3234 1469 3310 hic
1492 3241 1597 3326 novi,
1631 3241 1718 3310 tales
1732 3241 1806 3309 fere
1822 3254 1924 3326 sunt,
1955 3255 1996 3311 ut
2019 3238 2142 3312 malim

104 3338 236 3443 potuit.
283 3342 445 3415 Tantum
461 3338 534 3412 hoc
547 3357 673 3433 agunt,
704 3357 745 3415 ut
760 3368 815 3413 res
836 3370 980 3439 quoquo
1000 3358 1100 3438 pacto
1154 3366 1234 3412 cum
1249 3341 1401 3434 Papistis
1417 3336 1546 3413 habere
1561 3342 1826 3429 commercium:
1862 3367 1968 3436 quam
1992 3369 2072 3414 cum
2098 3344 2143 3412 il-

103 3462 246 3543 serpat,
270 3459 305 3515 et
320 3444 497 3535 egregium
512 3439 700 3535 Evangelii
716 3447 911 3537 profectum
927 3447 1102 3540 interpre-
1153 3445 1214 3530 lis,
1240 3444 1270 3513 si
1285 3446 1365 3538 quis
1378 3458 1578 3515 contractus
1592 3439 1684 3514 milti
1698 3446 1906 3535 pangentlus
1923 3459 2020 3519 esset.
2071 3444 2174 3519 Po-.

105 3565 252 3634 tantur,
286 3546 319 3616 si
343 3545 450 3640 pauci
468 3542 637 3617 monachi
654 3547 727 3617 sint
748 3549 928 3643 ertonerati
951 3550 1101 3635 cuculla,
1153 3561 1304 3633 stremo,
1337 3571 1427 3641 quos
1442 3547 1529 3616 olim
1544 3547 1628 3617 novi
1651 3547 1821 3636 optimos,
1855 3572 2013 3642 quosque
2033 3547 2143 3617 dixis-

107 3653 205 3727 iuter
219 3671 309 3744 quos
322 3649 461 3720 utinam
474 3671 551 3719 non
564 3649 636 3719 sint
650 3650 772 3736 multi,
798 3651 928 3744 quibus
941 3651 1102 3744 expedis-
1152 3674 1227 3720 sem
1240 3650 1365 3748 virtuti
1383 3663 1502 3735 natos,
1534 3649 1640 3718 video
1664 3648 1774 3718 iactos
1792 3649 1993 3719 deteriores.
2044 3647 2144 3739 Qua-

106 3769 162 3829 srt
184 3755 282 3825 intra
305 3750 480 3823 cancellos
505 3750 675 3836 detineri,
716 3750 749 3821 si
772 3754 1012 3827 sacerdotibus
1035 3754 1101 3823 ali·
1153 3753 1198 3823 lis
1220 3752 1336 3846 qualis
1367 3776 1486 3822 rerum
1514 3764 1624 3821 status
1657 3764 1725 3834 est,
1761 3750 2057 3843 periculosissima
2087 3774 2143 3821 res

106 3871 204 3955 quot,
211 3864 438 3951 prospectum
450 3850 497 3922 sit
511 3850 556 3922 de
569 3876 697 3938 uxore,
724 3852 754 3921 si
771 3878 790 3923 e
806 3854 947 3929 duobus
960 3855 1101 3947 templis
1153 3867 1205 3925 est
1218 3879 1360 3925 movere
1375 3852 1592 3953 camarinam
1602 3832 1710 3921 huius
1723 3853 1861 3922 mundi.
1899 3852 2013 3939 Plato,
2033 3877 2143 3947 quum

106 3970 250 4043 exactae
265 3954 338 4035 sint
357 3952 539 4053 imagines.
589 3948 666 4045 Ego
689 3954 739 4025 sic
760 3956 944 4047 cupiebam
963 3957 1101 4035 restitui
1153 3957 1408 4049 rempublicam
1447 3948 1729 4047 philosophicam
1770 3952 1981 4041 somniaret,
2039 3955 2142 4038 vidit,

106 4056 334 4147 sacerdotum
343 4051 571 4144 religionem,
602 4070 643 4126 ut
665 4052 758 4127 nihil
779 4058 963 4133 decederet
980 4074 1103 4133 aucto·
1153 4059 1419 4129 multitudinem
1435 4058 1567 4149 absque
1583 4054 1775 4125 mendaciis
1795 4079 1870 4124 non
1891 4080 1992 4147 posse
2013 4056 2143 4145 guber-

99 4161 225 4237 ·ritati:
257 4158 309 4229 sic
323 4157 462 4229 consuli
478 4158 588 4228 bonis
598 4156 770 4249 ingeniis,
800 4185 889 4254 quae
909 4156 1103 4233 monacho·
1153 4161 1244 4231 nari.
1302 4158 1408 4231 Absit
1431 4184 1451 4228 a
1472 4154 1683 4228 Christianis
1704 4158 1949 4242 mendacium,
1986 4171 2142 4227 attamen

107 4288 193 4339 nun
209 4257 418 4333 ceremoniis
439 4258 717 4350 insepeliuntur,
750 4276 886 4333 utnon
907 4265 1102 4354 aperiretur
1147 4286 1229 4338 ,non
1251 4263 1390 4354 expedit
1411 4282 1555 4329 omnem
1576 4260 1759 4329 veritatem
1786 4259 1912 4352 quovis
1932 4260 2039 4328 modo
2056 4282 2142 4351 pro-

106 4368 265 4443 lenestra
291 4361 395 4431 malis
417 4362 464 4429 ad
486 4360 909 4453 licentiuspeccandum:
949 4365 1103 4459 denique
1154 4367 1236 4435 dere
1252 4364 1370 4453 vulgo.
1420 4360 1566 4434 Utinam
1580 4352 1771 4430 Lullteros
1797 4375 1866 4430 tam
1886 4375 2003 4452 posset
2016 4358 2142 4432 Ponti-

99 4490 204 4565 -qnae
219 4464 329 4555 longo
344 4462 417 4531 iam
438 4486 507 4534 usu
528 4462 830 4551 inveteraverant,
856 4464 909 4553 sie
930 4467 1100 4557 paulatim
1153 4468 1234 4538 tices
1254 4491 1293 4535 ac
1306 4462 1490 4554 Principes
1511 4464 1553 4533 ad
1571 4460 1805 4551 Evangelicae
1826 4462 1967 4561 pietatis
1982 4463 2140 4533 studium

106 4564 254 4659 corrigi,
273 4579 406 4637 utnon
420 4564 540 4635 omnia
556 4564 714 4635 tumultu
726 4567 970 4653 miscerentur,
994 4582 1102 4663 utque
1154 4581 1378 4650 convertere,
1403 4589 1509 4659 quam
1524 4564 1664 4635 fortiter
1682 4564 1722 4633 in
1739 4564 1885 4653 illorum
1908 4565 1994 4634 vitia
2013 4565 2141 4635 debac-

106 4672 256 4747 libertas
278 4664 494 4756 Evangeliea
520 4664 631 4758 possit
661 4691 734 4737 esse
759 4666 921 4749 omnium
942 4671 1102 4763 gentium
1154 4666 1289 4743 chatur·
1340 4667 1423 4756 Quo
1436 4666 1557 4737 animo
1574 4667 1619 4736 sit
1640 4666 1680 4735 in
1702 4690 1776 4751 me,
1797 4667 1941 4737 nonita
1964 4667 2066 4736 valde
2087 4667 2140 4736 la·

107 4769 322 4849 communis.
386 4759 578 4852 Lethaeus
609 4779 749 4839 tantum
775 4768 958 4861 colligite
987 4775 1103 4857 rebus,
1153 4774 1260 4843 b'oro:
1285 4769 1548 4862 praesertimin
1564 4765 1632 4839 hoc
1647 4762 1817 4857 negotio,⁸
1835 4768 1874 4838 in
1897 4793 1968 4860 quo
1992 4782 2140 4837 nonest

106 4898 202 4973 quae
216 4872 311 4943 mala
326 4883 427 4954 sunt,
459 4882 494 4941 et
514 4870 564 4941 ita
578 4884 720 4960 pugnat
737 4870 860 4942 tollere
876 4874 973 4966 quod
987 4874 1102 4945 offen-
1152 4876 1205 4945 fas
1227 4874 1382 4943 multum
1410 4870 1525 4939 valere
1551 4870 1695 4939 allectus
1724 4870 1892 4961 privatos.
1952 4867 2068 4939 Multa
2095 4872 2139 4939 de

105 4977 180 5063 dit,
201 4988 243 5047 ut
256 4997 331 5045 non
346 4971 430 5041 satis
447 4987 566 5044 caveat
579 4971 678 5042 aliud
693 4970 827 5044 malum
841 4976 993 5064 gravius.
1034 4972 1102 5049 Ut·
1152 5000 1208 5045 me
1229 4973 1368 5066 scripsit
1388 4972 1510 5042 amicis
1531 4971 1619 5057 suis,
1645 4995 1720 5041 nou
1745 4971 1828 5040 satis
1851 4971 2038 5040 referentia
2060 4970 2139 5039 ani-

106 5099 251 5172 cunque
272 5071 522 5172 Deusaliquis
545 5086 658 5145 vertat
679 5087 809 5147 statum
832 5079 978 5165 mundi,
1006 5103 1101 5161 nun-
1153 5102 1251 5149 mum
1265 5076 1305 5146 in
1319 5099 1392 5160 me,
1417 5098 1521 5168 quem
1537 5088 1576 5143 tu
1591 5074 1781 5166 praedicas.
1834 5070 1935 5160 Quae
1946 5073 2068 5157 ‚omnia
2081 5096 2138 5141 me

106 5204 221 5277 quam
241 5178 405 5247 defutura
428 5188 529 5258 sunt,
562 5178 606 5244 de
629 5176 757 5270 quibus
779 5178 949 5273 queraris.
1004 5177 1100 5251 Haec
1142 5204 1197 5250 ne
1222 5178 1402 5251 tantillum
1423 5177 1569 5270 quidem
1591 5188 1875 5257 commoverunt,
1908 5176 2139 5267 quemadmo-

106 5280 268 5373 mitigari
276 5291 438 5377 possunt,
459 5277 537 5346 tolli
549 5277 691 5371 penitus
701 5303 776 5351 non
787 5296 944 5374 possunt.
976 5279 1101 5370 Quan—
1153 5283 1239 5360 dum
1259 5306 1324 5351 nee
1346 5293 1449 5349 tuum
1466 5281 1510 5349 de
1531 5302 1589 5347 me
1610 5277 1783 5348 iudicium
1803 5274 1936 5360 effecit,
1962 5289 2003 5348 ut
2017 5276 2137 5346 minus
2223 5286 2231 5301 ”

107 5384 244 5457 tumvis
254 5379 418 5457 omnium
430 5379 603 5465 influitin
617 5405 735 5483 mare,
763 5384 990 5477 quantumvis
1006 5384 1101 5455 deci·
1152 5408 1304 5455 amarem
1321 5382 1502 5551 inqquium
1520 5394 1631 5451 terum.
1683 5377 1855 5467 Quamvis
1875 5391 2010 5449 atroces
2030 5379 2134 5449 ctiam

160 5489 343 5557 blerana.
357 5483 460 5551 Ocra.
486 5484 571 5551 Vor.
583 5483 609 5549 l.
