4500 5782
186 217 261 292 aar
664 144 1193 302 ‘arrsrocauoar
1244 217 1351 294 nra.
1387 217 1453 291 111.
1508 158 1640 298 mes.
1759 260 1764 277 ·
1821 210 1824 216 ’
2143 186 2222 309 aaa

187 406 243 460 tus
258 390 403 472 dedere,
430 404 461 458 et
476 413 516 457 eo
531 389 622 456 sacto
640 388 721 457 satis
737 387 928 456 declaravit
946 389 1041 472 deus,
1067 413 1174 480 quam
1224 387 1316 459 Nam
1335 391 1402 461 alia
1416 393 1535 462 omnia
1552 395 1692 463 infirma
1705 409 1798 480 suut,
1822 398 1988 490 aquibus
2002 400 2207 491 sapientissi-

187 491 258 560 sint
274 486 430 559 humana
447 490 515 557 sibi
531 514 644 557 curae.
695 488 805 580 Spero
825 490 942 581 itaque
960 503 994 558 et
1008 491 1089 557 illos
1106 490 1175 558 sal·
1225 515 1301 560 mos
1312 494 1452 562 virosin
1463 495 1708 585 maguismalis
1719 522 1792 565 non
1804 500 1910 568 fuisse
1923 501 2070 571 adiutos
2081 503 2206 578 scimus.

189 615 251 660 vos
266 594 359 673 sore,
385 592 447 683 qui
463 593 506 659 ab
527 591 585 657 illa
604 591 711 679 impia
727 591 878 659 factione
896 591 1004 659 alieni
1019 591 1174 662 fuerunt.
1229 590 1269 661 ln
1292 596 1457 664 omnibns
1474 599 1628 665 adversis
1644 593 1751 666 babes
1766 601 1968 689 perfugium
1985 603 2205 676 certissimum

186 684 472 766 Carolustadius
493 693 632 781 scripsit
651 688 719 761 buc
743 692 916 783 supplices
939 694 1074 776 literas,
1111 696 1175 761 da·
1227 710 1261 764 et
1277 696 1490 767 tutissimum
1504 712 1667 789 portum,
1690 701 1970 771 misericordiam
1985 699 2067 777 Dei.
2111 702 2204 796 Erige

187 794 439 866 bituranobis
457 818 582 884 opera,
615 808 653 862 ut
668 807 825 861 amanter
841 794 1036 867 adiuvetur.
1087 792 1175 862 Eius
1228 810 1261 865 te
1283 798 1390 886 igitur
1412 794 1477 869 καὶ
1497 793 1644 892 θάρσει,
1704 799 1746 869 ld
1770 803 1865 874 enim
1886 804 2077 894 optimum.
2127 807 2202 878 b'am

91 964 94 969 ,
169 912 278 967 ‘uxor
294 892 402 964 bodie
420 897 458 962 in
475 896 600 963 urbem
622 897 665 962 ad
688 919 752 963 nos
774 896 903 984 opinor
923 896 1060 980 veniet,
1092 920 1173 962 narn
1228 899 1422 968 iacentibus
1457 895 1477 971 ὃ
1508 896 1684 994 διάβολος
1715 898 2027 974 vehementissime
2065 908 2202 979 insultat.

187 993 267 1067 beri
281 998 500 1079 vocavimus,
531 1021 666 1064 srnnma
683 997 750 1064 fide
768 997 1017 1089 diligentiaque
1036 997 1175 1065 carratbi-
1228 994 1407 1077 Adversus
1424 1026 1528 1092 quem
1549 1029 1613 1071 nos
1635 1003 1674 1072 ἐν
1690 1008 1743 1096 τῷ
1758 1006 1912 1100 Χριστῷ
1934 1007 2068 1076 audere
2084 1024 2118 1095 et
2132 1037 2202 1079 con·

187 1124 286 1184 mus,
319 1124 363 1167 nc
382 1123 448 1191 qua
468 1123 503 1165 re
527 1111 632 1184 egeat.
685 1096 820 1166 Literas
840 1112 935 1180 tuas,
968 1099 998 1165 si
1016 1123 1174 1190 unquam
1227 1100 1376 1171 fidenter
1401 1098 1662 1175 ἀνθίστασθαι
1692 1108 1806 1189 decet,
1844 1132 2073 1201 nequaquam
2102 1115 2199 1191 &tao

188 1203 294 1286 alias,
328 1224 423 1269 nunc
447 1199 689 1268 ardentissime
713 1201 828 1289 cupio.
880 1197 988 1283 Vale,
1013 1196 1175 1269 Christus
1226 1210 1473 1290 τακτοῦντας,
1510 1209 1719 1276 sedtuentes
1737 1209 2199 1306 locnmuostrumtanquan

189 1319 291 1396 teque
307 1316 510 1394 patremque
527 1315 560 1371 et
575 1300 744 1368 frarrriliarn
762 1314 914 1374 tueatur·
933 1300 977 1371 Υ.
989 1299 1064 1374 Cal.
1079 1300 1146 1375 lul.
1227 1305 1265 1373 in
1284 1307 1356 1374 acie
1373 1309 1486 1376 bonos
1502 1309 1643 1382 milites.
1696 1305 1794 1378 l'alc.

928 1397 1125 1497 Philippus

1231 1474 2196 1503 Ἣ

199 1743 263 1813 No.
280 1738 365 1814 sla.
923 1747 1000 1818 (ἵετο
1019 1768 1060 1806 m·
1078 1742 1163 1814 Iun-l
1502 1742 1650 1825 Ioacb.
1684 1740 1942 1829 Camerario.

195 1836 362 1867 Μ
905 1837 1176 1874 &oss-V

460 1905 607 1987 ΙΟαθῘι.
643 1892 903 2015 Calllel‘al'lo.
1297 1916 1380 1990 Epist.
1398 1917 1432 1972 ad
1451 1918 1588 1975 Camerar.
1609 1940 1635 1992 p.
1648 1921 1690 1979 30.

258 2105 339 2176 Epist.
358 2102 390 2156 aa
405 2099 541 2156 camerae.
562 2118 588 2170 p.
605 2098 646 2153 aa,
1255 2056 1489 2133 loachr'mo
1515 2054 1551 2133 C
1554 2062 1757 2135 emereri
1761 2091 1798 2149 o,
1824 2066 1946 2138 amico
1960 2093 2187 2159 summosam,

1670 2163 1709 2236 S.
1724 2162 1778 2240 D.

428 2254 516 2325 [⁰0
527 2250 576 2324 Ch
587 2255 644 2323 lm
655 2281 676 2324 ⁰
701 2280 787 2340 Μ’,
820 2252 860 2326 S·
875 2254 928 2326 D·
1228 2279 1340 2373 Nihil
1356 2296 1468 2371 habeo
1485 2306 1580 2395 quod
1595 2303 1803 2372 miserrimis
1818 2305 2050 2397 temporibus·
2059 2288 2208 2389 scribam,

186 2396 341 2503 Semper
358 2406 507 2497 cogitavi
523 2401 589 2474 hoc
606 2405 804 2474 miserrimo
821 2419 978 2497 tempore
993 2424 1026 2479 te
1045 2432 1063 2476 a
1082 2422 1178 2498 patre
1230 2405 1279 2472 nti
1296 2398 1482 2488 loachime,
1507 2404 1577 2472 nisi
1593 2428 1650 2474 me
1665 2418 1797 2496 optare,
1819 2418 1860 2489 ut
1874 2407 1921 2475 sis
1939 2407 2071 2483 salvus.
2108 2408 2209 2480 Valde

189 2516 368 2588 discedere
407 2532 521 2600 neque
546 2509 673 2576 debere
704 2531 819 2600 neque
849 2531 961 2599 posse.
1025 2507 1078 2577 De
1109 2511 1178 2577 illis
1230 2527 1355 2594 angor,
1389 2509 1483 2598 qnod
1509 2509 1570 2574 abs
1588 2520 1621 2575 te
1639 2510 1710 2576 tarn
1727 2507 1789 2603 din
1806 2503 1900 2576 nibil
1921 2509 2079 2581 mittitur
2101 2511 2211 2581 litera-

191 2631 310 2689 autem
352 2609 568 2681 brevissimis
615 2608 726 2679 literis
769 2609 838 2678 tuis
876 2610 977 2679 facile
1011 2610 1179 2695 intellexi,
1229 2632 1320 2680 rum.
1374 2605 1495 2699 ltaque
1515 2621 1548 2676 te
1566 2632 1629 2699 per
1650 2608 1840 2677 amicitiam
1862 2622 2024 2679 nostram
2048 2635 2153 2703 rogo,
2179 2626 2212 2683 ut

192 2717 333 2814 quantis
349 2713 442 2784 curis
460 2724 494 2779 et
509 2710 741 2780 anxietatibus
758 2711 1018 2782 conflictaretur
1040 2712 1179 2782 animus
1230 2713 1273 2779 de
1298 2708 1368 2779 tuis
1392 2712 1498 2777 rebus
1520 2710 1708 2801 diligenter
1730 2710 1878 2794 scribas,
1917 2723 1951 2781 et
1980 2736 2024 2782 ex
2044 2705 2212 2809 Coburgo

193 2837 285 2894 tuus.
343 2814 433 2886 Nam
456 2812 520 2905 qui
536 2826 694 2883 ,mortem
724 2811 913 2881 minimum
941 2816 1074 2908 malum
1106 2839 1194 2884 esse·
1230 2825 1338 2903 potes.
1389 2809 1458 2878 llic
1474 2811 1517 2879 de
1534 2813 1685 2880 exercitu
1699 2814 2015 2883 consoednstorum
2029 2816 2136 2901 mira,
2158 2820 2213 2886 de·

132 2920 137 2927 ’
192 2921 314 2993 statuit
330 2907 596 3014 φοβερώτατον
615 2903 885 2985 ἁπάντωντῶν
901 2913 1096 3008 φοβερῶν,
1125 2941 1179 2986 se·
1231 2937 1300 3006 que
1324 2912 1535 2981 alienatione
1554 2914 1698 3003 urbium
1721 2938 1740 2982 a
1762 2915 1984 3005 principibus
1998 2919 2212 3001 ferebantur:

192 3024 349 3094 cundum
374 3026 524 3100 veteres,
558 3040 638 3084 curn
658 3039 797 3084 necesse
818 3030 869 3085 est
892 3018 1104 3088 mirabiliter
1126 3019 1179 3087 af·
1232 3014 1373 3103 Quibus
1398 3016 1441 3081 de
1462 3015 1567 3082 rebus
1584 3028 1661 3083 tuas
1677 3029 1835 3106 exspecto
1852 3017 1988 3104 literas,
2016 3044 2214 3114 qtranquam

193 3123 330 3195 flietari.
382 3119 503 3213 Neque
520 3142 594 3186 non
608 3117 705 3185 venit
722 3117 759 3184 in
780 3130 932 3186 mentem
952 3114 1061 3204 milri,
1093 3122 1179 3213 quid
1232 3112 1317 3185 haec
1336 3130 1419 3185 sunt
1434 3113 1501 3196 ἔξω
1517 3111 1639 3209 ἡμῶν,
1664 3116 1701 3184 id
1716 3112 1807 3211 πρὸς
1820 3112 1937 3211 ἡμᾶς,
1972 3146 2046 3214 quo
2067 3123 2110 3191 iu
2131 3136 2214 3195 statu

194 3241 227 3297 te
255 3223 405 3292 maxime
427 3221 618 3311 perturbet.
684 3216 794 3286 Vides
817 3220 912 3287 enim
934 3223 1021 3313 quid
1045 3235 1181 3312 praete·
1233 3232 1312 3289 tuae
1336 3242 1390 3288 res
1411 3218 1492 3290 sint.
1553 3216 1664 3289 Multi
1686 3220 1780 3308 apud
1805 3243 1868 3305 yos
1891 3215 2036 3293 bonesti
2059 3218 2214 3304 homiues

193 3341 297 3397 xatur
318 3322 528 3392 foedissimis
549 3334 583 3390 el
606 3319 750 3388 nefariis
776 3321 887 3405 ausis,
917 3337 950 3393 et
970 3347 1015 3391 ne
1036 3324 1181 3393 infamia
1232 3323 1480 3412 profugerunt,
1512 3343 1664 3411 quorum
1686 3319 1810 3399 exilio,
1839 3323 1941 3393 crede
1964 3316 2079 3409 mihi,
2117 3321 2215 3395 velte·

195 3429 312 3521 aliqua
331 3425 505 3493 redundet
521 3424 557 3489 in
575 3445 651 3491 earu
667 3418 882 3506 doctrinam,
904 3424 962 3492 cui
976 3427 1106 3493 assensi
1121 3450 1182 3495 su·
1232 3437 1368 3492 menter
1383 3422 1582 3510 perturbor.
1632 3418 1686 3490 De
1702 3415 1782 3493 Da.
1799 3416 1943 3494 Stibero
1962 3426 2068 3494 video
2090 3440 2125 3497 te
2138 3427 2215 3498 soli·

169 3553 285 3612 -mus‚
309 3525 535 3606 reformidas,
561 3537 612 3606 et,
639 3525 935 3615 quemadmodum
951 3527 1055 3615 plane
1072 3527 1183 3616 signi·
1234 3525 1342 3594 citum
1370 3547 1454 3595 esse.
1524 3520 1556 3591 ls
1580 3535 1631 3590 est
1654 3525 1749 3611 apud
1772 3546 1836 3592 nos
1861 3525 1961 3593 domi
1987 3541 2151 3615 nostrae,
2185 3543 2216 3597 et

195 3632 294 3713 liceis,
326 3626 558 3698 consideratio
573 3625 645 3691 irae
663 3624 804 3692 divinae
822 3638 854 3693 te
869 3629 1069 3715 prosternit.
1112 3628 1182 3698 Sed
1234 3649 1434 3719 quanquam
1472 3619 1561 3692 milri
1591 3636 1735 3715 propter
1766 3625 1980 3715 singularem
2013 3631 2216 3701 modestiam

197 3745 317 3801 contra
335 3725 421 3797 baec
436 3726 604 3818 proximis
617 3725 726 3793 literis
737 3726 867 3796 nostris
878 3727 1113 3796 efficacissima
1128 3754 1184 3796 re·
1233 3726 1535 3818 placeatiuvenis,
1566 3739 1683 3795 tamen
1709 3740 1853 3816 propter
1874 3740 1972 3797 tuam
1994 3735 2216 3803 commenda·

197 3833 313 3902 media
338 3828 403 3899 tibi
427 3828 763 3911 demonstravimus,
802 3828 931 3920 quibus
955 3830 1007 3899 uti
1034 3843 1067 3898 et
1093 3826 1184 3900 hanc
1234 3829 1365 3899 tionem
1390 3841 1441 3896 est
1461 3827 1747 3901 iucundissimus.
1800 3820 1980 3899 Michacl
2002 3833 2109 3903 valde
2132 3835 2215 3903 desi.-

198 3932 410 4005 medicinam
433 3930 588 4021 accipere
610 3927 778 4000 studebis.
837 3928 949 3998 Crede
972 3927 1059 3999 mibi
1082 3933 1183 4000 valde
1235 3933 1333 3999 derat
1353 3929 1471 3999 literas
1496 3943 1584 4002 tuas.
1652 3925 1693 3997 ln
1715 3930 1846 4027 nostris
1870 3932 2078 4021 regionibus
2101 3937 2215 4006 divino

198 4036 265 4107 tibi
280 4031 364 4104 haec
379 4032 669 4122 suntprofntura.
719 4027 797 4098 lloc
813 4029 918 4099 etiarn
942 4033 1072 4120 cogita,
1104 4058 1183 4102 cnm
1235 4031 1405 4101 beneficio
1439 4026 1634 4100 Alcedonia
1667 4045 1760 4103 sunt.
1828 4030 2006 4103 Mediocri
2040 4038 2214 4110 severitate

199 4138 320 4207 mania
337 4137 383 4205 ita
400 4136 545 4204 confusa
564 4145 597 4201 et
621 4130 780 4200 intricata
805 4133 894 4216 sint,
926 4134 1026 4203 nulla
1048 4136 1184 4205 ratione
1235 4148 1355 4202 noster
1371 4133 1534 4223 princeps
1558 4156 1642 4201 usus
1666 4145 1717 4201 est
1737 4132 1912 4207 seditiosis
1930 4136 2154 4225 multandis,
2175 4165 2213 4209 ea

103 4244 106 4249 ’
198 4241 369 4330 nulloque
384 4234 532 4305 consilio
547 4229 702 4305 humano
717 4245 758 4302 ut
773 4234 940 4324 explicari
953 4237 1104 4326 possint,
1130 4262 1184 4306 re·
1235 4259 1290 4304 res
1306 4233 1452 4304 incussit
1467 4232 1572 4322 vulgo
1589 4246 1779 4318 terrorem,
1810 4247 1850 4303 ut
1871 4230 1965 4306 nibil
1977 4261 2136 4332 usquam
2145 4267 2213 4325 ¹rao-

200 4340 435 4433 linquendum
451 4351 564 4405 totum
581 4333 760 4422 negotium
775 4332 851 4404 Deo
867 4349 901 4404 et
920 4336 1183 4427 quiescendum.
1236 4351 1368 4431 ceatur.
1407 4330 1455 4403 Et
1468 4334 1644 4427 plerisque
1658 4334 1746 4404 locis
1760 4349 1843 4405 stant
1856 4361 1954 4407 arma
1968 4341 2082 4431 vulgo
2097 4357 2212 4435 erepta

201 4441 278 4533 lpse
292 4441 386 4509 enim
404 4438 574 4507 conficiet.
605 4433 1184 4531 Quapropteracurishis,quan-
1236 4438 1334 4509 Ditio
1355 4434 1546 4521 Electoris,
1579 4450 1619 4505 ut
1640 4449 1784 4520 vocant,
1817 4461 1891 4505 non
1913 4442 2024 4509 modo
2048 4446 2166 4537 quieta
2186 4457 2210 4513 et

201 4541 444 4633 tumpoteris,
475 4540 510 4606 id
534 4542 630 4628 quod
653 4536 781 4626 etipse
804 4537 987 4626 intelligis,
1019 4540 1185 4610 inanibus
1237 4553 1355 4632 pacata
1370 4539 1438 4607 suit
1452 4532 1638 4623 hactenus,
1671 4540 1731 4607 sed
1749 4539 1796 4607 ita
1811 4537 1915 4607 etiam
1939 4548 2154 4638 tranquilla,
2180 4560 2209 4612 nt

80 4664 91 4685 ⁰
200 4645 353 4717 abduces
373 4641 532 4711 animum
551 4652 661 4710 tuum.
714 4635 814 4726 Quam
834 4640 933 4729 egisti
956 4654 989 4710 et
1010 4639 1085 4711 Deo
1110 4643 1186 4733 pla·
1238 4641 1336 4709 rrrrlla
1352 4653 1467 4733 motps
1481 4638 1588 4709 ullius
1602 4638 1772 4732 suspicio,
1806 4641 1926 4709 nullus
1942 4637 2002 4712 bic
2019 4662 2137 4718 metus
2148 4651 2209 4717 lue·

144 4778 160 4789 r
202 4759 300 4829 cent,
325 4757 360 4813 et
376 4744 419 4812 ab
434 4737 640 4811 bominibus
655 4740 862 4825 laudantur,
888 4741 1025 4833 pietatis
1042 4745 1186 4813 nomine
1238 4743 1296 4814 rit,
1336 4738 1385 4811 Et
1401 4740 1438 4808 in
1455 4740 1533 4808 aliis
1547 4740 1618 4810 lore
1633 4740 1967 4838 ornnibrrs„urbibrrs
1983 4745 2023 4812 in
2040 4750 2208 4835 seditiosae

203 4870 283 4937 erga
296 4859 432 4939 patrem
448 4857 481 4912 et
494 4868 568 4911 110ss
582 4841 686 4911 etiam
702 4841 835 4911 nullius
851 4843 888 4910 in
902 4844 1059 4934 patriam.
1087 4842 1186 4932 Quae
1240 4857 1289 4913 est
1303 4843 1596 4915 animadversum.
1646 4840 1716 4911 Hic
1728 4843 1828 4911 nulla
1844 4846 2061 4939 carnificina,
2088 4853 2210 4923 nudum

202 4966 321 5021 tamen
340 4948 517 5036 ignoscere
541 4946 605 5015 tibi
630 4943 760 5035 potuit,
792 4945 823 5012 si
846 4939 912 5012 boc
937 4956 1091 5036 ternpore
1114 4959 1187 5016 ate
1239 4944 1448 5037 supplicirun
1471 4944 1641 5018 auditum.
1704 4940 1750 5041 lu
1769 4939 2043 5046 deotepovqccr'q,
2076 4955 2137 5043 {ua
2162 4977 2210 5021 ω.

203 5052 485 5143 relinqueretur,
512 5062 612 5138 pater
631 5047 844 5116 deserendus
866 5046 967 5115 nullo
988 5049 1094 5115 modo
1112 5048 1190 5121 luit.
1239 5042 1429 5119 haerebant
1452 5044 1643 5138 dequibus
1664 5044 1849 5136 scripsisti,
1889 5050 1948 5125 sed
1971 5067 2058 5123 suut
2076 5054 2210 5126 concisa,

205 5152 325 5243 Quare
341 5173 570 5244 quaecunque
585 5160 794 5240 sequentur,
816 5170 855 5215 ea
874 5159 907 5214 et
923 5149 1097 5239 praesenti
1112 5150 1191 5219 ani·
1239 5144 1287 5218 Et
1308 5148 1418 5217 nostri
1441 5147 1700 5236 indiligentiam
1721 5148 1812 5217 nosti
1836 5148 1872 5216 in
1894 5150 2097 5225 scribendo.
2125 5154 2209 5228 dnt-

203 5279 263 5323 mo
281 5253 430 5343 excipies
451 5265 485 5320 et
503 5250 640 5320 sortiter
656 5248 826 5340 perferes,
859 5262 893 5316 et
914 5250 1052 5318 munies
1073 5263 1106 5319 te
1127 5254 1191 5322 ad·
1239 5242 1411 5346 διατριβή
1428 5250 1646 5342 promittitur
1662 5245 1787 5322 adbuc.
1839 5248 1940 5328 l'ale.
1971 5252 2172 5332 ldib.lnlii.

204 5379 324 5426 versus
356 5378 478 5423 omnes
506 5367 651 5423 eventus
671 5373 846 5455 sacrarum
869 5351 1049 5427 literarum
1072 5355 1190 5427 arinis,
1536 5446 1541 5462 Ι
1977 5353 2173 5457 phi-lippum·
