4500 5782
148 169 237 312 tte
287 248 291 263 ’
754 227 1190 315 EPISTOLARUM
1237 231 1345 307 Lts
1370 231 1419 308 ΙΙ.
1448 288 1451 293 -
1473 226 1602 309 1⁶20.
1923 320 1926 327 ,
2128 238 2202 328 tte

164 411 294 509 quibus
307 408 413 497 vulgo
428 406 544 477 divini
560 404 649 478 iuris
670 404 795 477 titulus
815 408 1048 499 praetexitur,
1073 430 1155 500 per·
1205 407 1352 477 ductum
1368 406 1509 487 duobus
1524 404 1673 493 omuino
1688 407 1933 499 pronunciatis
1950 409 2103 500 absolvi,
2122 404 2202 487 Cu·

162 514 300 588 tinebat
324 508 473 583 axioma.
539 507 637 598 Quid
659 508 769 598 igitur
792 509 831 577 in
854 509 930 579 solo
951 507 1155 593 Transsub-
1205 499 1495 593 tholico‚,sofum
1523 504 1747 607 scripturum
1778 502 1996 589 credendum
2027 537 2128 601 essa,
2150 524 2203 589 --et

164 613 401 690 stantiationis
423 611 571 696 articulo
592 610 832 704 quiritantur?
864 610 1016 683 maxime
1040 635 1155 705 quan·
1206 604 1614 710 conciliissupqriqrgm
1638 633 1712 683 esse
1733 609 1935 710 scripturae
1953 615 2204 697 autoritatem.

164 720 211 791 do
240 717 275 788 et
294 713 557 786 Sententiarum
585 713 840 783 commentarii·
864 738 939 814 uon
973 717 1082 785 modo
1110 714 1155 785 de
1206 710 1315 811 Quod
1337 712 1448 807 genus
1468 706 1675 799 scholastica
1696 714 1840 804 nugalia
1868 717 2202 804 minamur-satim

164 817 392 901 charactere,
423 817 483 885 sed
511 828 547 885 et
570 814 1154 891 Traussubstantiatione‚variant
1205 839 1328 891 omnes
1356 815 1598 887 adniteremur
1626 818 2202 915 quampaucissimisexplimue.

164 918 262 994 Mihi
282 943 357 988 non
377 917 481 987 liceat
506 918 601 1011 quod
627 917 715 1004 illis,
753 918 816 1011 qui
834 919 880 989 ad
902 943 1016 989 sacras
1033 918 1154 989 literas
1204 914 1268 987 Dii
1286 919 1389 1001 boni,
1414 931 1502 1011 quot
1523 917 1697 1011 capitula,
1722 933 1810 1012 quet
1833 919 1942 1011 leges,
1966 936 2058 1015 quot
2077 924 2202 997 titulos

165 1027 311 1096 fortasse
326 1020 533 1090 instructior
548 1021 694 1105 accedo,
717 1044 824 1115 quam
844 1021 991 1091 illorum
1010 1020 1154 1111 vulgus:
1206 1018 1392 1095 confertim
1417 1014 1548 1093 chartis
1573 1020 1780 1105 illeverunt,
1804 1035 1848 1093 ut
1870 1046 2013 1097 sursum
2032 1026 2201 1099 deorsum

165 1141 271 1220 atque
301 1137 341 1195 ut
366 1122 554 1192 eonsilium
585 1122 835 1213 disputationis
857 1123 925 1193 tibi
946 1147 1046 1193 meae
1070 1146 1155 1217 ape-
1204 1120 1325 1192 omnia
1352 1135 1558 1208 versarunt,
1575 1121 1655 1215 qui
1677 1116 1742 1193 hac
1760 1121 1812 1193 >de
1836 1149 1876 1195 re
1895 1138 2000 1197 antea
2024 1127 2202 1207 disserue-

165 1229 272 1313 riam,
297 1225 463 1295 videbam
478 1224 608 1316 passim
622 1219 788 1294 humanis
805 1224 953 1299 decretis
973 1224 1155 1299 autoritati
1204 1238 1300 1297 runt.
1350 1220 1514 1309 Factioni
1529 1223 1680 1323 quisque
1695 1247 1781 1313 suae¹
1792 1227 1943 1303 studuit.
1976 1224 2202 1324 fluinpun-

165 1353 345 1402 sacrarum
360 1327 545 1396 literarum
559 1326 742 1417 derogari,
767 1350 883 1421 neque
902 1328 1056 1405 conferri
1075 1352 1155 1399 me·
1205 1326 1311 1398 tificia
1337 1325 1517 1415 maiestas,
1560 1325 1621 1423 illi¹
1639 1327 1695 1401 ius
1721 1328 1968 1411 conciliorum,
1984 1355 2092 1405 curae
2122 1333 2200 1409 tuit.

165 1435 231 1517 do,
266 1432 326 1500 sed
350 1444 385 1500 et
415 1412 582 1500 anteferri
612 1423 769 1499 humana
790 1429 947 1520 {diviniss
988 1429 1155 1503 articulos
1206 1424 1396 1500 Sacrorum
1428 1428 1631 1515 literarum,
1669 1429 1819 1520 perinde
1851 1444 1892 1504 ut
1922 1429 2202 1524 Megarensium,

164 1534 250 1606 fidei
270 1532 343 1603 dici
365 1531 453 1615 iam,
478 1554 553 1599 non
565 1533 675 1601 modo
690 1556 779 1624 quae
795 1546 997 1605 sanctorum
1013 1546 1155 1624 patrum
1205 1531 1305 1601 nulla
1337 1526 1458 1601 habita
1493 1544 1542 1601 est
1576 1554 1728 1624 usquam
1760 1532 1864 1606 ratio.
1927 1531 2028 1623 Quid
2054 1537 2202 1608 multis?

166 1634 327 1709 conciliis
355 1634 493 1703 decreta
523 1645 622 1717 suut,
654 1648 716 1706 aut
738 1632 927 1705 Pontifices
954 1647 1155 1720 sanxerunt,
1206 1629 1284 1726 lpse
1307 1633 1427 1702 videas
1448 1631 1589 1718 licebit,
1621 1657 1728 1726 quam
1753 1633 1957 1728 importune
1984 1637 2025 1707 in
2052 1638 2201 1729 negocio

165 1740 227 1811 sed
251 1751 285 1808 et
308 1735 484 1830 quidquid
497 1726 687 1817 Thomas,
713 1736 889 1830 quidquid
902 1731 1032 1807 Scotus
1050 1759 1157 1826 argu-
1206 1760 1269 1828 per
1286 1759 1360 1811 sese
1376 1735 1484 1827 plano
1508 1733 1725 1828 minimeque
1752 1736 1957 1828 scrupuloso
1979 1734 2202 1811 rhetoricen·

165 1855 306 1924 tantur,
327 1839 415 1908 etin
430 1838 474 1906 iis
489 1861 562 1906 non
579 1838 684 1907 modo
704 1837 838 1908 incerta
859 1839 970 1911 multa
992 1864 1058 1933 pro
1080 1863 1157 1908 cer·
1207 1851 1280 1909 tur:
1312 1850 1347 1908 et
1373 1849 1415 1909 ut
1441 1836 1518 1929 ipso
1547 1837 1753 1933 disputandi
1775 1838 1834 1910 file
1861 1840 2059 1927 declarent,
2092 1844 2200 1936 quim

165 1945 212 2017 tis
225 1941 383 2024 defendi,
408 1941 470 2009 sed
490 1952 524 2009 et
541 1940 635 2009 male
647 1935 850 2011 Christiana
871 1966 937 2033 pro
959 1941 1028 2034 piis
1050 1939 1156 2013 tradi.
1206 1964 1282 2009 non
1296 1935 1364 2008 hoc
1379 1953 1497 2029 agant,
1518 1952 1560 2015 ,ut
1575 1938 1760 2031 explicent,
1784 1942 1844 2013 sed
1866 1955 1910 2013 ut
1923 1941 2202 2037 impedianttri-

166 2042 225 2117 Ad
240 2038 328 2114 haec
342 2067 424 2113 cum
440 2042 531 2113 tanti
547 2042 672 2111 fierent
686 2036 865 2112 humanae
878 2043 1038 2123 fabulae,
1059 2042 1156 2112 iudi·
1206 2036 1282 2112 chis
1309 2039 1522 2134 quibusdam
1543 2038 1784 2113 studiosorum
1806 2043 1955 2119 animm.
2009 2039 2091 2136 Ego
2113 2070 2201 2117 con·

165 2149 262 2219 cium
285 2148 330 2215 de
351 2145 458 2214 sacris
485 2144 606 2228 rebus,
638 2166 713 2212 non
736 2168 756 2213 e
778 2143 910 2213 divinis
933 2145 1061 2229 literis,
1094 2142 1156 2212 sed
1206 2158 1260 2214 tra
1293 2167 1467 2212 summam
1488 2142 1542 2211 rei
1563 2142 1703 2215 duobus
1717 2144 1878 2215 versibus
1891 2146 2094 2238 perstrinxi.
2140 2144 2200 2219 -ln

165 2246 333 2321 humanis
357 2244 609 2317 traditionibus
635 2245 725 2337 peti,
763 2269 879 2339 neque
902 2261 974 2317 tam
997 2245 1156 2339 spectari,
1207 2245 1337 2341 quibus
1352 2244 1482 2340 siquid
1498 2256 1654 2315 erratum
1669 2258 1731 2327 est,
1750 2218 1900 2315 curnbn
1915 2261 2201 2319 meneutamau-

166 2351 256 2447 quid
275 2345 510 2438 Evangelicae
534 2347 657 2417 literae
679 2348 845 2434 doceant,
877 2373 985 2442 quam
1006 2348 1156 2443 quidex
1208 2361 1261 2419 ter
1296 2346 1378 2417 isti?
1435 2342 1686 2417 Humanarum
1713 2348 1948 2419 traditionum
1973 2350 2201 2423 autoritatem

165 2448 390 2541 Evangelicis
403 2450 556 2541 probent
570 2444 747 2524 homines.
789 2445 952 2523 Christus
967 2451 1069 2522 docet
1082 2473 1157 2520 uon
1206 2450 1349 2534 minuo,
1380 2448 1442 2517 sed
1471 2462 1511 2519 ut
1532 2448 1734 2518 divinarum
1756 2448 1939 2521 literarum
1964 2452 2137 2525 autoritas
2160 2476 2201 2524 ea

167 2578 241 2626 esse
263 2552 531 2625 vindicandum.
591 2549 749 2623 Probare
770 2545 839 2621 hoc
863 2576 968 2623 nemo
992 2553 1157 2638 audebat,
1206 2542 1344 2623 ratione
1361 2550 1642 2621 commendatior
1657 2550 1728 2621 fiat.
1777 2549 1873 2625 Sunt
1886 2550 1950 2646 qui
1969 2554 2201 2648 compendia-

167 2658 227 2728 sed
243 2656 288 2725 ad
302 2648 440 2725 scholas
457 2655 654 2739 ferebatur,
677 2654 741 2723 ubi
761 2655 950 2727 consilium
970 2679 1060 2741 esse,
1081 2678 1158 2725 non
1207 2655 1298 2724 riam
1319 2652 1416 2723 viam
1442 2653 1488 2722 ad
1507 2648 1724 2745 Theologica
1747 2654 1948 2727 existimant
1980 2679 2057 2729 non
2084 2678 2201 2729 sacros

166 2770 411 2852 praeceptum,
444 2755 590 2848 nequis
614 2756 789 2843 vindicet,
819 2758 1061 2831 audiebamus.
1119 2751 1156 2826 Ο
1206 2757 1338 2842 libros,
1359 2754 1421 2824 sed
1443 2776 1598 2825 summas
1620 2756 1807 2850 quasdam,
1833 2770 1875 2829 ut
1896 2772 2040 2831 vocant:
2056 2752 2096 2831 'e
2119 2759 2202 2855 qui-

167 2860 315 2953 impiam
337 2882 479 2944 vocem,
509 2851 656 2926 Paulus
680 2858 839 2952 delinqui
866 2874 999 2946 censet,
1024 2857 1158 2952 siquis
1206 2860 1275 2930 bus
1289 2882 1370 2928 cum
1382 2855 1591 2943 didicerint,
1615 2858 1661 2927 de
1676 2857 1800 2950 quavis
1816 2883 1855 2929 re
1878 2860 1986 2950 vulgo
2009 2860 2099 2954 quid
2120 2884 2201 2931 sen-

167 2962 302 3035 iudicio
325 2956 547 3032 Christianus
570 2984 650 3029 cum
675 2961 745 3031 alio
769 2963 976 3033 contendat:
1002 2960 1158 3056 recipere
1209 2962 1336 3047 tiatur,
1360 2960 1403 3028 ad
1420 2981 1496 3043 eas,
1521 2982 1585 3029 ceu
1600 2959 1645 3028 ad
1660 2960 1840 3049 regulam,
1866 2980 1982 3033 saeros
1998 2963 2112 3035 libros
2127 2963 2200 3035 exi-

167 3060 236 3137 boc
258 3064 419 3156 impietas
442 3075 536 3147 erat,
567 3063 663 3157 quod
688 3058 754 3133 hac
775 3079 875 3156 parte
896 3056 1059 3135 Paulum
1082 3087 1157 3133 nou
1208 3076 1307 3157 gunt.
1358 3059 1435 3141 Hos
1451 3060 1808 3133 muraenularum
1826 3063 1924 3132 viam
1946 3065 2131 3137 revocari?
2154 3090 2200 3136 ne

167 3167 368 3261 probabant
391 3190 507 3259 neque
525 3162 709 3251 Canones,
737 3190 853 3262 neque
875 3164 1015 3238 scholae
1035 3160 1158 3237 Theo'-
1208 3165 1296 3261 quid
1313 3176 1492 3256 receptum
1508 3162 1571 3251 sit,
1597 3162 1658 3233 sed
1673 3164 1760 3257 quid
1780 3165 1892 3259 recipi
1908 3166 2054 3255 debeat,
2077 3167 2200 3239 obser·

167 3270 342 3359 logorum.
392 3263 441 3337 Et
458 3268 584 3337 baculo
601 3266 834 3343 Pontificibus
853 3261 1027 3343 Christus
1046 3269 1158 3340 inter·
1207 3282 1302 3339 veut.
1352 3260 1427 3337 Aut
1443 3265 1473 3335 si
1487 3266 1580 3358 apud
1601 3265 1690 3335 alios
1711 3265 1831 3339 minus
1850 3292 2081 3359 promovero,
2108 3283 2200 3341 certe

168 3371 277 3454 dixit,
309 3366 427 3438 Hodie
449 3369 630 3460 piaculum
655 3382 723 3451 est,
748 3396 824 3441 non
847 3396 983 3443 armare
1008 3371 1158 3456 duobus,
1209 3394 1334 3464 operae
1353 3368 1510 3461 precium
1529 3381 1598 3454 est,
1619 3368 1792 3458 evulgari
1812 3368 1980 3460 opinione
2002 3370 2122 3464 ipsum
2142 3394 2200 3443 me

169 3496 259 3569 quos
290 3483 419 3540 vocant
444 3470 587 3559 gladiis,
619 3471 832 3562 pontificem.
888 3469 1074 3544 Praetereo
1099 3472 1158 3539 in-
1207 3471 1363 3543 liberari.
1412 3467 1506 3539 Nam
1525 3494 1588 3561 per
1605 3465 1779 3540 humanas
1794 3471 2100 3566 deuterosesquid
2114 3498 2200 3567 pro-

167 3597 334 3657 numera‚
382 3572 540 3665 adeoque
576 3574 689 3643 multo
723 3574 895 3644 maxima:
943 3575 982 3645 in
1015 3574 1158 3668 quibus,
1208 3576 1338 3645 fectum
1357 3571 1403 3641 sit
1427 3566 1612 3657 hacteuus,
1638 3596 1713 3641 non
1731 3572 1917 3645 videmus?
1940 3597 2004 3666 per
2025 3596 2116 3668 quas
2128 3588 2201 3646 tam

166 3699 296 3767 magam
319 3674 443 3767 procul
467 3674 576 3749 dubio
604 3674 658 3745 rei
679 3668 901 3747 Christianae
922 3677 1035 3761 malo,
1060 3675 1159 3745 aliud
1208 3676 1321 3746 multa
1369 3697 1388 3742 e
1428 3667 1641 3743 Christianis
1690 3674 1829 3767 placitis
1874 3676 2066 3769 antiquatax
2108 3690 2201 3764 sunt.

168 3774 332 3849 homines
361 3789 466 3870 atque
497 3767 673 3847 Christus
704 3778 844 3851 docent.
900 3774 1083 3873 Denique,
1117 3790 1160 3849 ut
1208 3775 1327 3862 Bella,
1351 3775 1494 3860 foenus,
1515 3774 1691 3845 vindiciae
1714 3776 1835 3847 etalio
1854 3777 1892 3848 id
1915 3801 2028 3867 genus
2043 3781 2202 3870 probau-

167 3879 289 3974 paucis
305 3878 438 3964 dicam,
463 3876 541 3972 lpse
556 3902 575 3947 e
590 3878 848 3969 iurisconsultis
869 3881 1009 3967 audivi,
1035 3879 1159 3973 dispu-
1209 3894 1287 3969 tur,
1310 3878 1439 3974 quibus
1454 3901 1534 3948 cum
1541 3866 1694 3947 Christo
1707 3902 1783 3948 non
1796 3879 1900 3949 video
1917 3879 2098 3974 quomedo
2115 3904 2203 3955 uou-

167 3982 318 4055 tationes
347 3982 392 4051 ad
419 3976 621 4071 Theologos
647 3982 814 4073 relegari,
855 3996 1032 4054 caeterum
1061 3981 1160 4053 iudi·
1209 3982 1340 4054 veniat.
1399 3978 1709 4050 Sacramentorum
1726 3980 1905 4067 rationes,
1928 3982 2097 4076 quasisti
2117 4007 2202 4076 pm-

119 4072 123 4077 ’
168 4085 263 4173 dum
287 4106 407 4155 rerum
430 4078 728 4173 Theologicarum
753 4086 849 4179 apud
874 4108 947 4155 sese
973 4109 1064 4171 esse,
1096 4084 1160 4179 qui
1211 4084 1389 4167 diderunt,
1405 4077 1564 4151 Iudaicas
1574 4080 1680 4173 plane
1694 4082 1925 4153 caerimonias
1939 4084 2088 4177 spirant.
2107 4082 2203 4157 Gus-

169 4185 334 4261 eeclesiae
357 4183 484 4277 placita
507 4185 749 4276 profiteantur.
815 4186 957 4259 Scilicet
985 4181 1041 4257 his
1063 4186 1161 4258 arbi·
1210 4186 1258 4257 tia
1279 4179 1414 4255 Christi
1432 4182 1626 4273 ignoratur.
1677 4174 1791 4253 Plato
1810 4180 2064 4281 Aegyptiarum
2088 4187 2203 4278 legem

168 4288 234 4361 tris
260 4287 371 4380 probe
394 4286 594 4358 consultum
619 4301 671 4358 est
690 4288 797 4359 sacris
819 4290 936 4363 rebus.
995 4286 1072 4359 lam
1091 4283 1160 4360 hac
1209 4286 1317 4359 fuisse
1331 4285 1473 4370 scribit,
1498 4286 1655 4378 nequod
1670 4285 1710 4353 in
1726 4309 1823 4357 sacra
1838 4311 1972 4358 novum
1985 4312 2131 4359 mrmeu
2144 4312 2202 4359 re·

167 4390 325 4471 ratione,
351 4400 438 4481 quot
459 4400 581 4481 putas,
605 4384 737 4476 Hesse,
763 4392 808 4461 ab
830 4386 1054 4481 Evangelicis
1079 4390 1161 4461 lite-
1210 4389 1396 4482 ciperetur.
1461 4383 1605 4475 Quanto
1628 4387 1747 4457 minus
1769 4389 2064 4460 committendum
2087 4404 2203 4463 erate

168 4492 220 4561 ris
234 4485 405 4562 hactenus
421 4504 584 4587 avocatos
607 4492 703 4563 esse?
728 4493 792 4586 qui
808 4516 906 4564 sacra
920 4517 995 4563 non
1010 4517 1029 4562 e
1044 4483 1162 4585 Cleri«¹
1210 4491 1333 4577 nobis,
1371 4503 1413 4560 ut
1437 4488 1597 4561 doctrina
1626 4511 1807 4559 sacrorum
1831 4489 2028 4577 divinitus,
2053 4491 2204 4588 ipsoque

167 4600 243 4674 sle,
270 4591 331 4661 sed
356 4615 397 4664 ex
422 4588 677 4663 commenticiis
700 4586 889 4667 hominum
909 4595 1160 4667 traditionibus
1211 4593 1270 4666 dei
1292 4592 1366 4661 filio
1385 4605 1508 4661 autore
1530 4590 1689 4683 prodita,
1729 4590 1985 4663 commenticiis
2012 4588 2204 4667 hominum

169 4694 318 4788 petenda
337 4716 411 4764 esse
426 4694 603 4765 viderunt.
654 4680 832 4783 Obsecro,
857 4697 1025 4769 studiosis
1041 4697 1159 4790 inepte
1210 4692 1463 4766 traditionibus
1478 4705 1686 4765 mutaretur.
1736 4687 1785 4764 Et
1798 4716 1977 4787 nusquam
1992 4696 2227 4775 noninoelr

142 4794 146 4800 ’
169 4796 377 4868 commendo
395 4818 508 4871 sacras
525 4795 661 4881 literas,
683 4820 798 4869 cuma
816 4799 1070 4871 traditionibus
1090 4794 1161 4869 hu·
1211 4803 1267 4869 cat
1280 4791 1453 4882 Christus,
1476 4817 1650 4888 nusquam
1665 4817 1740 4864 non
1753 4791 2091 4889 monent-Apostoli,
2113 4822 2205 4893 quo-

168 4899 283 4970 manis
297 4897 430 4967 arroso?
463 4920 544 4969 cum
559 4899 753 4985 admoneo,
777 4900 950 4971 iudicium
969 4925 1089 4973 rerum
1104 4924 1161 4971 sa-
1211 4924 1293 4970 rum
1326 4897 1450 4968 literae
1494 4895 1618 4966 divino
1648 4894 1830 4967 beneficio.
1862 4897 1915 4968 ad¹
1939 4912 2062 4973 nostra
2091 4920 2204 4995 usque

61 5029 67 5044 ·
169 5024 309 5073 crarum
343 5024 385 5069 ex
406 4996 631 5090 Evangelicis
655 5001 785 5088 literis,
827 5027 901 5072 non
929 5027 949 5073 e
976 5003 1161 5097 quibusvis
1210 5014 1369 5092 tempora
1400 5011 1611 5093 propagatae
1642 5010 1743 5083 sunt,
1779 4993 1967 5069 hominurn
1994 5002 2204 5075 traditiones

169 5103 306 5174 lacunis
334 5102 526 5195 petendum
550 5102 646 5173 esse?
687 5100 785 5175 Haec
809 5105 1065 5189 admonebant,
1098 5128 1162 5175 cur
1212 5102 1395 5173 cavendas.
1444 5098 1585 5193 Horum
1604 5100 1772 5171 autoritas
1786 5101 1868 5171 vide
1886 5126 1994 5195 quam
2008 5098 2104 5173 nihil
2120 5104 2203 5176 ino·

170 5207 214 5275 de
235 5200 403 5274 humanis
425 5199 736 5276 constitutionibus
757 5230 1012 5299 proponerem,
1037 5207 1162 5296 vulga-
1211 5203 1381 5288 moverit,
1404 5203 1469 5297 'qui
1483 5216 1537 5273 tot
1548 5201 1791 5273 sanctionibus
1805 5204 1985 5274 ecclesiam
2000 5205 2204 5302 illaqueant,

170 5306 271 5378 ribus
301 5307 533 5398 opinionibus
560 5308 729 5397 refragari
759 5308 877 5399 coepi,
916 5322 1161 5398 argumentum
1213 5319 1264 5377 tot
1284 5305 1388 5396 nugis
1409 5304 1590 5399 garrisque
1603 5299 1740 5374 scholas
1756 5300 1991 5397 Theologicas
2006 5309 2204 5381 innectunt.

170 5435 191 5481 a
223 5409 455 5502 scriptoribus
485 5408 565 5479 aliis
593 5433 658 5502 per
688 5410 915 5481 incredibiles
937 5405 1161 5507 labyrinthos
1213 5407 1267 5479 Te
1302 5407 1460 5501 adpello,
1506 5403 1555 5477 H
1556 5396 1672 5487 esse,
1711 5405 1775 5500 qui
1803 5431 1977 5481 oceanum
2006 5410 2205 5489 infelicium
