4500 5782
48 234 130 318 Md
249 274 252 278 ’
370 309 378 349 ⁸
620 224 1319 314 E'PlSTOLARUM'Llssslit'
1366 224 1517 317 '1522'
1686 238 1689 245 ’
2005 242 2081 319 914
2180 314 2185 322 ,

47 416 207 510 proiecto
223 415 351 485 melius
367 434 447 484 eran
464 412 527 481 illo
553 412 609 501 agi
631 423 810 502 putarem,
836 409 866 477 si
886 430 1044 476 morere-
1093 432 1174 495 rus,
1197 411 1316 482 literas
1331 435 1351 480 a
1365 434 1422 479 me
1436 396 1616 499 flagitavit.
1667 396 1761 480 Nam
1775 435 1838 503 ego
1855 410 1887 483 si
1902 414 2093 508 quotidiaae

47 532 126 603 tur,
151 518 306 613 quamsi
321 517 423 584 vivus
444 514 488 582 irr
498 513 674 582 eiusmodi
686 511 845 579 miserias
861 509 1043 592 incideret,
1092 535 1160 585 nos
1172 511 1375 582 tabellarios
1389 506 1575 595 haberem,
1600 507 1694 582 nihil
1714 538 1894 603 gravarer,
1917 516 1974 585 vel
1990 528 2080 611 qu'o-

49 620 93 689 in
126 620 248 713 quales
279 640 360 707 ego,
405 615 523 684 nescio
557 615 755 707 quomodo,
794 611 1044 703 praecipitatus
1093 612 1181 682 tidie
1202 617 1247 683 ad
1270 628 1304 683 te
1329 615 1493 687 seribere.
1551 610 1642 682 Cum
1673 617 1818 685 domum
1843 641 1884 686 ex
1906 615 2081 709 Torgensi

48 742 143 793 sum,
190 716 283 790 Etsi
302 715 464 813 physicas
487 714 867 807 rationescsequimur,
891 724 1043 781 mortem
1093 715 1219 784 itinere
1247 717 1449 798 rediissem,
1491 714 1613 783 inveni
1639 739 1784 785 uxorem
1812 742 2020 809 puerperam
2046 734 2081 790 et
2175 768 2190 797 s

31 824 86 901 ‚ei
101 824 261 892 minatur
278 817 364 905 hoc,
389 819 485 912 quod
506 818 715 886 immaturus
732 816 771 882 in
794 814 908 883 lucem
928 814 1043 882 editus
1084 831 1232 886 auctam
1248 818 1416 886 familiam
1434 841 1548 886 meam
1569 830 1651 885 nato
1672 819 1793 887 filiolo.
1844 818 1892 890 Et
1913 820 2081 893 domesti-

48 938 115 995 est.
165 920 232 994 Est
248 923 343 992 enim
360 918 624 1012 ἑπταμηνιαῖος
643 931 704 987 aut
726 916 908 1008 aliquanto
932 915 1044 983 serius
1096 942 1155 987 cae
1179 919 1322 1010 quidem
1345 942 1399 986 res
1419 932 1558 988 nostrae
1580 931 1662 987 sunt
1684 920 1904 1006 tolerabiles,
1929 922 1995 991 Dei
2017 924 2082 993 be·
2192 976 2196 983 .

50 1039 168 1098 natus.
220 1024 291 1096 Sed
307 1023 435 1091 omitto
456 1018 553 1091 haee.
1096 1021 1232 1091 nelicio.
1272 1042 1275 1047 ’
1310 1017 1456 1090 Utinam
1488 1019 1650 1111 publicae
1682 1023 1787 1089 etiam
1817 1020 2083 1116 tranquilliores

57 1174 60 1181 ·
108 1166 111 1173 ·
154 1124 225 1196 Fui
238 1120 386 1216 Targae
409 1119 466 1192 his
487 1123 628 1204 diebus,
653 1143 724 1212 quo
747 1133 779 1187 et
795 1110 986 1185 Lutherus
1009 1130 1043 1186 et
1096 1123 1227 1190 essent!
1276 1114 1502 1219 Erfordiam
1516 1136 1596 1190 ante
1610 1144 1740 1211 paucos
1754 1122 1828 1191 dies
1843 1127 1986 1194 adducti
2000 1142 2083 1198 sunt

52 1223 282 1299 Ρυπιεναηυε
298 1225 454 1295 accersiti
472 1238 572 1294 erant
590 1235 735 1313 propter
751 1218 1043 1289 deliberationem
1096 1219 1372 1314 abalienatores
1381 1273 1393 1307 ,
1419 1223 1450 1291 si
1466 1248 1540 1293 non
1554 1223 1675 1304 fallor,
1701 1226 1978 1317 quatuordecim.
2017 1224 2083 1299 Est

53 1331 234 1425 quandam
263 1330 308 1397 de
340 1326 557 1417 inspectione
585 1321 824 1392 Ecclesiamm
846 1314 895 1413 *).
959 1314 1043 1388 Lu·
1096 1326 1134 1393 in
1149 1319 1205 1392 his
1219 1317 1381 1394 sacerdos
1398 1325 1500 1394 etiam
1516 1324 1701 1417 quispiam.
1737 1323 1785 1395 Et
1799 1327 1889 1396 circa
1902 1321 2084 1398 Gollhom
2172 1404 2189 1416 -

52 1426 197 1514 tharas,
227 1429 295 1500 Dei
322 1428 507 1511 beneficio,
532 1427 616 1495 satis
641 1420 764 1493 hilaris
789 1436 881 1506 erat,
907 1420 1044 1491 tametsi
1095 1449 1244 1516 magnus
1260 1421 1630 1496 numerushominum
1651 1427 1726 1496 eius
1749 1428 1912 1498 factionis
1931 1454 2004 1501 esse
2026 1430 2083 1503 di.

53 1533 287 1627 querebatur,
312 1554 348 1599 se
365 1529 516 1599 subinde
536 1523 651 1596 adhuc
675 1522 817 1596 concuti
840 1525 935 1604 istis,
957 1544 1044 1616 quas
1075 1528 1197 1601 citur.
1258 1526 1428 1597 Nondum
1450 1529 1494 1596 ab
1515 1522 1704 1625 Ersordia
1726 1529 1863 1615 audivi,
1891 1533 1977 1624 quid
1998 1556 2083 1625 pro-

53 1634 140 1720 seis,
165 1632 441 1714 tentationibus,
467 1656 505 1699 ae
525 1630 575 1698 ita
597 1628 790 1719 prosterni,
815 1639 856 1695 ut
877 1626 1043 1694 valetudo
1096 1631 1260 1698 liteantur
1278 1633 1415 1721 praeter
1429 1626 1472 1700 τὸ
1488 1624 1821 1723 ἀναβαπτίζεσθαι.
1873 1629 1950 1723 Ego
1965 1647 2083 1705 autem
2130 1636 2133 1646 “

54 1739 163 1806 etiam
176 1735 385 1805 laederetur.
426 1730 738 1801 Collocutisumus
755 1723 837 1821 περὶ
854 1731 919 1818 τῆς
934 1723 1044 1818 εὐχα-
1095 1727 1188 1800 nihil
1218 1733 1363 1811 dubito,
1403 1731 1492 1823 'quin
1521 1731 1633 1802 multa
1663 1733 1729 1800 alia
1744 1718 1845 1802 'mala
1865 1728 1951 1804 haee
1975 1737 2082 1827 pestis

54 1831 208 1932 (κστίαςι
281 1834 335 1904 De
362 1858 431 1926 qua
459 1856 538 1902 cum
569 1831 679 1900 multa
714 1831 839 1899 timide
869 1829 1046 1919 disputas·
1095 1856 1213 1902 secum
1242 1828 1377 1904 habeat.
1444 1831 1589 1925 Reliqui
1612 1847 1695 1904 sunt
1714 1829 1935 1908 Monelarii.
2002 1824 2082 1910 Hoc

54 1962 147 2023 sem,
174 1937 263 2006 dixit
278 1930 388 2019 mihi,
413 1937 509 2027 quod
526 1934 677 2001 libenter
699 1931 906 2016 audiebam,
931 1953 967 1999 se
983 1928 1045 1997 lir-
1095 1933 1207 2023 magis
1234 1934 1311 2003 istic
1343 1934 1569 2022 advigilabis,
1613 1958 1658 2002 ne
1688 1960 1730 2005 eo
1763 1952 1879 2028 serpat
1909 1942 2082 2029 contagio.
2146 1944 2150 1950 '

53 2040 215 2109 missimo
232 2038 351 2107 animo
367 2037 497 2104 sentire
513 2059 573 2119 ea,
599 2057 690 2126 quac
704 2033 887 2104 docuisset.
941 2028 983 2100 ld
999 2031 1045 2099 ad
1096 2034 1236 2124 Quaeso
1259 2049 1308 2120 te,
1341 2024 1371 2104 si
1391 2024 1500 2105 habes
1522 2037 1690 2124 imagines
1708 2038 1879 2129 principis
1896 2030 2084 2128 Friderio'

55 2156 89 2212 te
110 2140 236 2224 scribi,
264 2139 417 2208 iudicavi
432 2139 507 2206 fore
523 2160 650 2227 operae
666 2135 830 2228 pretium.
1097 2162 1239 2208 excusas
1261 2164 1279 2207 a
1297 2132 1462 2217 Duram,
1496 2151 1565 2207 tam
1590 2138 1736 2223 multas,
1767 2165 1839 2210 uno
1862 2154 1902 2210 ut
1922 2144 2082 2234 exemplo

127 2240 317 2321 'Rediens
333 2240 371 2307 in
387 2235 624 2327 Thuringiam
640 2237 758 2327 accepi
773 2236 1045 2304 secundumvo·
1097 2262 1213 2309 carere
1237 2241 1368 2333 possis,
1406 2252 1447 2308 ut
1470 2232 1538 2308 huc
1559 2233 1647 2306 mihi
1675 2264 1786 2310 unum
1814 2243 1942 2315 mittas.
1981 2243 2082 2315 'Nos

55 2345 180 2416 lumen
193 2339 368 2413 Erasmici
383 2335 659 2435 o‘rrspaomocod
667 2389 679 2423 ,
706 2360 813 2431 quem
834 2350 873 2406 tu
887 2336 1045 2428 putabas,
1097 2342 1298 2411 curabimus
1314 2364 1380 2432 pro
1399 2363 1472 2411 uno
1489 2340 1554 2410 tibi
1578 2342 1689 2409 multa
1710 2344 1866 2434 exempla
1885 2368 1904 2414 a
1920 2340 2081 2433 Domo,

55 2442 183 2540 ssim
214 2434 440 2523 λειπθτᾶξίθν
471 2463 545 2509 ¹¹0ss
579 2441 778 2508 rediturum
811 2439 849 2505 in
878 2459 1045 2529 pugnam.
1097 2465 1177 2510 cnm
1199 2442 1354 2534 primum
1375 2443 1578 2532 poterimus.
1633 2439 1712 2510 Hoc
1736 2444 1782 2513 ita
1800 2446 1873 2535 peti
1888 2447 1998 2516 abste
2014 2434 2082 2541 pir-

56 2546 194 2617 Verum
211 2545 319 2614 rediit
333 2545 393 2612 ille
416 2542 507 2612 dolis
529 2542 721 2610 instructus
743 2553 777 2608 et
799 2552 872 2608 arte
891 2534 1046 2627 Pelasga,
1096 2559 1167 2628 tes,
1204 2557 1244 2613 ut
1267 2557 1382 2613 tanren
1406 2542 1511 2628 scias,
1549 2566 1606 2612 me
1632 2538 1725 2612 nibil
1750 2546 1858 2630 velle,
1895 2550 1990 2643 quod
2015 2532 2104 2622 tib-i‘

52 2662 97 2719 ut
118 2645 248 2716 Poetae
273 2645 392 2714 verbis
418 2659 508 2714 utar.
576 2642 774 2710 vaferrime
799 2640 894 2709 enim
921 2640 1046 2707 evertit
1096 2658 1273 2736 praestare
1289 2667 1413 2736 parum
1432 2646 1658 2715 commodum
1673 2645 1728 2718 sit.
1782 2646 1879 2717 Vale.
1914 2646 1968 2721 Ex
1985 2647 2081 2726 Iena,

56 2751 200 2832 omnia,
224 2770 313 2840 quae
335 2745 465 2815 obiecit
486 2737 688 2816 Lethaeas.
740 2741 811 2813 Sed
833 2744 869 2810 id
893 2764 982 2833 opus
1002 2742 1046 2809 de
1097 2747 1165 2817 Dic
1178 2745 1305 2816 Martis
1319 2741 1412 2835 μετὰ
1430 2741 1499 2837 τὴν
1513 2751 1577 2839 τῆς
1591 2742 1768 2827 Λουκίας.

36 2942 39 2947 Ι
56 2850 165 2940 vulgo
181 2872 285 2918 nemo
298 2847 476 2945 intelligit.
518 2841 584 2914 Est
598 2846 694 2912 enim
708 2845 894 2912 confusum
908 2869 947 2912 ac
963 2866 1046 2933 pro·
1832 2848 2030 2946 Philippus,

59 2952 190 3034 lixum,
215 2974 280 3019 nec
296 2950 398 3020 facile
419 2961 488 3031 est,
513 2960 643 3015 certam
664 2946 817 3014 auctoris
837 2945 1046 3014 seutentiam

60 3052 98 3122 in
115 3047 172 3121 his
188 3051 394 3140 ambagibus
409 3050 535 3138 longae
552 3047 798 3137 disputationis
815 3040 1046 3137 comprehen-
2136 3092 2145 3105 .

59 3156 154 3226 dere.
204 3152 275 3223 Sed
299 3176 417 3220 coram
441 3151 484 3219 de
509 3145 564 3218 bis
585 3151 690 3217 rebus
711 3149 955 3241 colloquemur
979 3146 1047 3215 ali-
1107 3122 1275 3198 Notati.
1913 3145 1971 3205 20.
1987 3138 2061 3203 Deo.

43 3252 216 3349 ,quaudo
264 3253 398 3343 Scripsi
413 3264 546 3320 vestrae
559 3249 658 3317 trrbis
671 3250 823 3332 scribae,
841 3273 915 3317 non
929 3244 1047 3317 hercle
1104 3220 1301 3292 Μ·
1444 3274 1569 3358 Iusto
1593 3276 1727 3360 Ionae
1906 3228 2078 3261 Ἃ

59 3362 216 3449 aequans
230 3355 304 3424 eius
319 3354 416 3423 illam
430 3351 774 3442 grandiloqnentiam
788 3345 851 3421 καὶ
864 3343 1047 3443 θαύματα
1577 3357 1579 3360 ’
1727 3343 1738 3365 ⁰

59 3450 249 3550 dqusirwa.
308 3454 378 3526 Sed
409 3470 523 3524 tamen
549 3466 695 3522 conatus
714 3474 793 3521 sum
816 3451 956 3542 plenius
970 3440 1048 3520 ’ali-
1167 3472 1244 3526 nasu
1263 3469 1460 3525 assaradon
1474 3470 1545 3551 asp
1560 3471 1747 3542 capanna
1767 3492 1794 3542 p.
1812 3476 1870 3529 roa.
1908 3478 2082 3546 uanam...

58 3559 150 3652 quid
184 3580 321 3629 sonare.
399 3554 470 3625 Sed
507 3549 599 3621 nihil
634 3553 745 3622 invita
772 3554 868 3622 dices
900 3553 1048 3623 faciesve
1201 3542 1285 3660 mil}
1303 3560 1333 3594 ‘¹
1353 3541 1508 3612 apographo
1522 3558 1550 3592 ¹¹¹
1564 3540 1715 3599 cadosa.
1728 3545 1789 3604 210.
1807 3547 1841 3600 *Β
1855 3549 2022 3620 ³⁰¹⁰sr²1³¹¹⁰
2036 3553 2086 3607 de·

61 3656 239 3731 Minerva.
276 3656 366 3727 Vale
379 3656 528 3725 feliciter
541 3679 623 3723 cum
639 3669 711 3724 tota
726 3655 860 3724 familia
878 3668 947 3739 tua,
967 3677 1050 3724 vos-
1200 3628 1273 3680 ΜΨ
1286 3629 1312 3663 ⁰’

60 3785 133 3854 (pre
149 3784 271 3831 omnes
288 3753 451 3829 Christus
464 3769 589 3829 servet.
1434 3744 1570 3838 Iusto
1596 3764 1625 3837 I
1630 3793 1682 3839 on
1693 3791 1752 3845 aa,

10 3990 12 3995 Ι
734 3978 737 3984 .
801 3852 999 3949 Ph¹l¹pp¹¹⁸
1101 3878 1145 3969 S.
1162 3897 1208 3974 D.
1259 3896 1374 4006 llalde
1388 3901 1541 3974 delector
1555 3905 1670 3976 officio
1687 3920 1764 3994 tuo,
1787 3914 1889 4003 quod
1900 3908 1993 3983 nihil
2008 3936 2089 4005 gra-

63 4075 179 4103 w·-
1102 4002 1196 4072 varis
1212 4015 1272 4072 tuo
1286 4006 1431 4095 sumptu
1447 4004 1568 4076 literas
1588 4000 1656 4079 huc
1674 4009 1823 4097 mittere,
1845 4010 1895 4096 ut,
1918 4018 2088 4106 quoniam

186 4136 190 4149 .
774 4201 792 4208 -
988 4102 991 4107 ’
1104 4102 1205 4175 aliter
1227 4128 1302 4172 non
1325 4119 1425 4195 potes
1448 4100 1515 4175 hoc
1537 4121 1711 4198 tempore,
1744 4137 1808 4202 per
1829 4114 1992 4204 epistolas
2008 4141 2089 4189 cum

74 4203 143 4275 No.
159 4198 245 4276 485.
894 4212 949 4272 18.
964 4203 1040 4269 Dee.
1104 4207 1308 4274 absentibus
1323 4206 1444 4274 amicis
1460 4206 1683 4302 colloquaris.
1733 4209 1787 4282 De
1804 4216 2006 4288 valetudine
2029 4233 2091 4293 tua

69 4299 244 4331 Μ
392 4361 430 4449 G
496 4361 532 4448 S
666 4370 673 4388 ,
876 4296 1048 4323 m
1106 4330 1207 4396 saepe
1230 4308 1386 4397 profecto
1408 4308 1541 4399 cogito,
1565 4335 1629 4397 nec
1651 4336 1732 4382 raro
1757 4315 1796 4384 in
1817 4329 1849 4387 te
1869 4317 2090 4409 diligentiam

432 4395 467 4451 θ·
527 4367 735 4475 palatim·
982 4449 991 4462 ·
1106 4407 1209 4477 in'ea
1233 4410 1389 4495 curanda
1413 4411 1569 4505 requiro.
1628 4410 1732 4484 Nunc
1758 4417 1860 4511 quia,
1891 4415 1958 4489 Dei
1983 4423 2091 4515 bene-

85 4524 88 4531 Ι
135 4570 155 4633 1·
179 4563 218 4619 Er
243 4571 349 4633 autogr.
374 4560 506 4615 Melantb.
529 4560 558 4614 in
580 4560 641 4617 cod.
662 4560 742 4614 Besil.
765 4561 793 4615 F.
815 4563 875 4617 101.
899 4563 977 4629 epist.
993 4563 1054 4636 90„
1106 4509 1203 4629 εἰᾶθ’
1232 4509 1466 4607 convaluisti*
1484 4512 1611 4607 Pr'ecm'
1633 4510 1833 4604 Christum,
1856 4534 1895 4590 Ui
1918 4535 1954 4592 ῘΕ
1978 4539 2091 4613 Sfflei

68 4626 87 4709 ⁸·
169 4635 246 4688 euius
258 4629 431 4709 inscriptioni
445 4628 588 4700 adscripsit
602 4627 769 4700 spalatinae:
790 4649 852 4683 ann.
868 4631 945 4687 1527.
1107 4610 1339 4695 incolumem,
1370 4627 1404 4683 ei
1426 4614 1608 4686 confirmet
1629 4616 1741 4703 vireS,
1766 4634 1807 4690 ui
1828 4621 1948 4693 vivete
1969 4628 2092 4718 possis,

82 4722 87 4743 2
125 4744 166 4858 ,D
213 4784 251 4860 G
380 4787 386 4802 ι
451 4780 482 4856 S
638 4782 646 4800 ο
846 4787 853 4804 .
1106 4702 1379 4782 er'viderefilios
1397 4712 1551 4784 filiorum
1568 4732 1722 4792 tuorum.
1772 4710 1912 4794 Nuneo
1931 4724 2091 4819 Calliope

167 4840 177 4859 .
259 4811 413 4880 sergio
485 4782 724 4884 palatano.
772 4811 998 4859 omrcosuo
1107 4822 1171 4886 fle,

455 4911 670 4986 praesepem,
1208 4912 1370 4985 Scribam
1393 4916 1487 4985 enim
1511 4920 1554 4989 de
1581 4922 1817 5009 dissensione,
1843 4951 1931 5019 quae
1955 4952 2092 4999 mecum

68 5022 114 5114 S,
130 5038 177 5116 ῃ,
225 5037 325 5110 Fecit
341 5052 501 5108 amanter
520 5038 674 5130 optimus
696 5037 853 5123 iuvenis,
876 5052 957 5112 quus
983 5045 1057 5114 col,
1108 5010 1248 5085 [slebio
1274 5039 1346 5087 esse
1370 5018 1529 5107 videtur,
1567 5022 1702 5116 tibique
1725 5025 1982 5116 simplicissime
2002 5027 2093 5103 daeo
2179 5028 2195 5041 '

54 5146 145 5235 lega
161 5134 392 5225 Gratianus,
422 5140 519 5232 quod
539 5164 620 5210 cum
640 5154 732 5210 esset
750 5141 830 5210 istic
856 5138 925 5212 iter
944 5145 1057 5215 iactn-
1108 5117 1247 5189 παθῶν
1269 5115 1334 5189 καὶ
1348 5116 1572 5214 προοιμίων»
1596 5124 1691 5194 iulii*
1716 5141 1856 5196 ¹¹⁰⁵“a‘
1871 5131 2021 5202 θῖνῑῑθῗῖὓ
2042 5134 2094 5202 ¹⁸·

867 5232 870 5236 ·
1109 5243 1206 5309 gem,
1237 5221 1348 5289 animi
1370 5223 1440 5292 mei
1474 5247 1573 5321 sensa
1598 5221 1624 5317 ¹)
1646 5244 1827 5333 exponam.
1885 5229 1968 5302 Non
1992 5234 2094 5323 igno-

71 5299 307 5318 ω

90 5391 136 5459 ⁴)
154 5387 197 5443 De
211 5387 264 5441 lroc
275 5385 372 5439 itinere
387 5382 439 5438 vid.
451 5399 522 5454 quat
535 5382 566 5437 in
577 5344 678 5441 Annei.
694 5383 770 5441 visse
783 5385 851 5443 Met.
868 5389 992 5449 diximus·
1147 5413 1173 5480 1)
1191 5412 1274 5466 sanb,
1288 5425 1415 5469 sensum,
1472 5354 1476 5361 Ι
2044 5414 2116 5452 -Ί-
2150 5347 2153 5353 ¹

73 5486 252 5552 thiam
266 5478 370 5544 orn.
395 5473 521 5543 voni
1323 5480 1373 5555 53
