4500 5782
150 176 205 325 ἰι
520 240 525 249 ·
779 229 1584 314 urrsronaauuma.1.1s1c
1783 344 1785 351 ,
2150 244 2199 335 ιι

162 417 309 516 perinde
327 425 432 507 atque
450 406 686 500 Tragoediae,
709 406 862 499 publicis
884 408 1050 479 celebrati
1072 432 1152 503 spe·
1202 434 1287 481 nam
1308 409 1347 480 in
1363 401 1499 480 Plauti
1513 410 1695 483 comoedia
1715 412 1917 508 desydcrari
1936 436 2199 509 nonnunquam

163 518 326 601 etaculis,
347 536 512 604 magnam
526 522 649 603 poetae
663 510 840 595 laudem,
858 510 1029 580 maiorem
1050 509 1154 581 audi-
1202 507 1344 608 πρέπον
1370 511 1482 587 aiunt.
1533 508 1582 584 Et
1604 512 1668 607 qui
1701 515 1819 585 statim
1848 515 1958 586 secuti
1989 529 2072 587 sunt
2102 515 2196 599 illos,

163 622 234 697 tori
252 613 517 711 componendae
532 610 625 680 vitae
641 612 816 682 rationem
831 628 1054 713 pepererunt.
1085 608 1154 685 At·
1204 609 1397 683 Terentius
1411 628 1516 708 atque
1529 605 1723 700 Lucilius,
1746 630 1820 687 arte
1839 619 2037 712 superiores
2057 612 2197 689 luben-

113 744 116 749 ·
164 746 234 820 que
260 716 346 791 haec
377 729 461 810 supt
482 714 685 785 comoediae
713 713 833 800 initia,
863 708 949 783 haec
972 728 1025 784 est
1048 710 1155 785 etiam
1205 729 1264 786 tur
1279 709 1520 811 Quintiliano
1535 730 1632 791 teste.
1678 715 1750 788 Sed
1771 719 1811 788 in
1825 732 1988 791 nostrum
2012 742 2120 789 omne
2138 732 2195 791 to-

164 827 264 908 linis,
289 836 331 891 ut
356 844 397 889 ea
418 842 483 887 ceu
507 816 685 905 regendae
708 814 801 884 vitae
832 816 975 906 speculo
1000 831 1155 888 utamur.
1206 818 1275 887 tius
1291 819 1493 888 comoediae
1508 817 1692 909 ingenium
1707 821 1904 899 conterunt.
1954 817 2079 915 ltaque
2096 844 2196 891 sama-

166 929 206 997 id
235 923 333 1019 quod
365 922 452 991 adeo
479 919 677 1008 accepimus
706 917 780 986 illis
809 918 1036 1005 observatum
1064 932 1156 989 tem·
1205 920 1330 989 matim
1346 919 1390 989 de
1404 920 1516 989 latina
1530 920 1711 991 comoedia
1727 921 1881 993 diximus
1888 947 1898 1009 3
1925 922 1969 995 de
1977 921 2195 993 Terentiana

165 1028 333 1123 poribus,
367 1037 408 1092 ut
432 1043 617 1121 nunquam
639 1034 763 1111 postea
784 1042 896 1089 annos
919 1020 1050 1089 multos
1082 1041 1156 1089 non
1188 1021 1311 1113 -longe
1326 1022 1490 1114 pluribus
1508 1045 1665 1113 agerem,
1689 1022 1761 1093 nisi
1780 1023 1934 1095 aliorum
1955 1022 1995 1093 in
2012 1046 2125 1095 manu
2141 1047 2197 1094 es-

165 1136 332 1224 frequens
350 1124 457 1194 lrrcrit
473 1123 513 1191 in
529 1115 804 1191 Atheniensium
825 1121 938 1191 oerrlis
953 1119 1156 1193 Comoedia.
1208 1136 1286 1193 sent
1310 1123 1566 1196 commentarii.
1615 1120 1739 1218 Neque
1768 1148 1851 1195 vero
1880 1126 1925 1195 de
1952 1139 2077 1217 poetae
2108 1124 2196 1195 arti-

152 1234 231 1303 'sed
247 1228 386 1298 minore
402 1225 584 1319 aliquanto
610 1223 772 1309 licentia,
798 1225 942 1316 quando
964 1237 998 1292 et
1021 1224 1158 1315 reliqua
1208 1224 1287 1295 ticio
1311 1226 1427 1310 aliud,
1457 1249 1564 1319 quam
1590 1227 1686 1319 quod
1705 1220 1894 1297 Erasmus
1912 1218 2199 1311 Roterodamus,

166 1348 289 1405 vatum
308 1351 412 1421 opera
430 1326 500 1395 iam
515 1325 753 1394 audiebantur
769 1325 940 1417 undique.
989 1320 1082 1393 Nam
1100 1325 1159 1392 in·
1210 1321 1296 1419 O'pt.
1312 1324 1408 1399 Max.
1430 1327 1614 1398 literarum
1639 1351 1797 1418 praeses,
1824 1327 1893 1413 ait,
1925 1352 1999 1399 csse
2021 1328 2198 1421 optimum

170 1440 334 1516 diruerat,
375 1444 415 1499 ut
445 1426 569 1496 scribit
593 1418 821 1506 Athenaeus,
856 1426 895 1494 in
919 1420 1094 1511 Theatra,
1124 1437 1160 1494 et
1210 1428 1353 1497 dicendi
1369 1420 1768 1499 artificcmTerentium.
1805 1426 1889 1501 Non
1905 1430 2051 1517 dissero,
2066 1430 2198 1523 quibus

107 1570 113 1577 ·
169 1537 315 1632 quidem
338 1531 474 1622 primus
488 1523 700 1597 Demetrius
723 1528 784 1597 ille
805 1519 1008 1597 Phalereus
1024 1526 1160 1598 Home-
1211 1530 1271 1599 iile
1288 1530 1427 1620 figuris,
1452 1554 1523 1625 qua
1547 1529 1736 1620 elegantia,
1761 1556 1832 1625 quo
1853 1532 1979 1601 decore
2001 1530 2198 1619 orationem

167 1640 267 1711 ridas
281 1658 343 1703 scu
357 1628 588 1722 Rhapsodos‚
615 1644 650 1699 et
667 1622 882 1697 Aristarchi
894 1630 1077 1721 diligentia
1092 1629 1158 1697 isto
1211 1655 1317 1725 supra
1353 1630 1577 1702 communem
1616 1632 1841 1721 ingeniorum
1881 1632 1995 1701 'aleam
2023 1631 2198 1705 extulerit·

168 1744 242 1812 lere
272 1735 388 1804 seculo
418 1732 504 1801 libri
543 1730 727 1801 Homerici
766 1725 990 1801 habebantur
1019 1730 1160 1819 integri.
1211 1758 1319 1827 qrram
1349 1732 1484 1825 primae
1515 1732 1717 1804 comoediae
1747 1734 1892 1804 iuvenes
1923 1746 2045 1803 ament
2071 1747 2207 1821 sancte,

169 1840 351 1915 Femutur
365 1835 449 1903 item
467 1857 574 1924 opera
589 1827 791 1912 Demetrii,
816 1848 979 1924 poemata
993 1824 1161 1914 Hesiodi,
1212 1848 1335 1919 contra
1343 1858 1451 1929 quam
1459 1833 1530 1902 sint
1544 1834 1655 1927 inepti
1664 1836 1836 1905 secundae
1846 1835 1986 1907 fabulae
1993 1826 2199 1917 Phaedria,

169 1928 402 2022 Archilochi,
424 1926 654 2029 Phocyiidae
676 1934 801 2025 primis
822 1930 1020 2003 honoribus
1041 1933 1162 2025 publi·
1212 1926 1399 2018 Chaerea,
1431 1934 1603 2029 milesque
1631 1928 1805 2018 Thraso,
1835 1960 1943 2030 quam
1963 1959 2037 2005 sese
2061 1936 2199 2027 impru-

105 2100 109 2107 .
171 2059 257 2117 cata.
308 2037 363 2110 De
389 2034 525 2107 Graeca
547 2037 729 2106 comoedia
749 2037 885 2106 dictum
910 2050 962 2105 est
983 2032 1162 2129 hactepus,
1212 2040 1337 2107 denter
1360 2039 1400 2105 in
1423 2035 1529 2107 tertia-
1541 2030 1778 2109 Menedemus
1795 2038 1969 2107 excmrcict
1986 2062 2006 2107 a
2024 2036 2100 2107 lilio
2125 2060 2199 2107 nou

170 2148 226 2219 uti
256 2164 400 2213 mortam
432 2161 552 2209 caussa
577 2137 749 2229 coeperit,
781 2151 822 2207 ut
843 2138 979 2227 ingenti
1005 2136 1162 2229 primum
1212 2142 1307 2210 bono
1326 2138 1494 2213 desertus.
1534 2163 1642 2232 quam
1655 2140 1783 2231 probet
1803 2139 1938 2210 urbane
1954 2132 2089 2227 Mitto,
2114 2137 2199 2231 quid

172 2243 407 2320 admiratione
424 2263 479 2311 res
495 2262 588 2309 nova
602 2236 648 2307 sit
663 2238 767 2310 edita.
800 2237 853 2309 De
866 2262 969 2309 scena
980 2239 1161 2331 reliquave
1213 2242 1253 2310 in
1282 2240 1498 2310 instituenda
1526 2240 1709 2311 iuventute
1731 2241 1843 2333 possit
1869 2240 2082 2325 litteraliter,
2114 2239 2202 2333 quid

76 2426 80 2433 ,
172 2349 326 2441 agendae
343 2343 483 2412 tabidae
500 2339 631 2433 specie,
657 2340 721 2433 qui
736 2341 840 2432 plura
855 2354 993 2433 praeter
1009 2352 1161 2408 caeteros
1212 2342 1408 2414 clementia.
1458 2338 1566 2411 Mitto
1588 2342 1823 2434 multiplicem
1851 2341 1892 2411 in
1911 2336 2043 2436 Ecyra
2072 2340 2204 2411 mulie,

172 2450 288 2532 volet,
322 2437 505 2513 Athenaei
525 2442 787 2529 dissertationes
816 2455 852 2512 et
872 2437 973 2510 Iulii
995 2434 1162 2510 Pollucis
1212 2469 1311 2529 rum,
1335 2458 1370 2514 et
1384 2443 1415 2533 si
1431 2443 1502 2512 dici
1519 2458 1634 2535 potest
1646 2444 1793 2515 stultam
1807 2443 2047 2515 calliditatem.
2091 2438 2203 2517 Mitto

173 2546 445 2623 commentarios
461 2556 566 2635 petat.
592 2536 697 2613 Nuric
707 2569 816 2637 quom
829 2543 873 2612 dc
889 2544 1012 2629 latino,
1026 2537 1064 2611 T
1063 2562 1163 2610 eren·
1213 2570 1320 2639 quam
1357 2544 1562 2639 vulpinetur
1598 2543 1759 2637 improbe
1804 2545 1977 2639 parasitus
2013 2534 2205 2629 Phormio.

173 2652 280 2723 tiano
307 2648 440 2717 scilicet
461 2658 621 2736 poemate
645 2645 778 2743 agitur,
813 2644 951 2715 tametsi
973 2671 995 2713 a
1013 2639 1166 2712 Donati
1213 2645 1331 2717 Multa
1351 2658 1434 2716 sunt
1457 2646 1669 2716 eiuscemodi
1695 2647 1790 2739 apud
1813 2640 1908 2716 hunc
1927 2659 2087 2740 poetam,
2114 2666 2205 2738 quae

173 2740 476 2847 Ben'edictique*)
488 2746 764 2840 praefationibus
773 2746 885 2837 accipi
895 2747 1070 2818 nonnulla
1080 2768 1164 2837 pos-
1213 2747 1541 2840 vitacmoribusque
1550 2744 1729 2839 parandis,
1738 2771 1828 2842 quae
1837 2746 2002 2818 dictionis
2011 2745 2206 2837 elegantiae

136 2924 140 2933 ,
174 2870 278 2939 sunt,
302 2852 432 2922 reterre
456 2863 575 2919 tamen
592 2848 734 2941 putavi,
767 2873 838 2943 apro
859 2848 905 2916 sit
918 2848 1026 2918 modo
1046 2848 1086 2916 in
1100 2870 1164 2915 ur·
1214 2849 1440 2921 conveniunt
1474 2849 1523 2918 ita
1538 2850 1590 2917 rei
1613 2863 1740 2919 natura
1757 2850 1987 2941 introspecta,
2011 2848 2062 2919 ita
2080 2870 2206 2941 perso-

172 2961 257 3028 hem
272 2952 427 3027 Romam
449 2949 585 3020 invecta
611 2950 804 3023 comoedia.
854 2947 946 3020 Nam
971 2951 1002 3018 si
1025 2951 1071 3018 ad
1087 2947 1165 3040 pri·
1215 2976 1280 3021 nae
1296 2946 1456 3033 habitus,
1481 2965 1575 3020 aetas
1598 2964 1633 3021 et
1656 2950 1813 3021 conditio
1835 2952 2021 3021 observata
2047 2962 2111 3023 est.
2162 2942 2208 3035 td

175 3082 271 3130 marn
290 3056 392 3127 urbis
413 3053 587 3143 originem
603 3052 703 3145 quasi
717 3049 938 3143 postliminio
957 3052 1100 3135 redeas,
1125 3046 1165 3117 in
1214 3078 1261 3123 an
1291 3075 1495 3142 graecorum
1525 3052 1761 3122 aemulatione
1789 3065 1942 3143 constet,
1971 3074 2070 3145 anne
2093 3046 2207 3139 latina

49 3162 53 3173 “
175 3160 272 3232 ludis
295 3150 408 3228 ethis
431 3156 576 3249 quidem
599 3154 738 3246 paucis,
771 3153 1003 3224 nominantur
1024 3178 1043 3224 e
1067 3150 1165 3221 statis
1215 3168 1308 3239 arte,
1336 3154 1394 3222 vel
1407 3154 1549 3243 ingenio
1568 3154 1685 3247 potius
1699 3146 1876 3246 liphtico,
1899 3138 2059 3247 fortassis
2071 3146 2208 3241 ambigi

177 3264 367 3344 circenses,
404 3273 438 3327 et
462 3254 581 3327 nescio
608 3280 699 3349 quae
732 3280 848 3341 sacra,
886 3270 1024 3349 practer
1057 3277 1166 3323 vene·
1216 3251 1384 3326 nonnihil
1411 3269 1537 3348 potest.
1595 3254 1668 3326 Sed
1688 3255 1804 3325 dicam
1834 3255 1964 3342 libere,
1996 3252 2143 3348 quando
2158 3263 2209 3339 ct

177 3365 327 3436 caudam
334 3359 553 3451 antiquitatis
563 3359 854 3428 consuetudinem
867 3353 959 3428 nihil
977 3369 1045 3444 est,
1069 3356 1166 3451 quod
1217 3358 1359 3450 ingenio
1375 3381 1436 3425 sua
1453 3358 1530 3426 laus
1546 3371 1607 3442 cst,
1632 3371 1767 3449 partem
1783 3380 1856 3427 csse
1862 3348 2084 3440 Menandri,
2099 3360 2207 3447 quem

177 3465 364 3537 admirere.
413 3459 486 3531 Sed
509 3461 573 3529 illa
591 3472 711 3528 tamur
730 3462 776 3531 ad
800 3472 956 3552 posteros
972 3482 1084 3553 usque
1104 3457 1168 3525 de-
1217 3472 1376 3530 autorem
1398 3453 1540 3543 habuit,
1572 3459 1702 3527 inillis
1724 3460 1901 3533 mutiam
1936 3454 2026 3528 Eius
2047 3450 2117 3525 hae
2134 3454 2210 3523 vir-

176 3572 301 3649 ducta,
328 3575 415 3656 puto
437 3561 532 3655 quod
559 3585 600 3630 ea
625 3562 735 3652 pietas
765 3562 965 3647 videretur,
1004 3572 1047 3630 ut
1068 3556 1168 3628 urbis
1218 3576 1309 3632 tutes
1324 3561 1416 3629 inter
1426 3560 1580 3629 summas
1597 3552 1830 3629 aPlutarcho
1842 3560 2050 3651 laudantur:
2077 3548 2208 3645 „tw

175 3666 316 3741 Romae
340 3687 441 3756 opes,
474 3663 524 3732 ita
546 3660 716 3732 ludorum
739 3662 978 3733 celebritatem
999 3664 1169 3754 frequen-
1218 3655 1445 3754 Μένανδρος
1460 3657 1579 3743 οὕτως
1594 3657 1705 3743 ἔδειξε
1720 3656 1791 3755 τὴν
1807 3657 1914 3748 λέξιν,
1934 3648 2210 3753 d'crcadapttui

179 3771 307 3841 tiorem
336 3765 504 3838 reddidit.
555 3762 651 3833 Hinc
671 3776 706 3832 et
727 3765 869 3834 numeri
895 3788 970 3835 non
997 3763 1102 3856 pauci
1123 3759 1168 3829 ad
1220 3757 1328 3861 φύσει
1347 3759 1412 3835 καὶ
1430 3757 1597 3841 citatiore
1614 3756 1679 3835 καὶ
1696 3756 1819 3859 ἡλικίᾳ
1840 3750 2208 3857 σύμμετρον-εἶναι’

180 3868 482 3963 gesticulationem
507 3866 617 3934 veluti
641 3861 870 3961 Dithyrambi
897 3865 1101 3958 compositi,
1134 3874 1170 3931 et
1221 3866 1303 3956 Quo
1320 3865 1371 3951 fit,
1385 3878 1427 3934 ut
1442 3858 1697 3934 Menandrum
1715 3880 1749 3935 ct
1765 3878 1840 3934 arte
1855 3866 1928 3933 suis
1942 3861 2117 3958 placuisse
2134 3880 2210 3929 crc-

182 3986 273 4044 artes
298 3965 479 4039 hetruscae
502 3968 575 4036 suis
596 3967 743 4036 decorae
764 3967 873 4036 ludiis
895 3968 1169 4061 excipiebantur.
1221 3970 1322 4052 darn,
1348 3968 1490 4061 quando
1513 3967 1594 4037 talis
1610 3981 1661 4037 est
1677 3968 1715 4035 in
1731 3990 1773 4035 eo
1790 3964 2016 4049 oeconomia,
2041 3976 2076 4035 et
2092 3984 2212 4031 exem·

181 4072 257 4145 Has
272 4063 478 4140 Andronici
489 4062 598 4136 Liuii
612 4069 769 4138 studium
782 4082 902 4160 postea
916 4068 1079 4161 expoliit‚
1107 4065 1170 4158 qui
1221 4071 1281 4162 plo
1298 4070 1527 4161 praecipuum
1542 4082 1662 4138 nostro
1676 4068 1801 4154 fuisse,
1824 4067 1921 4162 quod
1938 4088 2022 4136 cure
2039 4077 2075 4135 et
2092 4060 2211 4133 studio

182 4198 265 4248 cum
297 4196 418 4263 graeca
451 4170 595 4241 scientia
632 4170 838 4264 disciplinas
874 4166 1052 4240 hetruscae
1085 4190 1172 4236 eon·
1223 4171 1431 4242 imitaretur.
1481 4167 1668 4239 Caeterum
1690 4171 1729 4238 in
1752 4164 1821 4241 hoc
1847 4181 2008 4263 poemate
2038 4161 2212 4259 spectabis

184 4281 357 4347 iunxerat.
404 4270 547 4342 Primus
564 4272 603 4339 in
617 4272 706 4345 urhe
722 4271 927 4365 spectaculis
939 4272 1080 4341 varium
1095 4289 1173 4338 car„
1222 4286 1256 4341 ct
1272 4273 1385 4340 libero
1401 4272 1525 4361 dignm
1540 4272 1741 4357 sententias,
1766 4284 1800 4339 et
1817 4269 1912 4340 iocos
1921 4267 2059 4361 lepidos
2072 4263 2213 4335 faciles-

183 4400 268 4449 mcu
289 4374 417 4458 edidit,
442 4397 543 4466 epos,
568 4370 815 4459 Comoediam,
840 4371 1021 4466 Satyrum,
1044 4370 1173 4439 veteris
1223 4396 1291 4467 que
1308 4387 1343 4442 et
1357 4374 1446 4441 sales
1461 4374 1637 4458 urbanos,
1664 4373 1847 4463 elegantes,
1872 4394 1948 4441 raon
1964 4370 2114 4463 ineptos,
2139 4386 2215 4433 non

186 4478 389 4550 comoediae
404 4476 606 4563 imaginem,
626 4471 873 4564 Tragoediam.
924 4474 1175 4545 successerunt
1225 4475 1445 4559 invidiosos,
1498 4474 1674 4568 planeque
1708 4470 1969 4565 Menandrios,
2024 4470 2062 4538 id
2114 4466 2213 4591 quod

186 4578 235 4671 Q.
249 4575 422 4658 Ennius,
448 4568 697 4666 b1.1'tauttre,
721 4571 956 4659 CnNeeius,
981 4573 1033 4649 Μ,
1051 4568 1174 4642 Pacu·
1226 4575 1383 4645 Graecus
1398 4577 1463 4644 ait:
1486 4567 1804 4669 „cimeterium
1820 4566 2005 4667 eoprpdtac
2022 4566 2217 4667 ἅφθονων

189 4679 286 4759 rius,
320 4675 467 4747 Statius
488 4667 693 4757 Caecilius,
718 4674 761 4751 L.
781 4672 931 4759 Accius,
963 4677 1093 4770 partim
1114 4699 1176 4742 co-
1226 4670 1374 4772 o‘ctuiu')
1393 4672 1457 4749 καὶ
1476 4674 1597 4772 iepuiv'
1610 4664 1845 4769 μετέχουσιν)
1882 4670 2000 4765 ὥςπερ
2020 4668 2061 4753 ἐξ
2075 4663 2221 4761 taetras

187 4781 337 4865 moedia,
353 4779 481 4871 partim
497 4778 674 4866 tragoedia
692 4779 855 4865 illustres,
871 4780 1032 4873 plerique
1048 4774 1177 4847 carmi-
1226 4773 1439 4879 ycyouhrtuu
1455 4782 1521 4873 τῆς
1538 4771 1737 4870 θαλάττης,
1758 4776 1798 4858 ἐξ
1815 4764 1870 4849 ὧν
1883 4766 2086 4871 'Atppodicq
2103 4766 2222 4871 γίγα-

190 4908 278 4954 nram
294 4878 363 4950 alia
381 4880 495 4972 specie
515 4878 662 4951 laudati.
713 4880 912 4965 arneson,
941 4906 1029 4950 nmn
1050 4878 1178 4972 cuique
1227 4879 1330 4954 aru.n
1387 4876 1446 4949 Ad
1472 4902 1549 4947 cam
1573 4878 1782 4969 elegantiam
1799 4875 1971 4971 peculiari
1994 4873 2107 4966 gratia
2130 4868 2225 4941 facit

190 4986 403 5076 scriptorum
425 4980 545 5071 generi
561 5005 645 5054 suus
660 4983 766 5052 decor
780 4984 875 5074 apud
896 4983 978 5052 illos
998 4978 1178 5053 manserit.
1228 5004 1397 5051 numerus
1419 4978 1595 5050 iambicus
1619 4976 1792 5049 Terentio
1820 4977 2016 5049 familiaris.
2067 4970 2227 5045 Trimee

190 5141 481 5167 ...μ-...-
1008 5112 1014 5125 ·
1056 5128 1059 5133 -
1229 5085 1293 5154 tris
1328 5082 1552 5175 potissimum
1584 5095 1738 5166 constat,
1778 5094 1813 5150 et
1842 5080 2004 5180 longiore
2034 5074 2232 5145 interdurn

241 5209 271 5276 ⁰)
290 5206 327 5263 et.
345 5246 364 5273 „
375 5202 521 5259 Baretta
528 5190 666 5267 mutiet
675 5201 834 5257 tttorenttnt
848 5195 976 5276 partito
988 5222 1070 5277 super
1078 5202 1111 5258 P.
1120 5202 1177 5257 'te-
1229 5202 1350 5268 versu,
1385 5206 1430 5251 ne
1459 5208 1479 5252 a
1501 5185 1655 5276 pedestri
1682 5182 1841 5253 oratione
1871 5182 2034 5251 rideatur
2047 5174 2052 5183 ’
2067 5176 2234 5249 alienus..

293 5275 374 5329 rentii
383 5271 538 5331 Comoediis
550 5270 583 5325 ed
599 5269 711 5325 Petrum
722 5270 856 5327 (Irinitum
864 5273 889 5336 ,”
907 5274 1050 5345 praemisse
1057 5272 1179 5327 Terentii

296 5341 509 5399 Comoediarum
527 5337 653 5402 editioni,
670 5338 897 5425 queeFlorentiae
911 5341 1000 5396 studio
1020 5352 1046 5396 et
1063 5340 1176 5419 impens.

295 5410 367 5471 Phil,
382 5410 530 5467 deGiurte
544 5429 568 5462 a.
584 5409 660 5463 15⁰6.
675 5410 765 5466 rotro
783 5408 895 5482 prodiit.
929 5410 964 5466 F.
1262 5407 1516 5483 'JEdLipupoct
1530 5404 1708 5463 ‹tturettiu
1728 5401 1829 5475 „yet”
1882 5403 1916 5458 F.
