4500 5782
118 223 226 278 nvn
516 274 521 281 ,
632 188 641 217 ’
894 172 1432 325 iiiiii'iaiiioiiinciiax
1762 214 1943 283 aa.

2016 236 2143 321 exvltt

115 380 183 449 trio
200 380 247 450 ita
263 381 423 464 mutavit,
438 394 477 451 ut
492 382 600 451 verbo
619 356 709 451 male
729 382 907 452 intellecto
927 383 997 451 iain
1014 407 1111 454 con-.
1153 381 1220 451 viri
1245 383 1358 467 docti,
1388 385 1468 476 quis
1490 385 1598 455 fuerit
1623 387 1703 472 ille,
1728 388 1790 480 qni
1813 384 1909 457 hunc
1930 389 2065 458 librum
2082 386 2144 457 l'l.

114 481 286 551 venirent·
335 479 448 551 Porro
465 483 504 551 in
520 484 590 553 bue
610 484 840 579 epistolarum
860 508 988 569 annos,
1022 483 1103 576 qui·
1152 484 1312 554 ediderit.
1355 480 1528 578 Soligs'us
1544 489 1681 578 putavit
1697 484 2039 561 fuisseSoudertum
2055 490 2145 582 (vid.

114 584 180 652 biis
201 583 275 653 fere
298 607 421 652 omnes
446 584 614 673 epistolae
634 579 879 655 Melanthonis
904 588 948 655 ad
971 588 1102 656 amicos
1151 583 1245 654 Hisc
1269 588 1332 655 der
1353 584 1488 676 ilugsb.
1508 578 1665 659 Confess.
1688 587 1753 660 Ill.
1786 616 1821 683 p.
1839 586 1943 684 554.)

61 708 65 716 ’
113 685 153 752 in
174 680 241 754 hoc
252 685 352 754 ,libro
368 686 481 757 editae
496 687 536 755 in
550 674 777 777 autographis
793 702 930 772 carent,
955 711 1019 757 suo
1046 685 1102 756 iu·

113 787 207 857 dicio
227 787 352 857 ductus
368 782 596 879 autographis
612 789 697 878 ipsis
716 788 901 885 adscripsit
924 804 960 858 et
979 788 1102 872 edidit,

113 889 246 981 quasia
264 884 497 958 Melanthone
513 890 679 980 adscripti
694 891 851 962 fuissent.
895 888 1101 982 Inscriptio-

113 1016 211 1075 neni,
257 991 341 1060 item
372 991 581 1084 plerumque
612 1017 744 1061 nomen
769 992 1005 1083 subscriptum
1028 1015 1102 1060 non

113 1093 235 1165 edidit.
276 1090 450 1186 Denique,
467 1119 576 1185 quum
593 1092 897 1183 aBaumgartnero
916 1109 949 1162 et
964 1096 1008 1163 ab
1022 1093 1102 1162 aliis

112 1220 253 1288 quoqne
270 1194 309 1262 in
325 1195 554 1286 inscriptione
570 1194 708 1285 sae'pius
725 1195 939 1285 adscriptum
958 1197 1013 1278 sit,
1031 1220 1101 1287 qno

47 1372 54 1378 ,
113 1296 170 1365 die
189 1309 221 1365 et
245 1320 306 1389 per
322 1320 427 1390 quem
446 1297 591 1395 epistola
614 1298 717 1365 allata
739 1297 863 1378 fuerit,
889 1292 983 1365 hunc
1007 1299 1101 1365 dieni

113 1401 150 1466 in
164 1398 243 1471 ¹line
265 1398 492 1488 epistolarum
514 1422 616 1489 saepe
638 1399 794 1482 addidit,
827 1399 926 1490 qnasi
955 1399 1100 1488 epistola

112 1526 152 1568 eo
168 1500 313 1591 scripta,
338 1514 372 1570 et
388 1490 463 1568 dies
479 1527 498 1567 a
515 1496 747 1570 Melanthone
762 1501 956 1591 adscriptus
968 1501 1100 1571 fnisset.

111 1601 208 1671 llaec
231 1601 352 1669 omnia
372 1625 413 1669 eir
429 1597 656 1691 autographis
678 1602 863 1671 emendavi
885 1603 1100 1693 contexique,

111 1725 224 1773 annos
241 1717 273 1773 et
287 1705 379 1786 dies,
407 1726 427 1771 a
444 1699 675 1772 Melanthone
690 1729 762 1772 non
781 1704 947 1793 scriptos,
975 1703 1100 1786 delevi,

110 1805 256 1874 nomina
273 1804 416 1894 propria
431 1805 514 1872 dedi
530 1818 569 1873 ut
584 1805 622 1872 in
635 1800 853 1896 autographo
865 1806 992 1894 scripta
1005 1817 1099 1887 sunt,

111 1921 145 1975 et
178 1905 426 1996 inscriptiones
459 1906 587 1999 adieci,
628 1907 777 1996 exceptis
796 1911 844 1974 'in
868 1906 1025 1996 epistolis
1053 1908 1098 1973 ad

54 2092 60 2103 ‚
111 1995 428 2096 Baumgartnerum
463 2022 497 2075 et
524 2005 647 2078 Vitiim
677 2002 908 2078 Theodorum
940 2008 1024 2076 inde
1054 2008 1099 2076 ab

109 2104 502 2200 ann01640scriptis,
527 2109 610 2201 qnia
632 2110 678 2180 ab
702 2109 765 2178 illo
786 2123 943 2200 tempore
972 2109 1098 2178 inscri-

42 2230 58 2239 ““
109 2213 249 2302 ptiones
267 2211 503 2280 eandem'fere
517 2211 667 2278 formam
685 2234 821 2303 semper
834 2224 986 2283 servant.

210 2325 398 2396 Praemisit
412 2326 459 2409 is,
483 2327 544 2418 qni
560 2322 656 2394 bunc
671 2326 804 2396 librum
820 2340 955 2396 sextum
977 2326 1097 2411 edidit,

108 2422 285 2521 epitaphia
313 2427 384 2496 duo
406 2423 633 2495 Melanthoni
655 2424 885 2498 aTheodoro
899 2426 990 2497 Beza
1011 2431 1096 2498 scri-

106 2546 183 2621 pta,
208 2530 333 2625 landes
352 2527 440 2600 Mel.
465 2553 506 2596 ex
529 2523 703 2613 Thiiano,
730 2544 770 2600 'et
790 2530 942 2623 denique
966 2532 1097 2621 episto-

107 2635 177 2701 lam
199 2628 372 2721 egregfitrn
394 2629 440 2699 ad
460 2630 643 2714 lectorem,
669 2612 857 2724 inquibus
881 2656 955 2701 non
979 2633 1094 2702 solum

107 2737 154 2803 de·
167 2730 438 2825 epistolisMel.,
456 2731 515 2800 sed
531 2731 635 2801 etiam
650 2735 695 2807 de
711 2733 786 2802 eius
799 2734 946 2825 pietate,
963 2722 1096 2804 doctri-¹-

105 2861 163 2921 na,
186 2835 323 2905 meritis
336 2847 408 2903 tam
425 2834 602 2924 praeclare
616 2833 766 2925 scripsit,
790 2849 831 2904 ut
845 2859 921 2903 eam
936 2830 995 2903 hic
1010 2837 1096 2906 sub-

106 2938 321 3029 iungendam
338 2935 578 3026 putaverimus
595 2928 641 3027 *).
676 2933 806 3025 lpcerti
821 2951 938 3005 autem
951 2939 1095 3008 fuerunt

136 3253 163 3318 θ)
181 3247 328 3319 „Quantos
346 3247 385 3300 vir
399 3246 483 3302 fuerit
495 3247 642 3314 Hiili'ppus
654 3247 865 3317 Metunelittion,
889 3247 906 3304 ὁ
926 3247 1103 3320 πανάριστος-

171 3321 276 3377 &siros
287 3319 334 3369 stol
347 3313 509 3386 πάνσοφος,
530 3336 593 3370 cum
607 3317 706 3388 scripta
720 3318 803 3387 ipsius
817 3317 972 3373 doctissima
987 3330 1014 3372 et
1027 3338 1093 3372 saii-

170 3386 302 3447 ctissima‚
319 3394 399 3454 atque
414 3385 447 3438 ad
463 3404 573 3438 omnem
589 3385 771 3453 posteritatem
786 3387 914 3440 duratura
928 3386 1038 3458 publice
1052 3387 1091 3440 lo·

60 3480 69 3506 i
171 3463 309 3528 quantur,
330 3463 390 3505 tiim
404 3453 546 3524 praeclaris
561 3452 693 3508 encomiis
712 3454 843 3508 testificati
861 3464 924 3507 sunt
940 3456 997 3509 Viri
1017 3474 1091 3510 com·

171 3527 262 3596 plures
276 3523 326 3594 pii,
344 3538 437 3592 graias
451 3541 484 3586 ac
496 3520 610 3589 eruditi,
628 3539 691 3576 cuin
708 3521 844 3594 superiori
858 3533 916 3575 tuin
929 3522 984 3577 boc
995 3535 1090 3578 nostro

170 3590 287 3647 saeculo.
331 3590 480 3660 Postquain
500 3599 573 3643 certe
594 3589 637 3644 vir
654 3588 801 3648 maximus,
828 3601 854 3644 et
876 3589 987 3646 heroico
1009 3591 1089 3664 plane

169 3660 264 3733 spiritu
280 3659 416 3730 praeditus
427 3657 737 3724 nursiamcasam,
755 3659 847 3711 beatae
859 3661 1020 3729 memoriae,
1038 3680 1088 3714 so·

169 3741 244 3785 catus
259 3730 292 3782 ab
309 3727 364 3780 alto
378 3725 554 3790 Antichristi,
578 3726 607 3780 iii
630 3725 732 3796 templo
754 3726 805 3781 Dei
826 3727 943 3781 sedentis
962 3730 1088 3801 tyranni·

170 3799 231 3852 dem
249 3806 275 3850 et
292 3796 429 3850 Romanae
442 3795 515 3866 Syna
536 3815 552 3848 o
571 3814 602 3847 ae
622 3794 836 3849 abominationes
850 3795 920 3850 Orbi
935 3795 1087 3852 Christiano

187 3865 320 3920 olefacere
336 3882 416 3917 ausus
430 3874 484 3929 est,
528 3813 594 3916 telis
614 3862 652 3916 illi
672 3863 815 3944 profecto,
844 3874 870 3917 et
888 3864 962 3918 utilis
981 3886 1088 3938 semper

168 3886 310 4005 Phiiippus
324 3930 501 4001 uspuosdsqc
513 3932 573 3995 suit,
591 3950 733 4001 praecipue
748 3940 837 3986 autem
850 3933 878 3986 in
892 3933 1008 4004 publicis
1022 3955 1087 3990 coii-

201 4004 304 4056 essibus
316 4011 342 4054 et
362 4002 467 4055 cunctis
486 3999 543 4053 fere
559 4010 654 4054 contra
666 3999 825 4069 Pontificios
840 4000 975 4056 Doctores
993 4002 1087 4059 habitis

167 4024 394 4154 disputationibus
407 4080 434 4123 et
447 4067 592 4140 colloquiis
611 4068 727 4139 primam
742 4069 828 4123 aciem
849 4069 984 4124 sustinens
999 4071 1086 4127 Eran-

93 4201 99 4214 ι
139 4142 230 4214 igelii
269 4139 389 4192 uriorem
409 4137 570 4209 religionem
590 4147 745 4191 constanter
763 4135 884 4192 defendit
902 4149 928 4192 et
942 4141 1085 4195 victoriam

168 4229 231 4265 eum
246 4158 324 4290 liudo
336 4205 498 4286 sempiterna
512 4206 545 4260 ab
558 4205 716 4260 adversariis
726 4204 830 4288 ¹retulit.
864 4205 1026 4288 Universain
1042 4210 1087 4263 de·

167 4277 443 4416 tt'ttl‘t‘ttt‘tt
457 4271 1018 4414 't'Patella?'ttttdtltlttit‘t't
1031 4278 1086 4401 *lt

168 4412 267 4486 alioqui
282 4423 438 4467 renascente
450 4410 582 4479 Evangelii
600 4408 659 4463 lucc
674 4409 797 4464 nonnihil
812 4411 934 4466 diffusam
947 4423 971 4466 et
985 4413 1085 4486 disper·

56 4540 60 4547 ,
167 4501 240 4544 sam,
262 4483 405 4534 incertam
420 4471 578 4532 methodum
593 4490 618 4532 et
636 4497 736 4550 corpus
755 4481 829 4550 quasi
845 4483 986 4552 perspicue
1005 4494 1029 4536 et
1048 4505 1086 4537 sa·

167 4569 216 4604 nae
229 4549 383 4618 solidaeque
398 4547 538 4619 doctrinae
553 4546 677 4618 collegit,
697 4557 728 4600 ut
743 4548 828 4600 solam
844 4549 954 4620 quidem
972 4569 1081 4606 accura-

166 4631 220 4684 tam
237 4617 355 4671 veritatis
370 4615 490 4670 caelestis
502 4635 596 4671 ciirani
610 4616 637 4668 iii
652 4615 823 4685 simplicitate
837 4616 898 4671 fidei
914 4617 1086 4684 Christianae,

167 4686 248 4745 saluti
263 4703 426 4757 cynosuram
444 4683 594 4755 quandam,
612 4696 673 4737 ante
692 4684 788 4738 oculos
807 4683 944 4746 habuerit,
962 4685 990 4739 iri
1007 4708 1085 4742 suni·

166 4774 212 4810 mo
232 4765 258 4808 et
279 4764 411 4825 perpetuo
431 4750 633 4822 tranquillitatis
653 4762 680 4805 et
700 4752 773 4825 pacis
793 4753 916 4823 publicae
941 4756 1084 4826 desiderio,

167 4834 191 4880 at
212 4843 246 4877 ue
259 4823 295 4876 ita
308 4824 336 4874 iii
352 4822 422 4875 bona
437 4831 462 4875 et
473 4821 578 4875 sincera
592 4820 760 4876 conscientia
774 4840 866 4874 coram
881 4823 941 4875 Deo
960 4835 987 4875 et
999 4825 1084 4879 bonsi-

165 4844 254 4947 iiibus.
293 4889 406 4945 Cunctis
419 4908 485 4944 vero
498 4888 579 4941 bonis
590 4890 692 4943 artibus
707 4886 872 4958 liberalibus,
886 4890 1037 4963 disciplinis
1053 4915 1085 4949 ac

165 4961 283 5017 scientiis
301 4976 349 5013 sua
368 4968 453 5013 aetate
470 4957 505 5010 ita
526 4957 693 5010 iuventutem
716 4958 828 5024 imbuit,
863 4969 892 5011 ut
914 4980 964 5013 suo
986 4963 1083 5016 merito

165 5029 321 5151 pomnpunis
334 5027 458 5080 omnium
471 5026 499 5079 iii
514 5024 662 5083 Germania
676 5025 725 5079 illo
739 5045 807 5084 aevo
816 5025 981 5099 Praeceptor
990 5030 1083 5102 appel·

175 5107 234 5152 atus
257 5097 336 5151 aierit.

233 5167 287 5220 Sed
302 5183 411 5219 necesse
423 5183 479 5217 non
493 5174 547 5223 est,
565 5162 631 5217 baec
644 5182 659 5218 a
674 5181 717 5216 me
730 5163 841 5216 uberius
854 5165 1001 5230 recenseri,
1020 5185 1082 5221 cum

165 5235 336 5289 Clarissimus
357 5243 384 5285 et
403 5229 597 5287 celeberrimus
612 5230 677 5297 Vir,
695 5231 751 5285 on.
769 5231 930 5286 Iooehi'miss
945 5233 1079 5288 Comei-a-

163 5306 241 5368 ri‘us,
264 5299 458 5373 dpesnptsqc,
485 5299 531 5370 qni
549 5299 599 5371 ipsi
619 5320 670 5372 per
690 5318 800 5354 omnem
816 5300 897 5355 vitam
917 5312 943 5355 at
963 5321 996 5357 ue
1015 5304 1082 5358 adeo

162 5391 211 5445 per
230 5391 321 5426 asinos·
334 5371 381 5424 xi.
398 5379 424 5424 et
446 5369 519 5467 quqd
537 5369 672 5436 excurrit,
692 5368 931 5427 coniunctissimus
945 5321 1019 5434 luti,
1037 5383 1081 5427 to·

1953 618 1962 678 3
1992 605 2027 661 at
2054 590 2155 661 Sais·-

1219 912 1278 956 tum
1296 900 1421 971 Philippi
1436 904 1504 960 vitae
1521 904 1703 966 curriculum.
1729 907 1840 981 eiusque
1861 928 1966 975 mores,
1990 909 2093 971 studia,
2118 918 2145 960 et

1221 970 1255 1023 de
1275 970 1395 1026 Ecclesia
1415 973 1495 1027 simul
1517 991 1549 1026 ac
1567 973 1683 1044 liepubl.
1706 975 1774 1030 bene
1799 979 1894 1033 merita
1916 989 2048 1035 accurato¹
2073 977 2143 1031 libro

1221 1038 2144 1169 ttttltttt*'txltttlt‘lttttstt¹tttttlttttlt

1410 1149 1417 1162 .
1522 1147 1530 1165 .
1758 1151 1766 1174 ‚
2007 1137 2015 1168 i

1219 1176 1353 1244 affirmat,
1370 1177 1411 1231 'ita
1429 1190 1537 1247 censet,
1556 1199 1612 1233 non
1627 1179 1748 1234 inutilem
1764 1182 1825 1236 fore
1839 1183 2067 1252 cognoscentibus
2082 1201 2141 1236 eam

1220 1246 1338 1309 cunctis,
1357 1247 1403 1317 qui
1419 1246 1555 1302 Ecclesiae
1570 1246 1628 1318 paci
1643 1248 1798 1303 consultum
1814 1252 1936 1322 copiunt.

1289 1313 1345 1368 Etsi
1359 1325 1447 1369 autem
1461 1317 1566 1386 optimo
1581 1317 1708 1384 Philippo
1720 1320 1748 1373 iu
1761 1322 1888 1374 omnibus
1901 1321 2037 1381 consiliis,
2054 1321 2141 1374 actio·

1219 1382 1298 1436 nibus
1309 1393 1335 1438 et
1348 1383 1446 1438 officiis
1462 1386 1516 1439 suis
1530 1387 1662 1444 continuo
1853 1390 1857 1397 ’

1320 1465 1375 1519 Hs'c
1388 1482 1570 1533 saepissimus
1582 1478 1661 1531 erat,
1679 1473 1787 1523 eunctis
1798 1475 1951 1540 prodesse,
1970 1476 2088 1527 noeerc‘

1356 1535 1486 1603 Nemiiu',
1506 1554 1609 1589 umore
1618 1539 1723 1606 dorios,
1740 1551 1767 1592 et
1780 1544 1905 1594 tolerare
1918 1545 2027 1597 malon

1216 1619 1479 1684 eiustamendicta,
1504 1627 1532 1671 et
1548 1619 1617 1672 facta
1634 1620 1691 1673 fere
1708 1622 1816 1684 omnia,
1841 1625 1917 1696 quasi
1932 1625 2040 1696 signum
2053 1627 2156 1696 quod-³

1218 1688 1279 1741 dam
1294 1689 1433 1759 proposita
1448 1688 1566 1748 fuerunt,
1585 1688 1618 1741 ad
1632 1689 1705 1758 quod
1720 1690 1847 1761 dirigeret
1861 1693 1941 1747 veluti
1956 1694 2063 1766 sagittas
2078 1714 2140 1747 suas

1218 1757 1359 1810 calumniis
1376 1767 1402 1809 et
1419 1755 1660 1809 obtrectationibus
1680 1761 1813 1812 malorum
1830 1760 1969 1815 bominum
1984 1781 2048 1815 usus
2063 1761 2139 1815 Sata·

1217 1844 1274 1878 nas.
1312 1822 1395 1878 Multi
1410 1825 1491 1895 igitur
1503 1825 1600 1895 ingrati
1617 1825 1673 1878 eius
1694 1826 1817 1898 discipuli
1838 1839 1977 1899 paternam
2000 1830 2074 1885 illius
2093 1833 2139 1884 in-

1217 1892 1386 1946 stitutionem
1412 1904 1438 1947 et
1462 1904 1619 1963 perpetuam
1649 1893 1854 1949 beneficentiam
1881 1909 1908 1952 et
1928 1899 2137 1970 hospitalitatem

1216 1960 1400 2032 ingratissimo
1416 1961 1508 2014 animo
1522 1961 1643 2030 pessimis
1656 1962 1900 2020 machinationibus
1914 1978 2138 2038 compensarunt,

1217 2030 1335 2085 excitatis
1356 2030 1383 2083 iii
1403 2029 1522 2083 Ecclesia
1542 2030 1634 2084 turbis.
1680 2030 1718 2082 Es
1738 2034 1836 2102 quibus
1860 2035 1924 2089 facti
1946 2038 2027 2091 etiam
2053 2036 2137 2108 aliqui

1160 2125 1162 2131 ¹
1216 2103 1362 2167 Apostatae
1376 2108 1403 2150 et
1415 2097 1562 2165 Haeretici,
1579 2117 1637 2150 non
1652 2109 1756 2153 tantum
1772 2100 1859 2154 famae
1876 2104 1972 2174 ipsius,
1991 2104 2038 2158 sed
2056 2107 2137 2159 etiam

1217 2168 1283 2220 vitae
1297 2166 1399 2220 nefarie
1414 2165 1531 2220 insidiati
1542 2164 1663 2221 fuerunt.
1699 2167 2137 2245 DistiniieruntGraeci'fheologi

1216 2237 1378 2318 posteriores
1399 2235 1535 2305 Martyres
1554 2246 1579 2288 et
1599 2234 1806 2308 Homologetas.
1818 2257 1866 2292 seii
1886 2240 2080 2310 Confessorss,
2108 2254 2135 2295 ut

1215 2305 1278 2358 illos
1298 2304 1478 2375 appellarent,
1507 2303 1553 2374 qui
1574 2303 1710 2358 interfecti
1731 2317 1819 2359 essent
1842 2327 1857 2360 a
1880 2312 2000 2381 tyrannis
2022 2321 2136 2383 propter

1234 2373 1411 2426 rofessionem
1432 2371 1548 2425 veritatis
1561 2371 1744 2439 Christianae,
1764 2384 1843 2445 atque
1863 2377 1897 2429 ita
1918 2388 2007 2431 morte
2025 2396 2088 2447 sua,
2106 2392 2135 2433 ut

1214 2392 1243 2496 E.
1255 2442 1397 2512 Scriptura
1413 2441 1548 2510 loquitur,
1574 2440 1664 2495 Deum
1678 2440 1890 2512 glorificassent:
1913 2447 1979 2506 lios,
2002 2448 2049 2517 qui
2070 2468 2135 2502 voce

1215 2521 1259 2566 aut
1277 2510 1385 2581 scriptis
1406 2529 1461 2563 non
1479 2508 1586 2572 minus,
1610 2528 1691 2630 quani
1711 2510 1751 2563 illi
1770 2511 1868 2566 Christi
1890 2525 1916 2567 et
1936 2515 2133 2596 Apostolorum

1215 2580 1366 2637 doctrinam
1379 2588 1533 2632 constanter
1548 2577 1607 2630 testi
1629 2578 1680 2633 cati
1715 2578 1781 2632 citra
1796 2591 1885 2634 tamen
1897 2583 2056 2637 effusionem
2069 2606 2132 2640 saii-

1214 2646 1317 2771 guinis,
1341 2647 1368 2700 in
1389 2646 1494 2700 lectulis
1515 2646 1569 2699 suis
1585 2645 1662 2700 beate
1681 2615 1794 2702 fuissent
1812 2651 1925 2709 mortui.
1960 2650 2013 2706 Sed
2033 2662 2134 2707 veteres

1241 2717 1311 2770 raeci
1331 2713 1389 2768 sine
1407 2714 1580 2769 distinctione
1592 2715 1731 2798 Martyres
1747 2716 1873 2772 dixerunt
1892 2719 1971 2774 etiam
1984 2721 2068 2785 ¹illos,
2087 2725 2134 2792 qui

1212 2785 1261 2839 etsi
1278 2783 1362 2838 occisi
1376 2803 1432 2837 noii
1446 2783 1573 2844 fuerunt,
1598 2793 1767 2838 cruciatuum
1785 2797 1878 2840 tamen
1899 2789 1933 2842 ali
1955 2789 1999 2841 uid
2021 2803 2135 2871 propter

1214 2853 1331 2907 raritatis
1365 2851 1561 2923 professionem
1595 2853 1774 2922 pertulerunt.
1827 2854 1908 2910 Unde
1936 2809 2134 2912 Constantinus

1212 2924 1329 2992 Magnus
1345 2921 1494 2991 lmperator
1504 2921 1532 2973 iii
1547 2919 1659 2991 Synodo
1675 2920 1792 2981 Nicaena
1811 2924 1979 2980 exosculatus
1992 2924 2078 2982 fuisse
2092 2928 2133 2981 le·

1211 2992 1284 3063 gitur
1297 2989 1434 3044 cicatrices
1450 2988 1607 3052 vulnerum,
1630 2997 1699 3061 quae
1719 2991 1828 3059 quidam
1848 3012 1879 3045 es
1895 2992 2018 3048 Patribus
2038 2995 2067 3048 in
2086 2996 2133 3050 illa

1212 3059 1379 3129 congregatis
1401 3058 1566 3126 accepissent
1585 3059 1618 3111 ab
1638 3059 1744 3113 Arianis
1764 3059 1874 3114 inflicta.
1918 3061 1992 3116 llaec
2011 3082 2076 3117 cum
2096 3066 2132 3119 ita

1211 3129 1279 3190 sint,
1295 3129 1399 3197 optimo
1416 3127 1541 3193 mappa
1554 3127 1625 3179 Mart
1646 3128 1682 3180 ris
1697 3145 1798 3180 nomen
1818 3132 1891 3197 (nain
1906 3130 2080 3186 Confessoris
2093 3132 2132 3188 illi

1209 3197 1280 3250 inter
1303 3194 1407 3261 primos
1426 3194 1551 3265 denegari
1573 3146 1650 3247 nulfo
1669 3194 1728 3248 iure
1747 3199 1844 3276 potest)
1866 3199 1963 3251 merito
1988 3199 2132 3263 tribuetur,

1209 3265 1255 3337 qui
1269 3284 1283 3316 a
1298 3263 1475 3334 Sycophantis
1494 3273 1520 3315 et
1535 3263 1665 3333 Sophistis
1678 3263 1781 3316 infinita
1797 3269 1905 3319 volnera
1924 3287 1972 3337 per
1992 3286 2067 3320 essus
2081 3283 2129 3327 est.

1209 3354 1238 3387 es
1254 3332 1351 3404 quibus
1365 3332 1557 3401 proculdubio
1572 3351 1646 3387 mors
1661 3332 1739 3386 etiam
1756 3331 1797 3385 illi
1810 3337 1955 3401 accelerata
1970 3286 2032 3389 lliit·
2069 3331 2131 3392 Non

1207 3404 1297 3473 itaque
1312 3409 1417 3481 praeter
1432 3399 1562 3452 decorum
1577 3399 1781 3454 accommodari
1795 3401 1822 3454 in
1839 3402 1999 3459 defunctum
2035 3419 2131 3461 ossunt

1207 3487 1338 3524 memoria
1359 3466 1508 3537 dignissimi
1530 3468 1563 3520 ab
1585 3467 1645 3537 ipso
1661 3468 1788 3535 mappa
1806 3470 1907 3524 alicubi
1925 3472 1980 3525 suis
2026 3475 2131 3547 pistolis
2163 3531 2174 3542 ,

1208 3557 1263 3593 non
1278 3538 1335 3589 sine
1352 3537 1444 3587 oniine
1461 3536 1554 3589 inserti
1568 3535 1704 3607 Euripidis
1721 3556 1826 3600 sersus,
1845 3557 1914 3610 quos
1952 3551 1994 3596 ost
2008 3540 2131 3599 Socratis

1201 3625 1302 3661 'necem
1322 3605 1350 3657 iii
1364 3603 1514 3674 Tragoedia
1536 3605 1569 3659 de
1582 3603 1727 3660 Palamede
1747 3605 1861 3661 Athenis
1878 3559 2007 3678 exhibita,
2025 3631 2129 3683 expres·

1206 3677 1239 3728 sit
1248 3695 1256 3730 s

1269 3755 1398 3813 ‘Karistia
1412 3754 1522 3813 ἐκάνετε
1535 3760 1592 3812 reis
1602 3754 1741 3825 Ἑλλήνων
1753 3755 1869 3832 ἄριστον

1273 3833 1328 3882 Καὶ
1342 3830 1446 3897 μηδένα
1457 3824 1637 3895 βλάπτουσαν
1650 3825 1766 3896 ἀηδόνα.

1276 3899 1440 3961 Occidistis,
1458 3899 1610 3964 occidistis,
1632 3897 1806 3955 Graecorum
1823 3901 1963 3968 optimum

1274 3967 1309 4018 ls't
1322 3968 1467 4019 tusci'niom
1480 3968 1620 4019 neminem
1634 3970 1801 4022 laedentem.

1205 4068 1322 4139 Quoties
1340 4076 1430 4122 autem
1452 4065 1690 4121 innocentissimus
1710 4066 1757 4120 ille
1771 4067 1820 4121 Vir
1837 4068 1864 4121 in
1882 4070 1990 4152 scriptis
2010 4074 2066 4126 suis
2086 4095 2128 4128 ex·

1205 4139 1321 4210 optavit,
1344 4148 1369 4190 et
1383 4136 1479 4207 petiit,
1497 4145 1527 4188 ut
1546 4134 1643 4187 nefarii
1663 4136 1701 4189 illi
1721 4136 1809 4189 sicarii
1824 4137 1879 4190 clto
1893 4156 1920 4190 se
1933 4139 2128 4208 interficerem,

1204 4226 1260 4271 quo
1280 4206 1444 4277 pulcerrima
1466 4203 1523 4258 veri
1544 4203 1665 4274 martyrii
1692 4221 1795 4256 corona
1820 4204 1949 4260 honorari
1974 4209 2129 4278 potuisset?

1205 4276 1262 4329 Nec
1285 4285 1375 4327 tamen
1402 4273 1533 4343 hodieque
1559 4272 1655 4324 desunt
1683 4272 1833 4326 obscoenae
1849 4272 2000 4338 solueret,
2031 4279 2129 4346 n'iilsii,

1204 4342 1299 4409 corvi,
1317 4343 1456 4408 bubones,
1473 4341 1519 4413 qui
1534 4339 1662 4394 lusciniae
1679 4339 1717 4393 illi
1734 4340 1904 4395 dulcissimae
1926 4353 1953 4394 et
1972 4343 2127 4411 lenissimae

1204 4414 1264 4466 diro
1289 4411 1393 4463 ululatu
1420 4413 1596 4490 obstrepunt.
1627 4409 1670 4462 cel
1696 4409 1786 4479 potios
1810 4410 1976 4465 detestabiles
1996 4412 2014 4465 h
2035 4433 2127 4479 aenae,

1204 4500 1272 4550 quae
1297 4476 1470 4549 sepulchrum
1498 4497 1555 4532 eius
1578 4477 1652 4547 turpi
1670 4487 1697 4529 et
1721 4477 1863 4530 execrabili
1888 4497 1953 4531 ausu
2018 4483 2126 4540 odiunt.

1204 4551 1344 4605 Caeterum
1364 4547 1385 4600 si
1405 4548 1464 4618 quis
1479 4546 1552 4598 serio
1566 4546 1634 4599 scire
1651 4543 1730 4608 velit,
1755 4566 1784 4598 es
1803 4564 1855 4616 qua
1874 4557 1948 4617 parte
1965 4549 1999 4602 sit
2020 4552 2126 4611 bonitas

1203 4638 1313 4682 causae,
1341 4616 1459 4671 veritatis
1484 4613 1681 4686 patrocinium,
1711 4613 2029 4683 religionissinceritas,
2053 4621 2075 4672 is
2101 4635 2126 4673 et

1202 4688 1334 4753 Ρὴϋψρί,
1352 4694 1376 4736 et
1389 4684 1606 4736 adversariorum
1624 4684 1680 4735 eius
1694 4680 1796 4752 scripta
1809 4682 1852 4734 sel
1861 4700 1957 4765 parum
1971 4684 2081 4741 evolvat
2096 4710 2127 4742 ac

1202 4758 1273 4809 inter
1286 4774 1313 4806 se
1326 4753 1393 4807 citra
1407 4752 1532 4805 affectum
1546 4759 1572 4802 et
1581 4761 1810 4831 praeconceptam
1823 4754 1980 4821 opinionem
1993 4757 2126 4815 conferat.

1202 4827 1234 4878 ln
1254 4822 1308 4876 illis
1326 4819 1394 4873 nihil
1412 4821 1543 4892 reperiet,
1559 4818 1611 4872 nisi
1626 4819 1769 4891 pietatem,
1788 4816 1886 4883 fidem,
1903 4823 2125 4892 sanctimoniam,

1200 4889 1388 4956 tolerantiam,
1407 4887 1616 4958 benignitatem,
1639 4886 1799 4952 lenitatem,
1827 4890 1992 4958 candorem,
2015 4890 2125 4965 singul·

1201 4973 1244 5015 tus
1257 4969 1283 5014 et
1296 4957 1370 5013 lacbr
1391 4977 1448 5010 mas
1461 4977 1511 5028 pro
1525 4954 1660 5023 Ecclesia,
1673 4954 1852 5010 bumilitatem
1866 4968 1892 5009 et
1904 4966 2021 5012 caeteras
2036 4961 2123 5014 virtu-

1201 5040 1254 5091 tes,
1273 5044 1342 5098 quae
1357 4979 1388 5079 ab
1402 5027 1511 5079 bomine
1524 5022 1678 5077 Christiano
1692 5025 1843 5104 eriguntur.
1882 5025 1911 5077 ln
1927 5025 1968 5083 bis
1985 5027 2052 5080 nibil
2072 5031 2124 5084 nisi

1200 5094 1444 5167 vaniloquentiam,
1469 5095 1693 5155 amaritudinem,
1720 5091 1858 5160 livorem,
1877 5093 1954 5157 odia,
1981 5095 2124 5160 invidiam,

1201 5163 1431 5225 maledicentiam,
1457 5161 1627 5220 iactantiam,
1654 5159 1819 5243 suspiciones
1840 5160 1938 5224 malas,
1965 5165 2122 5220 obstinatio.

1200 5253 1264 5287 nem
1290 5233 1318 5284 iii
1345 5231 1549 5302 propugnandis
1571 5229 1720 5284 manifestis
1739 5230 1892 5291 erroribus,
1923 5229 2074 5286 calumnias
2096 5246 2121 5288 et

1197 5301 1326 5357 coniitia.
1378 5300 1443 5369 Quo
1459 5299 1554 5370 spiritu
1575 5300 1671 5370 igitur,
1698 5296 1844 5351 Christian
1864 5301 1997 5370 serpentis
2016 5303 2121 5374 antiqui

1199 5371 1242 5429 vel
1255 5372 1320 5427 baec
1334 5368 1376 5429 iel
1389 5369 1472 5426 altera
1484 5386 1545 5440 pars
1557 5379 1616 5424 acta
1628 5366 1726 5428 fuerit.
1744 5367 1827 5421 cuisis
1840 5367 1886 5439 pio
1899 5377 1927 5421 et
1940 5369 2069 5440 prudenti
2085 5373 2120 5427 fa.
