4500 5782
106 194 183 275 aas
270 303 273 309 Ι
698 190 1129 270 sersrosanusr
1178 194 1283 271 nm
1315 192 1363 269 u.
1424 158 1553 273 assi.
2065 204 2080 275 t

113 370 307 463 principes,
332 374 406 436 nou
428 388 506 435 esse.
522 365 684 456 collegia,
710 386 799 460 quae
819 381 962 453 vocant,
987 390 1102 437 sacer·
1151 392 1242 462 quae
1290 367 1521 455 dissentiunt,
1569 362 1775 439 Christiano
1823 371 1951 463 spiritu
1980 375 2080 447 :abol

114 474 250 554 dutum,
272 468 342 537 nisi
357 468 555 539 ociosorum
572 463 769 550 hominum,
786 470 871 538 nolo
888 470 984 538 euim
997 468 1103 562 quid·
1151 467 1263 541 ΝΛΜ
1294 466 1363 543 ΕΤ
1394 466 1539 541 FALLI
1568 465 1800 545 MAIORES
1831 470 2016 547 VEsTttt
2026 474 2080 547 --1

115 584 232 667 quam.
247 570 373 640 durius
391 570 531 654 dicere,
564 592 751 662 cauponas.
809 568 933 664 ltaque
957 566 1102 665 quod⁷)
1140 568 1343 657 ‘TUERR
1375 568 1443 643 ΕΤ
1472 567 1704 649 ΡΑΙιΙιΕΒΕ
1728 567 2007 655 VOLUPTAS·
2025 575 2080 653 ill

116 665 657 755 bireiensillevoshortatur,ut
670 696 760 765 quae
773 666 975 768 religiosa⁸)
989 671 1104 743 maio·
1151 668 1845 747 Rostatto..ANT1uH1tlsT0-ac
1892 677 2080 759 circumuid

116 773 370 851 ruminetituta
386 772 610 857 conservetis,
631 796 694 862 ego
711 768 894 859 adhortor,
915 786 956 845 ut
971 767 1103 868 (μεθ’)
1154 775 1372 861 Germanos,
1408 787 1450 846 ut
1479 775 1525 843 de
1553 797 1676 843 corum
1707 798 1829 860 earne,
1865 776 2079 859 utl‘aulus,

116 875 358 957 asuuioribus
375 874 499 946 vestris
518 873 615 945 iuxta
636 870 886 964 Evangelicam
907 876 1105 947 doctrinam
1154 877 1374 966 gloriaretur.
1422 873 1517 947 Nolo
1538 870 1598 945 bic
1616 876 1795 957 cavillari,
1812 903 1926 970 qnam
1945 882 2080 953 stultas

118 976 309 1057 constituta
334 991 446 1063 sunt„
475 999 514 1046 ea
545 998 711 1066 germane
737 970 952 1047 Christianis
976 975 1106 1045 animis
1155 979 1272 1052 iorum
1293 988 1490 1049 vestrorum
1512 976 1683 1067 pietatem·
1698 978 1914 1069 praedices,
1927 1008 2020 1075 quos
2033 1006 2080 1061 me

118 1078 317 1153 vindicetis.
365 1075 478 1148 Immo
493 1090 535 1149 ut
554 1102 601 1146 ne
620 1076 847 1169 permittatis,
872 1103 962 1172 quae
976 1078 1106 1170 impio·
1155 1079 1267 1153 Idolis
1286 1079 1451 1150 divinum
1471 1098 1606 1147 mmren
1627 1080 1816 1165 tribuisse,-
1839 1106 1921 1159 eum
1940 1080 2080 1163 irs-has,

119 1179 418 1272 tmpontificum
434 1193 467 1252 et
481 1173 818 1269 Theologastrorum
838 1180 1021 1275 tyrannidi
1043 1179 1125 1248 de·-
1156 1183 1253 1255 tionc
1273 1195 1412 1255 tantum
1432 1180 1695 1272 superstitionis.
1711 1180 1821 1251 fuisse
1843 1198 1996 1272 constet,
2019 1180 2080 1261 nei

118 1285 263 1366 bemus,
287 1280 513 1363 sanctissimis
527 1282 722 1353 maioribus
734 1281 858 1361 vestris
873 1282 998 1356 tribui.
1030 1280 1106 1351 lam
1154 1284 1271 1355 manis
1289 1283 1396 1357 stiam
1408 1276 1533 1353 hostiis
1546 1282 1688 1359 litatum
1701 1279 1811 1378 sit.¹³).
1851 1282 2080 1359 ¹Nolooaaill

119 1408 211 1457 aero.
229 1383 260 1453 si
278 1385 494 1455 contendant
515 1382 669 1470 inimici,
700 1407 741 1453 ea
761 1384 881 1456 omnia
902 1407 974 1453 esse
994 1383 1040 1453 ab
1060 1382 1107 1449 il·
1157 1410 1248 1480 quae
1279 1385 1322 1457 de
1352 1384 1466 1455 titulis
1497 1380 1656 1456 Romani
1685 1384 1826 1477 imperii
1865 1389 1911 1458 ad
1944 1386 2080 1461 Germ

118 1487 164 1557 lis
179 1482 221 1579 ¹⁰)
235 1485 435 1571 constituta,
459 1508 548 1577 quae
566 1484 774 1571 defendunt,
800 1509 942 1579 quaeso,
955 1484 1047 1555 male
1062 1484 1106 1552 de
1157 1486 1335 1559 translatis
1346 1497 1531 1558 memorat.
1567 1481 1660 1555 Nam
1677 1479 1851 1556 biutrum
1864 1488 2080 1578 faventibus,

120 1589 221 1659 vobis
237 1601 410 1671 meretur,
434 1586 498 1679 qui
515 1586 684 1657 convellit
703 1611 857 1657 errorem
876 1587 916 1655 in
930 1612 968 1656 re
988 1585 1108 1657 sacra?
1157 1589 1256 1660 iratis
1270 1589 1405 1679 superis
1421 1584 1633 1659 Germaniae
1649 1588 1877 1676 contigerint,
1899 1592 1965 1660 ulii
1978 1593 2080 1665 vider

119 1686 222 1761 Certe
255 1689 429 1757 rationem
459 1687 598 1780 pietatis
628 1698 763 1761 vestrae
795 1689 931 1759 nullam
964 1683 1107 1770 habent,
1157 1686 1254 1760 Mihi
1272 1704 1363 1759 certe
1388 1685 1457 1759 hoc
1475 1702 1551 1758 astu
1570 1712 1590 1756 a
1612 1684 1789 1759 Romanis
1807 1688 2080 1782 pontificibust

119 1791 183 1883 qui
197 1790 371 1860 mdiorum
389 1789 707 1879 imaginesavobis
722 1790 836 1883 pluris
855 1790 932 1859 fieri
955 1801 1107 1873 censent,
1157 1792 1313 1884 primum
1339 1792 1435 1861 natio
1461 1790 1528 1860 sub
1554 1789 1678 1878 iugum
1710 1791 1818 1863 missa
1847 1793 2001 1867 videtur.
2044 1792 2080 1884 ‚l

120 1915 228 1986 wem
248 1892 388 1961 divinas
400 1890 502 1981 leges.
551 1885 710 1962 Anvero
722 1916 850 1984 pamm
863 1892 944 1985 pius
962 1892 1035 1961 dici
1048 1888 1108 1961 Io-
1157 1918 1270 1965 unum
1284 1915 1367 1983 ago,
1392 1906 1450 1977 ut,
1474 1915 1554 1961 cum
1576 1891 1638 1959 ille
1660 1892 1835 1961 maiorum
1857 1893 2022 1968 instituta
2034 1896 2080 1969 iat

120 1996 189 2067 sias
202 2016 265 2064 rex
277 1993 397 2077 debet,
421 1993 485 2086 qui
498 1992 633 2062 avitum
643 1990 725 2063 Beli
740 1988 775 2087 ¹¹)
791 1994 926 2063 cultum
943 2016 961 2060 e
977 1991 1106 2063 Iudaea
1157 2010 1193 2066 et
1206 1994 1408 2087 patiamini,
1428 2016 1468 2063 ea
1488 1995 1532 2064 ad
1548 1992 1688 2062 divinas
1700 1994 1793 2084 leges
1804 1995 1913 2086 exigi,
1941 2011 1976 2066 et
1995 1998 2080 2090 dilig

119 2095 284 2168 sustulit?
307 2089 370 2165 An-
384 2117 509 2185 parum
522 2093 575 2184 pii
584 2090 625 2189 ¹²)
637 2095 788 2165 maiores
800 2095 920 2179 vestri,
933 2089 1108 2187 qniChri-
1158 2110 1212 2167 ter
1238 2097 1488 2180 consideretis,
1529 2118 1720 2188 quaenam,
1762 2121 1833 2188 qua
1868 2098 2029 2185 ratione,
2050 2130 2080 2161 η

120 2197 303 2269 stianismo
320 2193 504 2265 ldolorum
517 2195 669 2276 cultum,
696 2218 803 2290 quem
824 2195 1020 2288 apatribus
1036 2190 1124 2265 suis¹
1158 2199 1305 2269 consilio
1326 2198 1517 2269 constituta
1543 2195 1626 2268 sint.
1679 2193 1830 2290 Alioqui
1852 2223 1916 2269 cur
1937 2225 2016 2270 non
2033 2198 2080 2275 dd

119 2299 283 2387 religiose
308 2297 477 2367 traditum
499 2311 718 2388 acceperant,
750 2297 957 2367 mutarunt?
1006 2292 1107 2389 Adeo
1157 2300 1361 2385 initiamur,
1381 2322 1534 2395 quorum
1550 2297 1684 2368 cultum
1706 2312 1821 2388 patres
1836 2302 1985 2371 nustria
2001 2302 2080 2373 mai

68 2420 73 2427 '
120 2403 217 2473 iuxta
229 2397 380 2490 impium
394 2411 446 2468 est
459 2412 563 2492 atque
578 2398 741 2479 stultum,
767 2394 933 2469 humanis
949 2412 1011 2470 aut
1030 2397 1108 2490 opi·
1157 2403 1225 2473 bus
1263 2402 1375 2472 veluti
1400 2425 1464 2494 per
1488 2422 1616 2469 manus
1644 2400 1826 2492 quondam
1851 2416 2080 2493 acceperuut,

120 2501 289 2573 ninnibus
321 2514 383 2571 aut
404 2499 599 2569 adfectibus
625 2523 722 2570 sacra
750 2500 885 2587 metiri,
925 2524 1015 2594 quae
1033 2523 1108 2570 non
1157 2526 1276 2574 mores
1294 2503 1431 2596 potius,
1454 2525 1561 2596 quam
1579 2524 1696 2570 sacrae
1714 2501 1824 2590 leges,
1849 2502 2080 2594 spectandi-fl

119 2606 167 2673 ad
196 2602 455 2696 qualiacunque
481 2594 669 2683 huminum
695 2602 802 2687 lacta,
836 2603 898 2673 sed
923 2604 968 2672 ad
988 2602 1108 2672 literas
1159 2603 1235 2675 Iam
1258 2604 1456 2698 veroquid
1483 2604 1571 2672 adeo
1597 2615 1755 2673 veterum
1782 2603 1944 2676 instituta
1968 2628 2080 2678 causet

121 2704 289 2775 divinitas
315 2703 472 2794 proditas
502 2701 670 2792 exigenda
700 2716 792 2775 sunt
859 2702 934 2792 Qui
961 2704 1001 2775 in
1029 2704 1108 2775 loro
1157 2707 1395 2789 adversarius,
1416 2706 1615 2788 videamus,
1640 2727 1715 2775 non
1738 2716 1779 2775 ut
1793 2706 1895 2775 ¹salva
1909 2706 1957 2777 sit
1970 2704 2080 2779 Eeele

121 2818 325 2884 versantur,
349 2818 479 2894 negant
494 2805 661 2895 exemplis
680 2803 912 2875 iudicandum
930 2828 1022 2889 esse,
1046 2805 1108 2874 sed
1157 2808 1243 2881 stica
1279 2820 1438 2878 veterum
1472 2806 1677 2896 disciplina,
1721 2830 1831 2899 quam
1867 2821 1964 2879 certe
1997 2823 2080 2903 opta

120 2909 258 2996 legibus
280 2920 331 2990 et,
365 2919 407 2976 ut
431 2905 481 2975 ait
500 2897 783 2992 Demosthenes,
815 2902 885 2998 οὐχ
910 2899 960 2986 uic
978 2902 1108 3005 γέγονε
1159 2912 1230 2979 iam
1252 2908 1637 3003 olim-dormitantibus
1655 2902 1843 2998 Episcopia
1870 2910 2065 2981 extinctam

121 3001 311 3093 solidate,
342 3002 423 3079 ἀλλ’
446 3002 497 3087 ὥς
518 2998 691 3102 προσήκει
711 3002 923 3108 γίγνεσθαι.
976 3022 1107 3102 quanto
1159 3011 1276 3096 stimi,
1326 3035 1401 3079 non
1419 3022 1460 3079 ut
1480 3022 1663 3078 revocetur
1677 3008 1715 3075 in
1738 3009 1854 3079 lucem
1874 3011 2030 3082 docendi
2045 3036 2080 3083 ra

120 3112 241 3181 minus
265 3134 361 3180 saera
388 3104 574 3179 hominum
595 3108 765 3181 institutis
785 3109 1038 3194 existimemus,
1069 3109 1108 3177 in
1159 3138 1249 3209 quae
1272 3137 1293 3183 a
1319 3111 1514 3184 maioribus
1541 3110 1670 3180 tradita
1698 3123 1749 3180 est
1756 3134 1766 3194 3
1817 3112 1879 3180 sed
1909 3128 1951 3183 ut
1981 3138 2080 3209 neq

120 3213 250 3305 quibus
282 3211 359 3281 fieri
381 3236 456 3282 non
477 3224 605 3301 potest,
644 3211 734 3306 quin
757 3206 1021 3284 hallucinantur
1039 3207 1109 3283 hu·
1158 3216 1257 3288 triste
1277 3215 1458 3309 patiantur
1481 3213 1687 3284 sacerdotes.
1749 3203 1959 3282 lutherum
1985 3214 2080 3285 enim

120 3337 226 3383 mana
246 3313 406 3402 ingenia,
432 3312 504 3381 nisi
528 3313 661 3383 divinis
680 3312 792 3384 literis
818 3338 882 3386 cen
902 3314 962 3383 filo
983 3324 1110 3404 r‘egan-
1158 3314 1226 3388 hos
1260 3316 1377 3387 videri
1408 3316 1543 3384 serrum
1575 3311 1754 3383 strinxisse
1789 3310 2074 3411 debaccharique

123 3429 190 3489 tur.
241 3412 363 3506 Itaque
379 3412 524 3497 videtis,
552 3415 746 3507 principes,
772 3439 878 3509 quam
896 3415 1007 3507 impia
1028 3439 1110 3484 ora·
1159 3429 1435 3489 sacrosanctum
1458 3414 1678 3485 sacerdotum
1694 3414 1868 3485 ordinem.
1917 3413 1968 3487 Et
1987 3440 2080 3489 curt

122 3517 220 3586 tione
239 3529 319 3604 agat
343 3514 524 3584 vobiscum
546 3509 666 3586 hircus
690 3515 773 3599 iste,
802 3539 886 3585 cum
908 3517 1109 3586 conservari
1159 3523 1277 3613 ipsum
1299 3519 1462 3589 audimus
1483 3512 1623 3586 hircum
1645 3516 1839 3604 eleganter,
1875 3517 1925 3588 ita
1945 3542 2006 3587 me
2028 3540 2080 3589 an

124 3618 239 3700 iubet,
265 3639 354 3708 quae
373 3615 547 3700 defendit,
579 3640 653 3683 non
674 3616 722 3686 ob
742 3615 857 3702 aliud,
883 3616 954 3685 nisi
978 3617 1109 3710 quiaa
1159 3621 1302 3707 Musae,
1321 3613 1564 3734 epapi‘g'ostea,
1597 3641 1678 3687 cum
1701 3618 1767 3688 ait:
1802 3612 1880 3687 Sed
1902 3612 2080 3691 tumenle‘

122 3718 318 3789 maioribus
336 3717 386 3789 ita
406 3730 543 3811 recepta
566 3716 650 3788 sint.
705 3713 854 3786 Interim
877 3740 952 3787 uon
969 3718 1109 3802 docens,
1158 3714 1341 3793 huminem
1362 3713 1464 3788 vedeo
1486 3713 1595 3787 libris
1616 3711 1838 3816 quibusdam
1862 3713 1992 3806 editas,
2020 3729 2080 3791 mu

123 3820 254 3913 quibus
278 3818 480 3889 auctoribus
512 3831 574 3889 aut
604 3842 673 3911 qua
701 3818 837 3889 ratione
866 3833 1005 3911 recepta
1026 3819 1110 3893 sint.
1155 3818 1264 3925 pede,
1303 3817 1437 3916 lingua
1471 3817 1640 3919 omnaque
1664 3818 1828 3915 potentia
1849 3820 1997 3907 conari,
2026 3845 2080 3895 saa

122 3919 237 4014 Atqui
248 3933 407 3997 -vestrum
420 3934 485 4006 est,
498 3919 642 4005 iudices,
667 3920 730 3990 illa
747 3919 901 3991 studiose
918 3920 1108 4016 inquirere.
1159 3919 1319 3997 dotalem
1340 3916 1514 3993 ordinem
1545 3914 1717 3992 omnibus
1748 3918 1894 4019 quidem
1925 3921 2080 3995 incisura

123 4021 216 4095 Sunt
237 4022 350 4106 cuim,
376 4035 418 4093 ut
434 4021 525 4107 dixi,
547 4046 636 4114 quae
656 4035 799 4094 tuentur
816 4021 953 4092 inimici
973 4021 1110 4114 pridem
1159 4022 1445 4123 ignominiosum
1455 4022 1599 4123 facere,
1622 4045 1684 4091 eos
1699 4031 1838 4110 autern,
1853 4020 2080 4123 prsisce‘pesfi

123 4139 259 4217 recepta
294 4124 379 4195 solis
402 4122 628 4215 pontificibus
649 4124 873 4211 auctoribus,
908 4137 943 4192 et
967 4124 1007 4193 in
1030 4120 1109 4209 hoc,
1159 4154 1302 4216 manos,
1323 4122 1444 4222 regali
1457 4120 1659 4196 sacerdotio
1674 4121 1841 4223 infensos
1856 4121 2015 4199 reddere.
2051 4128 2080 4201 ll

123 4240 163 4297 ut
198 4224 392 4321 tyrannicis
428 4225 565 4315 legibus
603 4248 667 4295 eeu
701 4226 943 4317 compedibus,
990 4224 1109 4297 vincta
1159 4234 1238 4317 ille,
1261 4229 1508 4313 meHercules,
1530 4228 1651 4296 omnia
1666 4243 1822 4313 venuste,
1847 4229 1907 4295 sed
1922 4254 2080 4324 nequer

125 4326 318 4399 Germania
344 4327 383 4396 in
404 4324 562 4399 Romani
586 4320 799 4397 Antichristi
820 4340 988 4419 potestate
1011 4339 1109 4399 esset·
1159 4358 1273 4428 neque
1290 4332 1458 4416 candide,
1480 4330 1568 4399 adeo
1595 4353 1639 4399 ue
1662 4353 1727 4420 pro
1747 4329 2013 4401 calumniatoris
2036 4356 2080 4403 ar·

128 4426 229 4499 lubet
242 4421 450 4512 Lutherus,
473 4429 511 4497 id
525 4428 619 4519 quod
638 4441 674 4498 et
687 4429 777 4497 velle
790 4452 853 4497 vos
867 4428 979 4520 pietas
993 4440 1108 4498 vestra
1159 4436 1225 4509 cio.
1275 4434 1368 4507 Nam
1384 4432 1480 4527 quod
1491 4355 1697 4499 Latiarum
1715 4430 1846 4519 agitare
1866 4431 1989 4501 animo
2008 4456 2080 4505 eam

125 4529 257 4618 arguit,
288 4543 456 4599 veterum·
475 4528 636 4601 instituto
667 4530 712 4599 ad
736 4526 968 4621 Evangelicas
989 4529 1109 4601 literas
1160 4538 1226 4623 ris,
1248 4551 1290 4607 ut
1306 4536 1528 4624 extinguatur
1547 4531 1800 4617 sacerdotium,
1824 4555 1843 4601 e
1862 4533 1967 4602 libris
1988 4535 2067 4605 eius

125 4632 218 4720 erigi
255 4630 523 4724 conservarique
555 4653 756 4725 quaecum
783 4625 840 4700 his
868 4630 1108 4717 consentiunt3
1160 4660 1325 4730 gnoscere
1341 4660 1414 4706 non
1428 4634 1584 4727 potuisti.
1640 4633 1814 4728 siquidem
1826 4635 2002 4706 nullaest
2020 4638 2080 4707 adt

123 4774 393 4811 ..........·..
590 4794 595 4803 .
678 4768 681 4775 ·
1161 4766 1239 4811 sum
1265 4740 1459 4809 sacerdotes
1482 4737 1526 4805 ab
1548 4731 1617 4804 hoc
1637 4735 1832 4825 conscripta
1855 4736 1978 4821 litera,
2011 4738 2080 4807 nisi

175 4881 204 4948 7)
222 4876 308 4950 quot]
329 4873 395 4929 Met.
408 4894 489 4948 opp..
505 4874 567 4933 aas.
1161 4844 1205 4912 ad
1224 4841 1418 4911 sacerdotes
1438 4836 1613 4931 pertinere
1633 4850 1752 4927 putas,
1775 4838 1919 4929 quaein
1934 4835 2080 4909 Roman

161 4966 204 5033 t)
223 4960 639 5036 atquae-religiosa1·tt.spp.s
657 4974 688 5018 ιιι
698 4961 833 5037 religiosa.
1160 4969 1212 5013 ses
1228 4958 1398 5038 tyrannos
1411 4939 1539 5031 scripta
1555 4950 1649 5011 sunt.
1698 4934 1839 5027 Quibus
1862 4962 1924 5027 ego
1942 4940 2054 5013 salvis
2073 4968 2080 5009 1

160 5034 256 5167 {33¹³
270 5030 407 5115 ‘duelli'
423 5048 522 5154 ‘’ll'ff:¹
574 5041 644 5153 ‘fil
706 5084 726 5134 2:
811 5098 819 5114 .
957 5098 998 5152 ‘tl‘
1041 5076 1046 5091 ·
1159 5047 1263 5114 video
1293 5044 1427 5113 salvam
1448 5040 1669 5111 sacerdotum
1701 5039 1908 5128 dignitatem
1936 5064 2012 5111 esse
2033 5068 2080 5137 po

177 5174 222 5235 ιι)
242 5108 472 5290 ἓίἷῖῗὲὶῗξῖἴ
483 5100 577 5223 nhil.
612 5118 877 5240 atttttdttt'
887 5118 1106 5239 {diliana

225 5236 349 5300 „llelli”
420 5247 490 5291 crata
509 5235 716 5310 typographica,
740 5256 808 5308 quae
829 5235 892 5291 huic
912 5236 982 5291 libro
1004 5237 1105 5299 insuat,

226 5305 444 5377 pretermisimus.
489 5306 523 5360 F.

175 5375 218 5446 12)
235 5394 330 5446 parum
346 5374 397 5446 pii]
414 5375 455 5430 M.
469 5394 549 5449 oppa
565 5373 604 5448 pii
617 5392 724 5446 pamm
899 5414 903 5421 .
957 5392 962 5399 ·
1207 5369 1253 5438 ts>
1274 5366 1379 5424 litatum
1395 5368 1442 5436 sit]
1461 5365 1540 5423 Liber
1550 5365 1674 5449 primum
1695 5365 1796 5419 editus:
1820 5365 1925 5421 litatum
1939 5378 1989 5423 eu.
