4500 5782
55 212 127 289 ssr
651 208 1083 295 srtsroeaauu
1133 214 1313 297 omn
1368 215 1496 322 asso.
2014 211 2101 285 aas·

57 388 220 483 pacisque
235 388 416 461 indumen
424 382 566 463 ohram
576 384 741 463 eolmbe
755 393 965 487 portaverit,
986 393 1051 463 eur
1100 394 1297 465 Dominum
1305 390 1422 465 lesum
1438 394 1571 476 videre,
1589 400 1695 484 atquo
1709 390 1947 482 potiusquam
1965 386 2011 455 ab
2024 380 2093 455 ho-

58 512 132 561 nen
150 514 261 591 eom
279 492 416 564 ste-iste
433 492 648 583 nigerrimus
668 508 774 589 atque
799 496 928 589 spiritu
950 516 1052 565 caco-
1101 498 1258 569 minibus
1285 496 1460 586 evangelii
1487 517 1589 566 sensa
1618 492 1862 587 percipiamus.
1927 480 2091 557 Lstcrus

59 595 290 667 &moiseo
319 595 502 686 turgidus,
541 595 606 691 qui
633 608 675 667 ut
702 597 866 683 dissidio,
900 598 997 669 rixas
1016 610 1052 667 et
1101 624 1186 672 rero
1204 596 1374 694 quoniam
1389 600 1536 684 arietes,
1569 598 1758 678 dracones,
1793 607 1912 662 tauros
1933 604 1968 660 et
1991 612 2093 661 cora-

58 696 152 767 betta
166 698 380 783 restitaret,
393 720 470 767 uon
483 699 797 789 granafrumenti,
820 722 912 795 quae
925 700 966 769 in
980 712 1052 769 ter·
1102 726 1158 773 ces
1188 704 1228 772 in
1253 702 1430 772 stellatum
1457 700 1572 771 octavi
1595 698 1694 769 orbis
1728 690 1876 765 chorum
1906 692 2092 762 translatos

58 822 134 869 ram
147 800 285 870 honam
300 798 522 897 ecciderunt,
544 824 620 868 non
640 801 843 871 fructiferae
862 802 977 872 olivae
993 824 1052 871 ra-
1103 806 1256 889 audivit,
1280 804 1352 871 iam
1372 824 1479 895 supra
1496 800 1641 872 tertium
1662 798 1799 868 coelum
1819 796 1952 865 versari
1971 816 2007 863 se
2023 818 2092 886 pu-

59 922 155 985 rnes,
186 900 249 971 sed
271 900 806 999 putridsletfoetidaeadavera
821 904 923 974 istius
943 904 1052 973 maris
1103 922 1153 978 tat
1180 908 1327 997 dignum
1359 906 1404 975 ab
1433 901 1733 975 excellentissimis
1761 898 1833 965 illis
1856 894 2034 967 mentibus
2059 908 2093 965 et

58 1002 183 1095 mgni
201 1004 475 1095 supernatantia
490 1004 840 1095 fluctibus-elegerit,
864 1006 995 1099 quihus
1018 1018 1053 1075 et
1102 1010 1237 1102 optimo
1253 1006 1330 1078 Deo
1351 1020 1491 1078 tantum
1516 1007 1553 1073 in
1582 1004 1748 1074 omnibus
1767 999 1913 1069 erudiri.
1975 998 2094 1088 Atque

59 1104 452 1197 pateretur'etferales
468 1104 679 1176 excitaretur
693 1107 900 1178 adcantus?
949 1105 1053 1179 Reli-
1103 1113 1152 1182 ita
1186 1112 1273 1180 dum
1301 1109 1340 1178 iu
1367 1102 1635 1179 sublimioribus
1664 1102 1895 1191 coeliglobis
1923 1099 2094 1183 ambulat,

60 1204 258 1297 giosissitun'
278 1204 427 1299 usuque:
443 1218 478 1276 et
494 1206 722 1296 integerrima
742 1209 835 1281 vitae
857 1222 1052 1279 etmorum
1103 1212 1306 1283 Pontificias
1327 1213 1440 1301 leges,
1469 1232 1559 1303 quae
1580 1231 1685 1300 super
1706 1219 1835 1277 terram
1851 1204 1966 1271 solum
1984 1200 2095 1288 ligare

61 1307 242 1398 ereurpla,
268 1298 361 1399 quae
378 1304 515 1379 Romae
543 1306 628 1403 (etsi
648 1309 905 1407 disrumpatur)
926 1334 1053 1405 quom
1103 1328 1270 1407 possunt,
1294 1312 1487 1383 contemnit
1511 1311 1686 1382 audacter.
1748 1304 1929 1394 Quoniam
1952 1322 2095 1395 nanque

63 1409 219 1503 plurim
238 1408 408 1505 sidentur
427 1423 465 1480 et
484 1410 624 1495 lucent,
647 1412 821 1503 respicere
845 1414 980 1484 noluit:
1015 1424 1052 1483 at
1103 1416 1361 1509 promulgatam
1388 1415 1502 1503 legem
1537 1425 1659 1483 contra
1691 1408 1892 1497 ingeniosos
1922 1406 2095 1498 quosdam

62 1533 150 1605 quam
175 1509 233 1579 ibi
250 1522 432 1601 corrupta,
454 1534 555 1603 quae
575 1513 669 1583 male
690 1514 822 1584 olentia
845 1512 1052 1608 (intubique
1104 1531 1265 1602 noverat,
1292 1518 1354 1610 qui
1374 1536 1440 1607 pro
1463 1513 1598 1602 ingenii
1620 1510 1757 1605 proprii
1785 1509 1922 1579 viribus
1947 1505 2093 1597 captatis

62 1610 220 1703 gentium
237 1612 457 1713 tatisumtta
469 1612 721 1707 reperiuntur)
745 1616 900 1702 invenit,
933 1640 972 1684 ea
994 1640 1054 1684 ro·
1104 1620 1316 1713 quibusdam
1328 1615 1699 1687 verisimilitudinihus
1713 1612 1758 1681 ad
1772 1611 1863 1680 illud
1877 1633 2016 1677 sensum
2038 1607 2095 1675 di-

62 1728 136 1783 stro
150 1724 186 1781 et
200 1710 382 1801 unguibus
397 1726 523 1807 tenens
536 1710 604 1783 hoc
621 1728 813 1786 tartareum
831 1718 942 1787 melos
963 1716 1054 1787 effu·
1103 1722 1205 1791 vinas
1226 1716 1414 1790 trahebant
1437 1718 1590 1801 litteras,
1629 1713 1724 1808 quod
1751 1713 1821 1781 sihi
1841 1725 1964 1803 sponte
1992 1730 2095 1801 prae·

61 1816 132 1887 dit..
179 1810 503 1885 -vccumentmvem
524 1840 597 1911 quo
617 1840 693 1887 non
712 1840 851 1910 semper
873 1821 1053 1905 crocitare,
1105 1836 1326 1916 sumpserant
1340 1822 1532 1913 iubereque
1545 1815 1766 1908 Principem,
1788 1813 2020 1885 utmaiorum
2032 1832 2116 1879 ve»

61 1918 172 1987 sedet
183 1908 385 1986 ltmnanut'u
405 1918 620 2010 quandoque
639 1942 838 1990 sermonem
852 1922 1054 2013 exprimere
1105 1926 1207 2015 stigia
1221 1949 1262 1993 ac
1274 1924 1483 1993 traditiones
1494 1935 1636 2013 patrum
1651 1918 1800 2012 quisque
1814 1927 1996 2007 sequatur,
2021 1910 2094 1983 cal.-

10 2084 12 2091 .
61 2018 256 2101 danatus.
273 2017 413 2087 divinas
434 2018 579 2089 adducit
599 2020 750 2107 litteras,
783 2023 914 2116 quibus
940 2036 974 2092 et
997 2022 1054 2091 in·
1105 2028 1199 2097 lidus
1213 2023 1278 2095 iste
1292 2025 1396 2095 viret
1410 2036 1556 2106 astutus,
1573 2021 1637 2116 qui
1651 2044 1687 2089 se
1703 2018 1752 2088 ita
1766 2015 1989 2105 ingeniosum
2004 2011 2094 2083 exti-

61 2118 327 2211 dulgentiarum
357 2132 392 2189 et
422 2118 576 2189 aliarum
614 2145 733 2192 rerum
768 2125 952 2195 veritatem
984 2125 1054 2192 im·
1104 2129 1195 2198 mari
1209 2127 1433 2196 ahomnibus
1450 2124 1606 2208 allectat,
1630 2136 1672 2193 ut
1687 2121 1761 2212 ipse
1785 2140 1821 2186 se
1841 2117 1986 2209 pendet,
2012 2114 2094 2207 qui-

60 2240 221 2313 pugnare
241 2221 328 2290 dum
350 2221 491 2305 eredit,¹
510 2221 561 2290 ita
583 2222 727 2293 demum
752 2248 789 2293 se
809 2249 882 2294 esse
905 2248 1053 2295 corvum
1104 2253 1174 2325 que
1187 2242 1320 2299 veteres
1337 2228 1469 2297 imitari
1483 2248 1638 2295 errorem
1655 2220 1763 2306 ducit,
1783 2242 1853 2313 quo
1867 2212 1959 2288 hanc
1975 2218 2094 2305 legum

62 2322 234 2417 ostendit,
253 2320 331 2417 'qui
353 2344 460 2413 quam
479 2323 617 2412 effingit
638 2324 812 2395 officiosae
832 2327 1054 2396 salutationis
1105 2328 1355 2401 authoritatem
1380 2329 1635 2416 subterfugeret
1657 2325 1704 2393 ab
1724 2320 1946 2391 obedientiae
1964 2332 1999 2388 et
2014 2340 2093 2386 mo-

63 2446 185 2495 vorem
195 2438 436 2515 prorsus'non
451 2423 637 2521 intelli-gat.
683 2421 804 2498 Audet
812 2424 1054 2498 nihilominus
1104 2432 1235 2503 destiae
1250 2431 1375 2502 ductili
1390 2444 1493 2514 terra,
1509 2430 1548 2497 in
1557 2452 1628 2521 qua
1641 2424 1836 2496 verecundi
1849 2419 2013 2491 homines
2028 2414 2094 2489 ha-

63 2524 197 2617 apcrtis³
224 2524 391 2593 faucibus
427 2526 676 2616 superbissime
704 2529 870 2599 clamare:
920 2528 1054 2600 Doceat
1103 2535 1237 2620 bitant,
1267 2535 1313 2602 ad
1335 2545 1500 2602 octavum
1521 2531 1613 2601 illud
1635 2529 1790 2608 eoelum,
1819 2525 1865 2594 ad
1877 2525 1977 2593 illam
1993 2521 2095 2591 cubi·

61 2650 131 2711 use,
153 2636 303 2697 revoca
318 2648 392 2710 me,
417 2626 481 2719 qui
501 2628 566 2698 scit
583 2640 617 2698 et
635 2642 760 2720 potest.
810 2629 952 2701 Scirent
968 2656 1053 2725 pro-
1104 2660 1180 2707 cam
1201 2636 1421 2705 firmissimae
1441 2647 1548 2727 atque
1567 2627 1862 2725 pertinacissimae
1883 2622 2094 2695 obstinatio·

64 2730 149 2799 tecta
161 2727 290 2811 multi,
308 2718 499 2812 Martius,
526 2742 563 2799 te
580 2732 706 2801 docere
732 2745 766 2801 et
784 2756 859 2802 non
881 2734 989 2803 modo
1007 2736 1052 2803 ab
1104 2739 1160 2807 nis
1175 2739 1406 2808 temeritatem
1423 2735 1665 2818 transvolavit,
1677 2737 1784 2825 quam
1799 2728 1951 2819 gloriosa
1969 2720 2094 2794 haere-

64 2830 197 2915 errore',
221 2828 284 2899 sed
305 2841 341 2897 et
354 2830 399 2898 ab
413 2828 554 2914 inferis,
575 2857 649 2927 quo
671 2856 856 2926 properas,
877 2832 1057 2920 revocare,
1102 2842 1253 2911 ticorum
1277 2850 1435 2908 monstra
1461 2838 1624 2907 incolunt
1654 2849 1689 2905 et
1708 2831 1912 2903 clarissimis
1936 2828 2094 2897 voeabu-

65 2932 234 3015 sirelles3
260 2932 322 2999 sed
336 2927 589 3025 quoniamhoc
603 2947 643 3003 tu
655 2938 730 3003 ison
743 2936 809 3021 eis,
834 2932 901 3006 hoc
915 2938 969 3006 illi
982 2938 1053 3007 mi·-
1103 2944 1149 3011 lis
1181 2941 1401 3030 evangelicae
1426 2938 1633 3023 Doctrinae,
1676 2933 1848 3005 Paulinae
1875 2926 2093 3017 Theologiae

58 3032 162 3101 ‘nime'
174 3044 344 3127 possunt.r
387 3030 570 3123 Cupidmn
583 3047 618 3103 te
633 3037 791 3107 discendi
807 3038 967 3123 simulas,
989 3040 1052 3131 qui
1102 3038 1395 3136 Christianaeque
1416 3041 1591 3110 libertatis
1608 3038 1720 3106 veluti
1742 3032 1968 3104 lucidissimis
1988 3030 2092 3123 syde-

66 3134 226 3203 tuende·
240 3133 289 3201 si's
310 3132 559 3223 cupidissimus
582 3136 773 3231 malisque,
810 3139 920 3209 immo
942 3152 978 3211 et
994 3140 1053 3209 iu-
1102 3146 1202 3215 rihus
1227 3156 1408 3213 exornant.
1458 3139 1554 3211 lllud
1572 3154 1692 3211 tamen
1712 3138 1892 3208 decretum
1908 3156 1990 3217 vos,
2011 3127 2092 3199 Viri

43 3232 210 3318 'meris-5
227 3246 306 3303 ¹tua
323 3230 449 3329 potius
472 3228 700 3328 impudenter
728 3240 904 3331 ingerere,
944 3264 1052 3336 quam
1103 3244 1286 3329 Germani,
1304 3245 1367 3339 qui
1381 3239 1496 3313 adhuc
1510 3243 1551 3311 in
1566 3257 1659 3312 terra
1671 3240 1808 3330 degitis,
1826 3236 1955 3307 audite.
2006 3226 2093 3302 DE·

68 3334 348 3409 alienemodeste
361 3336 507 3410 discere.-
559 3336 633 3407 Vos
647 3355 776 3426 autem,
788 3342 859 3413 viri
868 3340 1051 3429 Germani,
1102 3344 1323 3419 CRETUM.
1373 3340 1432 3416 Ad
1452 3345 1587 3413 maiora
1605 3343 1805 3426 veniamus,
1829 3337 1959 3432 quihus
1976 3334 2093 3404 maui-

68 3460 102 3505 α
115 3432 177 3505 his
196 3432 377 3532 (obsecro)
399 3438 571 3523 iudicate,
594 3466 639 3509 an
663 3466 747 3513 vere
768 3445 901 3515 discere
921 3447 1050 3537 cupiat.
1102 3451 1187 3520 feste
1202 3449 1376 3537 cogemini
1387 3440 1566 3517 Laterum
1583 3447 1690 3515 istum
1703 3442 1825 3525 fateri,
1846 3463 1926 3511 eum
1940 3458 2012 3507 esse
2024 3431 2092 3505 ho·

10 3556 17 3595 .·
67 3534 197 3607 Clunat
209 3532 350 3607 Esaias:
363 3574 367 3583 ·
381 3536 460 3609 Nisi
477 3543 713 3627 credideritis,
740 3570 815 3613 non
837 3547 1050 3637 intelligetis.
1096 3552 1233 3621 minem
1250 3549 1339 3646 (nisi
1356 3552 1448 3620 forte
1462 3564 1596 3619 astrum
1615 3547 1687 3617 dici
1703 3569 1740 3617 se
1753 3542 1884 3638 malit),
1904 3562 2011 3635 quem
2026 3562 2092 3605 Πῦ-

10 3688 14 3711 .
69 3634 110 3708 lt
121 3634 340 3725 Martinus,
363 3641 427 3733 qui
443 3640 519 3711 iam
544 3666 581 3713 se
605 3669 812 3733 permanere
836 3649 875 3717 in
903 3651 1050 3719 ¹veritate
1101 3678 1170 3747 que
1183 3650 1364 3722 Pontificis
1377 3650 1534 3725 Romani
1550 3644 1767 3734 authoritas,
1789 3669 1904 3739 neque
1918 3638 2092 3712 Christia-

67 3740 230 3821 ocutis.
260 3764 484 3834 nequaquam
511 3745 730 3835 sapientibus
754 3752 897 3820 credere
920 3753 1051 3837 statuit,
1101 3780 1232 3825 norum
1252 3752 1460 3846 Principtun
1484 3768 1526 3831 et¹
1539 3752 1753 3845 populorum
1777 3745 2006 3825 existimatio,
2027 3765 2092 3810 ne-

10 3828 18 3865 *
67 3838 314 3931 tet-intelligat,
336 3844 401 3911 sed
420 3846 540 3913 omnia
558 3848 685 3917 melius
707 3862 743 3919 et
763 3853 900 3945 acutius
922 3853 994 3923 illis
1014 3878 1050 3923 se
1101 3880 1170 3949 que
1191 3859 1283 3945 leges
1301 3856 1396 3925 ullae
1412 3878 1571 3925 coercere
1592 3852 1738 3945 possint.
1789 3847 1929 3937 Quodsi
1951 3866 2091 3913 necesse

10 3877 26 4050 l
67 3942 263 4033 irttelligere
276 3944 486 4029 arbitratur,
507 3960 550 4019 ut
563 3944 658 4017 nihil
677 3952 814 4038 credat,
838 3968 879 4023 ut
899 3949 1051 4025 haereti·
1101 3971 1153 4027 cst
1168 3959 1305 4026 lancem
1324 3956 1363 4025 in
1382 3958 1474 4026 libra
1494 3956 1711 4048 ponderibus
1733 3950 1906 4043 impositis
1927 3945 2090 4037 deprimi,

10 4052 23 4141 t
66 4066 119 4113 ms
140 4058 176 4115 et
196 4044 244 4114 sit
262 4058 299 4114 et
312 4040 496 4117 habeatur.
546 4047 728 4121 Admonet
755 4056 912 4145 sapiens:
962 4054 1049 4126 Esto
1102 4060 1150 4128 sic
1165 4060 1302 4128 animos
1315 4072 1449 4128 vestros
1465 4053 1530 4139 his,
1546 4080 1636 4149 quae
1651 4078 1747 4123 stunt:
1760 4055 1886 4132 dicam,
1895 4044 2089 4142 perspicuis

10 4158 21 4245 ξ
66 4158 263 4217 masuetus
282 4146 328 4215 ad
344 4149 563 4217 audiendum
585 4154 735 4223 verbum
749 4150 836 4239 Dei,
856 4170 897 4227 ut
917 4158 1050 4229 intelli-
1101 4174 1135 4229 et
1157 4159 1448 4230 manifestissimis
1468 4160 1589 4227 cedere
1613 4155 1799 4248 oportebit.
1850 4146 2090 4222 Prudentissi-

10 4249 26 4365 ἱ
66 4264 128 4335 ges.
177 4244 229 4317 Et
240 4242 367 4317 Esaias
386 4250 451 4317 ait:
485 4244 546 4319 Ad
575 4256 868 4327 annunciandum
886 4284 1050 4329 mansue-
1100 4286 1179 4330 mtrs
1199 4257 1257 4331 hic
1276 4274 1395 4331 noster
1406 4254 1603 4329 Martinus
1629 4281 1739 4351 quum
1760 4256 1905 4323 omnino
1928 4253 2089 4321 futurum

10 4382 23 4417 c
65 4348 109 4417 tis·
134 4348 236 4418 misit
268 4372 336 4419 me.
408 4346 456 4421 Et
489 4348 653 4424 lacobus:
704 4354 748 4426 In
779 4362 1050 4431 mansuetudine
1101 4364 1218 4433 videat
1232 4360 1357 4456 (modo
1370 4363 1488 4431 virere
1503 4361 1616 4456 velit),
1633 4374 1674 4429 ut
1687 4355 1915 4427 velPontifici
1927 4350 2088 4421 Maximo

65 4448 221 4541 suscipite
235 4448 384 4520 insitum
396 4454 558 4537 verbum,
578 4458 676 4548 quod
695 4472 809 4550 potest
823 4462 957 4532 salvare
971 4465 1051 4532 ani·
1100 4478 1221 4556 pareat
1236 4480 1340 4559 atque
1355 4465 1482 4532 ineius
1496 4474 1665 4553 potestate
1681 4461 1735 4543 sit,
1750 4460 1807 4527 vel
1824 4458 1868 4526 ad
1877 4453 2014 4525 Turcas
2028 4466 2089 4533 aut

65 4565 131 4619 mes
148 4562 296 4623 vestras.
354 4548 621 4626 tlt-Martinus
645 4572 739 4629 totus
764 4586 866 4653 asper
894 4576 929 4635 et
951 4567 1049 4636 ferox
1100 4561 1279 4635 Bohemos
1293 4566 1481 4655 confugiat,
1505 4565 1606 4657 isque
1622 4562 1681 4631 ille
1696 4563 1753 4645 sit,
1766 4560 1828 4655 qui
1842 4554 1935 4627 nihil
1948 4558 2020 4625 iam
2031 4578 2090 4625 ar-

63 4652 264 4765 psgnadm
276 4654 443 4723 omnihus
456 4658 622 4727 resistens
634 4684 749 4754 neque
765 4664 889 4733 audire
901 4667 990 4749 vult,
1009 4681 1049 4737 ut
1099 4668 1207 4738 bitrio
1226 4692 1289 4737 suo
1313 4668 1426 4737 facere
1450 4666 1577 4757 possit:
1612 4664 1674 4734 sed
1696 4688 1737 4732 eo
1760 4684 1896 4753 semper
1918 4652 2088 4738 trahatur,

66 4752 247 4843 ΜΕΝ,
270 4776 387 4847 ”eque
402 4754 617 4848 inlelllgffls
641 4776 682 4831 Ui
701 4764 792 4832 bene
812 4780 902 4854 agat.
952 4764 1050 4838 Hor-
1100 4794 1171 4862 quo
1200 4768 1381 4861 superbia,
1420 4792 1491 4861 quo
1523 4766 1719 4850 temeritas,
1759 4789 1829 4859 quo
1860 4764 1978 4843 furor,
2017 4780 2087 4849 quo

10 4917 26 4961 ι
67 4862 151 4923 utut·
164 4850 389 4945 Augustinus
404 4856 441 4925 in
463 4861 581 4950 primo
599 4864 646 4931 de
661 4864 822 4935 doctrina
833 4862 1049 4953 Christiana,
1098 4870 1272 4940 Diabolus
1286 4871 1380 4961 rapit
1404 4870 1611 4962 diffidatque
1630 4891 1666 4935 se
1686 4890 1845 4960 unquam
1864 4863 1902 4931 in
1918 4870 2087 4952 potestate

10 4965 30 5034 ἱ
69 4964 191 5025 etcum
204 4978 337 5045 magna
354 4960 595 5033 moderatione
612 4966 723 5035 animi
739 4968 966 5039 subiiciamus
982 4995 1049 5040 nos
1099 4970 1283 5041 Pontificio
1312 4995 1385 5041 esse
1410 4995 1527 5063 posse,
1561 4970 1621 5064 qui
1649 4970 1686 5037 iu
1712 4994 1772 5037 sua
1801 4963 1957 5033 nonsit:
1990 4958 2088 5045 eligit

10 5070 33 5164 ς
45 5110 50 5117 .
64 5042 246 5169 hominum
263 5056 491 5150 disciplinae,
522 5088 638 5157 neque
660 5070 908 5159 superbissime
932 5084 966 5141 et
987 5096 1050 5165 pe-
1099 5074 1169 5142 iam
1191 5074 1359 5158 altemm,
1382 5075 1480 5145 utad
1494 5072 1656 5140 inimicos
1671 5067 1795 5139 Crucis
1809 5062 1940 5135 Christi
1961 5076 1995 5129 et
2008 5056 2086 5131 Ito-

10 5168 37 5328 }
71 5157 307 5269 utmosissime
321 5176 539 5252 expectemus
553 5180 588 5236 et
603 5190 668 5236 nos
687 5170 764 5260 rapi
786 5196 897 5267 usque
911 5176 957 5243 ad
978 5188 1049 5243 ter-
1097 5200 1226 5245 manae
1240 5176 1404 5245 ecclesiae
1418 5186 1581 5245 transeat.
1633 5170 1731 5257 Quid
1751 5170 1846 5238 cuim
1861 5164 1959 5233 aliud
1977 5162 2085 5230 verba

72 5260 308 5329 tum-ccetum
340 5262 414 5331 sive
442 5264 665 5359 incorpore,
702 5272 777 5340 sive
801 5288 895 5343 extra
921 5300 1047 5369 corpus
1099 5277 1161 5347 illa
1186 5291 1332 5361 sonant,
1365 5276 1495 5371 quibus
1523 5273 1688 5366 periculis
1714 5284 1748 5339 et
1772 5268 1880 5337 minis
1908 5260 2086 5333 occurrit?

18 5330 40 5500 i
71 5348 120 5441 (tlt
134 5358 220 5437 dicit
233 5356 446 5461 Apostolus)
470 5379 504 5437 et
524 5368 575 5437 ihi
601 5372 724 5441 audire
747 5373 960 5463 ineffabilia,
990 5378 1047 5449 vel
1097 5374 1246 5451 Domini
1261 5392 1314 5451 est
1325 5393 1418 5449 terra
1435 5390 1469 5447 et
1481 5374 1666 5468 plenitudo
1682 5372 1768 5444 eius.
1816 5366 1865 5441 Ut
1878 5366 1986 5457 igitur
1999 5366 2086 5435 ists-
