<?xml version="1.0" encoding="UTF-8"?>
<!DOCTYPE html PUBLIC "-//W3C//DTD XHTML 1.0 Transitional//EN"
    "http://www.w3.org/TR/xhtml1/DTD/xhtml1-transitional.dtd">
<html xmlns="http://www.w3.org/1999/xhtml" xml:lang="en" lang="en">
 <head>
  <title>
</title>
<meta http-equiv="Content-Type" content="text/html;charset=utf-8" />
  <meta name='ocr-system' content='tesseract 3.04.00' />
  <meta name='ocr-capabilities' content='ocr_page ocr_carea ocr_par ocr_line ocrx_word'/>
</head>
<body>
  <div class='ocr_page' id='page_1' title='image "./corpusreformato07melagoog/corpusreformato07melagoog_0516.png"; bbox 0 0 4500 5782; ppageno 0'>
   <div class='ocr_carea' id='block_1_1' title="bbox 101 184 2146 335">
    <p class='ocr_par' dir='ltr' id='par_1_1' title="bbox 101 184 2146 335">
     <span class='ocr_line' id='line_1_1' title="bbox 101 184 2146 335; baseline -0.006 -2"><span class='ocrx_word' id='word_1_1' title='bbox 101 244 230 335; x_wconf 78' lang='lat' dir='ltr'>sn·</span> <span class='ocrx_word' id='word_1_2' title='bbox 323 202 330 213; x_wconf 71' lang='grc'><strong>’</strong></span> <span class='ocrx_word' id='word_1_3' title='bbox 679 226 1116 329; x_wconf 69' lang='lat' dir='ltr'>anieron-annu</span> <span class='ocrx_word' id='word_1_4' title='bbox 1162 216 1569 329; x_wconf 72' lang='lat' dir='ltr'>ctn‘111.’³1&#39;d2‘us</span> <span class='ocrx_word' id='word_1_5' title='bbox 1727 278 1730 287; x_wconf 93' lang='lat'>·</span> <span class='ocrx_word' id='word_1_6' title='bbox 1981 184 2146 321; x_wconf 52' lang='lat' dir='ltr'>⁸s&#39;ss&#39;·</span> 
     </span>
    </p>
   </div>
   <div class='ocr_carea' id='block_1_2' title="bbox 99 382 2133 726">
    <p class='ocr_par' dir='ltr' id='par_1_2' title="bbox 99 382 2133 726">
     <span class='ocr_line' id='line_1_2' title="bbox 99 382 2133 518; baseline -0.008 -13"><span class='ocrx_word' id='word_1_7' title='bbox 99 428 237 505; x_wconf 82' lang='lat' dir='ltr'>Christi</span> <span class='ocrx_word' id='word_1_8' title='bbox 252 450 328 501; x_wconf 86' lang='lat' dir='ltr'>non</span> <span class='ocrx_word' id='word_1_9' title='bbox 343 405 556 501; x_wconf 82' lang='lat' dir='ltr'>sufficienter</span> <span class='ocrx_word' id='word_1_10' title='bbox 571 428 738 499; x_wconf 85' lang='lat' dir='ltr'>meruisse</span> <span class='ocrx_word' id='word_1_11' title='bbox 748 404 993 498; x_wconf 83' lang='lat' dir='ltr'>remissionem</span> <span class='ocrx_word' id='word_1_12' title='bbox 1009 397 1092 518; x_wconf 80' lang='lat' dir='ltr'>pec·</span> <span class='ocrx_word' id='word_1_13' title='bbox 1142 398 1233 496; x_wconf 86' lang='lat' dir='ltr'>lfnm</span> <span class='ocrx_word' id='word_1_14' title='bbox 1245 450 1376 500; x_wconf 89' lang='lat' dir='ltr'>rernm.</span> <span class='ocrx_word' id='word_1_15' title='bbox 1427 424 1499 497; x_wconf 85' lang='lat' dir='ltr'>Sed</span> <span class='ocrx_word' id='word_1_16' title='bbox 1521 420 1590 493; x_wconf 91' lang='lat' dir='ltr'>hoc</span> <span class='ocrx_word' id='word_1_17' title='bbox 1608 422 1679 513; x_wconf 89' lang='lat' dir='ltr'>agit</span> <span class='ocrx_word' id='word_1_18' title='bbox 1693 382 1837 509; x_wconf 65' lang='lat' dir='ltr'>Faber,</span> <span class='ocrx_word' id='word_1_19' title='bbox 1861 439 1896 495; x_wconf 90' lang='lat' dir='ltr'>et</span> <span class='ocrx_word' id='word_1_20' title='bbox 1917 394 2133 504; x_wconf 57' lang='lat' dir='ltr'>simites&#39;jm</span> 
     </span>
     <span class='ocr_line' id='line_1_3' title="bbox 101 522 2133 630; baseline -0.007 -25"><span class='ocrx_word' id='word_1_21' title='bbox 101 546 274 606; x_wconf 82' lang='lat' dir='ltr'>catorum.</span> <span class='ocrx_word' id='word_1_22' title='bbox 326 532 433 617; x_wconf 90' lang='lat' dir='ltr'>ltem,</span> <span class='ocrx_word' id='word_1_23' title='bbox 450 529 614 603; x_wconf 88' lang='lat' dir='ltr'>Christus</span> <span class='ocrx_word' id='word_1_24' title='bbox 628 532 690 600; x_wconf 89' lang='lat' dir='ltr'>ait:</span> <span class='ocrx_word' id='word_1_25' title='bbox 716 528 799 601; x_wconf 84' lang='lat' dir='ltr'>Hoc</span> <span class='ocrx_word' id='word_1_26' title='bbox 812 524 935 630; x_wconf 81' lang='lat' dir='ltr'>facite</span> <span class='ocrx_word' id='word_1_27' title='bbox 955 525 995 596; x_wconf 76' lang='lat' dir='ltr'>in</span> <span class='ocrx_word' id='word_1_28' title='bbox 1021 522 1095 596; x_wconf 71' lang='grc' dir='ltr'>νηοὶ</span> <span class='ocrx_word' id='word_1_29' title='bbox 1143 530 1356 601; x_wconf 86' lang='lat' dir='ltr'>conservatis</span> <span class='ocrx_word' id='word_1_30' title='bbox 1372 527 1520 622; x_wconf 86' lang='lat' dir='ltr'>privatis</span> <span class='ocrx_word' id='word_1_31' title='bbox 1530 522 1663 610; x_wconf 93' lang='lat' dir='ltr'>Missis,</span> <span class='ocrx_word' id='word_1_32' title='bbox 1686 539 1867 619; x_wconf 89' lang='lat' dir='ltr'>praetextu</span> <span class='ocrx_word' id='word_1_33' title='bbox 1883 522 1991 596; x_wconf 91' lang='lat' dir='ltr'>buius</span> <span class='ocrx_word' id='word_1_34' title='bbox 2006 542 2133 592; x_wconf 89' lang='lat' dir='ltr'>secun-</span> 
     </span>
     <span class='ocr_line' id='line_1_4' title="bbox 101 624 2131 726; baseline -0.006 -21"><span class='ocrx_word' id='word_1_35' title='bbox 101 632 318 705; x_wconf 81' lang='lat' dir='ltr'>memoriam</span> <span class='ocrx_word' id='word_1_36' title='bbox 332 650 397 706; x_wconf 90' lang='lat' dir='ltr'>etc.</span> <span class='ocrx_word' id='word_1_37' title='bbox 448 632 586 704; x_wconf 91' lang='lat' dir='ltr'>Mortui</span> <span class='ocrx_word' id='word_1_38' title='bbox 604 656 677 702; x_wconf 91' lang='lat' dir='ltr'>non</span> <span class='ocrx_word' id='word_1_39' title='bbox 701 646 862 703; x_wconf 81' lang='lat' dir='ltr'>exercent</span> <span class='ocrx_word' id='word_1_40' title='bbox 885 630 1093 700; x_wconf 81' lang='lat' dir='ltr'>memoriam</span> <span class='ocrx_word' id='word_1_41' title='bbox 1143 635 1209 704; x_wconf 90' lang='lat' dir='ltr'>dae</span> <span class='ocrx_word' id='word_1_42' title='bbox 1223 632 1403 726; x_wconf 80' lang='lat' dir='ltr'>opinionis</span> <span class='ocrx_word' id='word_1_43' title='bbox 1417 626 1631 700; x_wconf 90' lang='lat' dir='ltr'>nundinatio</span> <span class='ocrx_word' id='word_1_44' title='bbox 1645 640 1889 716; x_wconf 89' lang='lat' dir='ltr'>conservetur,</span> <span class='ocrx_word' id='word_1_45' title='bbox 1911 640 1946 697; x_wconf 90' lang='lat' dir='ltr'>et</span> <span class='ocrx_word' id='word_1_46' title='bbox 1959 624 2131 718; x_wconf 83' lang='lat' dir='ltr'>paulatim</span> 
     </span>
    </p>
   </div>
   <div class='ocr_carea' id='block_1_3' title="bbox 102 838 227 913">
    <p class='ocr_par' dir='ltr' id='par_1_3' title="bbox 102 838 227 913">
     <span class='ocr_line' id='line_1_5' title="bbox 102 838 227 913; baseline -0.008 -1"><span class='ocrx_word' id='word_1_47' title='bbox 102 838 227 913; x_wconf 76' lang='lat' dir='ltr'>Missa.</span> 
     </span>
    </p>
   </div>
   <div class='ocr_carea' id='block_1_4' title="bbox 101 729 1809 833">
    <p class='ocr_par' dir='ltr' id='par_1_4' title="bbox 101 729 1809 833">
     <span class='ocr_line' id='line_1_6' title="bbox 101 729 1809 833; baseline -0.004 -26"><span class='ocrx_word' id='word_1_48' title='bbox 101 738 278 833; x_wconf 75' lang='lat' dir='ltr'>passionis</span> <span class='ocrx_word' id='word_1_49' title='bbox 297 731 442 810; x_wconf 86' lang='lat' dir='ltr'>Christi.</span> <span class='ocrx_word' id='word_1_50' title='bbox 507 733 604 827; x_wconf 88' lang='lat' dir='ltr'>Ergo</span> <span class='ocrx_word' id='word_1_51' title='bbox 636 734 787 805; x_wconf 78' lang='lat' dir='ltr'>mortuis</span> <span class='ocrx_word' id='word_1_52' title='bbox 825 729 917 803; x_wconf 90' lang='lat' dir='ltr'>nihil</span> <span class='ocrx_word' id='word_1_53' title='bbox 950 734 1095 827; x_wconf 88' lang='lat' dir='ltr'>prodest</span> <span class='ocrx_word' id='word_1_54' title='bbox 1142 749 1326 808; x_wconf 86' lang='lat' dir='ltr'>revocetur</span> <span class='ocrx_word' id='word_1_55' title='bbox 1341 734 1456 827; x_wconf 90' lang='lat' dir='ltr'>prima</span> <span class='ocrx_word' id='word_1_56' title='bbox 1472 730 1596 822; x_wconf 88' lang='lat' dir='ltr'>opinio</span> <span class='ocrx_word' id='word_1_57' title='bbox 1612 729 1656 799; x_wconf 89' lang='lat' dir='ltr'>de</span> <span class='ocrx_word' id='word_1_58' title='bbox 1670 732 1809 805; x_wconf 89' lang='lat' dir='ltr'>merito.</span> 
     </span>
    </p>
   </div>
   <div class='ocr_carea' id='block_1_5' title="bbox 1244 826 2134 923">
    <p class='ocr_par' dir='ltr' id='par_1_5' title="bbox 1244 826 2134 923">
     <span class='ocr_line' id='line_1_7' title="bbox 1244 826 2134 923; baseline -0.013 -15"><span class='ocrx_word' id='word_1_59' title='bbox 1244 837 1284 908; x_wconf 89' lang='lat' dir='ltr'>Si</span> <span class='ocrx_word' id='word_1_60' title='bbox 1301 850 1381 907; x_wconf 89' lang='lat' dir='ltr'>ante</span> <span class='ocrx_word' id='word_1_61' title='bbox 1395 827 1602 904; x_wconf 81' lang='lat' dir='ltr'>Lutderum</span> <span class='ocrx_word' id='word_1_62' title='bbox 1624 828 1671 902; x_wconf 76' lang='lat' dir='ltr'>de&#39;</span> <span class='ocrx_word' id='word_1_63' title='bbox 1693 833 1886 923; x_wconf 89' lang='lat' dir='ltr'>gratiarum</span> <span class='ocrx_word' id='word_1_64' title='bbox 1905 831 2043 902; x_wconf 90' lang='lat' dir='ltr'>actione</span> <span class='ocrx_word' id='word_1_65' title='bbox 2066 826 2134 897; x_wconf 93' lang='lat' dir='ltr'>do-</span> 
     </span>
    </p>
   </div>
   <div class='ocr_carea' id='block_1_6' title="bbox 204 930 2206 1029">
    <p class='ocr_par' dir='ltr' id='par_1_6' title="bbox 204 930 2206 1029">
     <span class='ocr_line' id='line_1_8' title="bbox 204 930 2206 1029; baseline -0.008 -18"><span class='ocrx_word' id='word_1_66' title='bbox 204 940 304 1011; x_wconf 89' lang='lat' dir='ltr'>Haec</span> <span class='ocrx_word' id='word_1_67' title='bbox 326 952 408 1007; x_wconf 77' lang='lat' dir='ltr'>saint</span> <span class='ocrx_word' id='word_1_68' title='bbox 428 938 637 1029; x_wconf 84' lang='lat' dir='ltr'>praecipuae</span> <span class='ocrx_word' id='word_1_69' title='bbox 657 938 813 1007; x_wconf 90' lang='lat' dir='ltr'>rationes</span> <span class='ocrx_word' id='word_1_70' title='bbox 832 937 872 1005; x_wconf 92' lang='lat' dir='ltr'>in</span> <span class='ocrx_word' id='word_1_71' title='bbox 894 930 959 1004; x_wconf 88' lang='lat' dir='ltr'>hac</span> <span class='ocrx_word' id='word_1_72' title='bbox 981 956 1094 1017; x_wconf 89' lang='lat' dir='ltr'>causa,</span> <span class='ocrx_word' id='word_1_73' title='bbox 1127 939 1297 1011; x_wconf 82' lang='lat' dir='ltr'>&#39;coissent</span> <span class='ocrx_word' id='word_1_74' title='bbox 1315 933 1512 1027; x_wconf 88' lang='lat' dir='ltr'>Theologi,</span> <span class='ocrx_word' id='word_1_75' title='bbox 1533 960 1578 1005; x_wconf 90' lang='lat' dir='ltr'>ne</span> <span class='ocrx_word' id='word_1_76' title='bbox 1601 936 1724 1027; x_wconf 91' lang='lat' dir='ltr'>opinio</span> <span class='ocrx_word' id='word_1_77' title='bbox 1745 936 1789 1005; x_wconf 89' lang='lat' dir='ltr'>de</span> <span class='ocrx_word' id='word_1_78' title='bbox 1811 935 1937 1004; x_wconf 91' lang='lat' dir='ltr'>merito</span> <span class='ocrx_word' id='word_1_79' title='bbox 1959 944 2046 1003; x_wconf 90' lang='lat' dir='ltr'>esset</span> <span class='ocrx_word' id='word_1_80' title='bbox 2071 932 2135 1001; x_wconf 87' lang='lat' dir='ltr'>ad-</span> <span class='ocrx_word' id='word_1_81' title='bbox 2202 986 2206 995; x_wconf 92' lang='grc'><em>,</em></span> 
     </span>
    </p>
   </div>
   <div class='ocr_carea' id='block_1_7' title="bbox 89 1036 1107 5501">
    <p class='ocr_par' dir='ltr' id='par_1_7' title="bbox 89 1036 1107 4969">
     <span class='ocr_line' id='line_1_9' title="bbox 103 1036 1096 1137; baseline -0.007 -25"><span class='ocrx_word' id='word_1_82' title='bbox 103 1065 190 1137; x_wconf 80' lang='lat' dir='ltr'>quas</span> <span class='ocrx_word' id='word_1_83' title='bbox 209 1040 310 1111; x_wconf 80' lang='lat' dir='ltr'>volui</span> <span class='ocrx_word' id='word_1_84' title='bbox 330 1040 486 1109; x_wconf 88' lang='lat' dir='ltr'>breviter</span> <span class='ocrx_word' id='word_1_85' title='bbox 505 1040 680 1124; x_wconf 85' lang='lat' dir='ltr'>indicare,</span> <span class='ocrx_word' id='word_1_86' title='bbox 711 1053 751 1109; x_wconf 93' lang='lat' dir='ltr'>ut</span> <span class='ocrx_word' id='word_1_87' title='bbox 766 1037 905 1110; x_wconf 88' lang='lat' dir='ltr'>facilius</span> <span class='ocrx_word' id='word_1_88' title='bbox 924 1036 970 1105; x_wconf 86' lang='lat' dir='ltr'>ab</span> <span class='ocrx_word' id='word_1_89' title='bbox 990 1058 1096 1106; x_wconf 87' lang='lat' dir='ltr'>occu·</span> 
     </span>
     <span class='ocr_line' id='line_1_10' title="bbox 102 1138 1096 1237; baseline -0.009 -23"><span class='ocrx_word' id='word_1_90' title='bbox 102 1144 196 1237; x_wconf 82' lang='lat' dir='ltr'>patis</span> <span class='ocrx_word' id='word_1_91' title='bbox 217 1142 288 1232; x_wconf 88' lang='lat' dir='ltr'>legi</span> <span class='ocrx_word' id='word_1_92' title='bbox 305 1155 459 1233; x_wconf 82' lang='lat' dir='ltr'>possent.</span> <span class='ocrx_word' id='word_1_93' title='bbox 516 1138 639 1234; x_wconf 88' lang='lat' dir='ltr'>Neque</span> <span class='ocrx_word' id='word_1_94' title='bbox 662 1166 746 1211; x_wconf 83' lang='lat' dir='ltr'>vero</span> <span class='ocrx_word' id='word_1_95' title='bbox 766 1153 848 1210; x_wconf 93' lang='lat' dir='ltr'>sunt</span> <span class='ocrx_word' id='word_1_96' title='bbox 868 1142 962 1208; x_wconf 90' lang='lat' dir='ltr'>levcs</span> <span class='ocrx_word' id='word_1_97' title='bbox 984 1138 1096 1208; x_wconf 89' lang='lat' dir='ltr'>ratio-</span> 
     </span>
     <span class='ocr_line' id='line_1_11' title="bbox 103 1236 1095 1337; baseline -0.01 -20"><span class='ocrx_word' id='word_1_98' title='bbox 103 1266 186 1332; x_wconf 85' lang='lat' dir='ltr'>nes,</span> <span class='ocrx_word' id='word_1_99' title='bbox 206 1259 248 1315; x_wconf 88' lang='lat' dir='ltr'>ut</span> <span class='ocrx_word' id='word_1_100' title='bbox 262 1245 408 1313; x_wconf 86' lang='lat' dir='ltr'>fortasse</span> <span class='ocrx_word' id='word_1_101' title='bbox 429 1243 620 1313; x_wconf 76' lang='lat' dir='ltr'>arbitretur</span> <span class='ocrx_word' id='word_1_102' title='bbox 635 1236 780 1337; x_wconf 88' lang='lat' dir='ltr'>aliquis,</span> <span class='ocrx_word' id='word_1_103' title='bbox 803 1266 884 1313; x_wconf 92' lang='lat' dir='ltr'>cum</span> <span class='ocrx_word' id='word_1_104' title='bbox 907 1242 954 1310; x_wconf 92' lang='lat' dir='ltr'>ita</span> <span class='ocrx_word' id='word_1_105' title='bbox 977 1239 1095 1309; x_wconf 88' lang='lat' dir='ltr'>brevi-</span> 
     </span>
     <span class='ocr_line' id='line_1_12' title="bbox 89 1340 1096 1439; baseline -0.011 -20"><span class='ocrx_word' id='word_1_106' title='bbox 89 1362 159 1433; x_wconf 82' lang='lat' dir='ltr'>‚ter</span> <span class='ocrx_word' id='word_1_107' title='bbox 176 1358 383 1439; x_wconf 68' lang='lat' dir='ltr'>&#39;ponuntum</span> <span class='ocrx_word' id='word_1_108' title='bbox 425 1345 614 1413; x_wconf 89' lang='lat' dir='ltr'>maximam</span> <span class='ocrx_word' id='word_1_109' title='bbox 642 1345 714 1412; x_wconf 88' lang='lat' dir='ltr'>vim</span> <span class='ocrx_word' id='word_1_110' title='bbox 740 1340 872 1414; x_wconf 90' lang='lat' dir='ltr'>habent</span> <span class='ocrx_word' id='word_1_111' title='bbox 896 1341 1096 1435; x_wconf 78' lang='lat' dir='ltr'>explicatae.</span> 
     </span>
     <span class='ocr_line' id='line_1_13' title="bbox 102 1440 1097 1543; baseline -0.007 -23"><span class='ocrx_word' id='word_1_112' title='bbox 102 1446 230 1543; x_wconf 80' lang='lat' dir='ltr'>Neque</span> <span class='ocrx_word' id='word_1_113' title='bbox 249 1447 342 1538; x_wconf 88' lang='lat' dir='ltr'>apud</span> <span class='ocrx_word' id='word_1_114' title='bbox 360 1458 494 1515; x_wconf 84' lang='lat' dir='ltr'>veteres</span> <span class='ocrx_word' id='word_1_115' title='bbox 506 1466 657 1539; x_wconf 85' lang='lat' dir='ltr'>usquam</span> <span class='ocrx_word' id='word_1_116' title='bbox 673 1447 849 1538; x_wconf 89' lang='lat' dir='ltr'>reperitur</span> <span class='ocrx_word' id='word_1_117' title='bbox 864 1440 950 1513; x_wconf 85' lang='lat' dir='ltr'>haec</span> <span class='ocrx_word' id='word_1_118' title='bbox 962 1443 1097 1535; x_wconf 91' lang='lat' dir='ltr'>opinio,</span> 
     </span>
     <span class='ocr_line' id='line_1_14' title="bbox 105 1545 1096 1645; baseline -0.008 -25"><span class='ocrx_word' id='word_1_119' title='bbox 105 1552 203 1645; x_wconf 92' lang='lat' dir='ltr'>quod</span> <span class='ocrx_word' id='word_1_120' title='bbox 227 1548 340 1618; x_wconf 90' lang='lat' dir='ltr'>Missa</span> <span class='ocrx_word' id='word_1_121' title='bbox 363 1562 542 1618; x_wconf 89' lang='lat' dir='ltr'>mereatur</span> <span class='ocrx_word' id='word_1_122' title='bbox 574 1550 721 1636; x_wconf 84' lang='lat' dir='ltr'>gratiam</span> <span class='ocrx_word' id='word_1_123' title='bbox 750 1549 841 1616; x_wconf 88' lang='lat' dir='ltr'>vivis</span> <span class='ocrx_word' id='word_1_124' title='bbox 873 1560 908 1615; x_wconf 91' lang='lat' dir='ltr'>et</span> <span class='ocrx_word' id='word_1_125' title='bbox 936 1545 1096 1615; x_wconf 88' lang='lat' dir='ltr'>mortuis.</span> 
     </span>
     <span class='ocr_line' id='line_1_15' title="bbox 104 1646 1098 1745; baseline -0.009 -22"><span class='ocrx_word' id='word_1_126' title='bbox 104 1648 296 1745; x_wconf 69' lang='lat' dir='ltr'>lteri-qna</span> <span class='ocrx_word' id='word_1_127' title='bbox 313 1646 409 1719; x_wconf 87' lang='lat' dir='ltr'>volet</span> <span class='ocrx_word' id='word_1_128' title='bbox 424 1651 623 1737; x_wconf 85' lang='lat' dir='ltr'>defendere,</span> <span class='ocrx_word' id='word_1_129' title='bbox 648 1650 815 1719; x_wconf 76' lang='lat' dir='ltr'>facillime</span> <span class='ocrx_word' id='word_1_130' title='bbox 832 1647 962 1740; x_wconf 89' lang='lat' dir='ltr'>poterit</span> <span class='ocrx_word' id='word_1_131' title='bbox 976 1648 1098 1716; x_wconf 86' lang='lat' dir='ltr'>redar-</span> 
     </span>
     <span class='ocr_line' id='line_1_16' title="bbox 105 1748 1099 1845; baseline -0.004 -24"><span class='ocrx_word' id='word_1_132' title='bbox 105 1754 195 1845; x_wconf 76' lang='lat' dir='ltr'>gtri.=</span> <span class='ocrx_word' id='word_1_133' title='bbox 224 1748 442 1844; x_wconf 74' lang='lat' dir='ltr'>&#39;ltaque-do</span> <span class='ocrx_word' id='word_1_134' title='bbox 466 1752 586 1841; x_wconf 90' lang='lat' dir='ltr'>prima</span> <span class='ocrx_word' id='word_1_135' title='bbox 611 1751 781 1841; x_wconf 92' lang='lat' dir='ltr'>opinione</span> <span class='ocrx_word' id='word_1_136' title='bbox 805 1774 880 1819; x_wconf 90' lang='lat' dir='ltr'>non</span> <span class='ocrx_word' id='word_1_137' title='bbox 904 1751 973 1819; x_wconf 92' lang='lat' dir='ltr'>erit</span> <span class='ocrx_word' id='word_1_138' title='bbox 992 1750 1099 1838; x_wconf 91' lang='lat' dir='ltr'>longa</span> 
     </span>
     <span class='ocr_line' id='line_1_17' title="bbox 105 1848 1099 1945; baseline -0.007 -20"><span class='ocrx_word' id='word_1_139' title='bbox 105 1856 202 1945; x_wconf 83' lang='lat' dir='ltr'>inter</span> <span class='ocrx_word' id='word_1_140' title='bbox 216 1877 321 1922; x_wconf 88' lang='lat' dir='ltr'>sanos</span> <span class='ocrx_word' id='word_1_141' title='bbox 334 1848 496 1921; x_wconf 86' lang='lat' dir='ltr'>homines</span> <span class='ocrx_word' id='word_1_142' title='bbox 511 1852 713 1943; x_wconf 91' lang='lat' dir='ltr'>disputatio.</span> <span class='ocrx_word' id='word_1_143' title='bbox 758 1850 920 1923; x_wconf 82' lang='lat' dir='ltr'>Fortasse</span> <span class='ocrx_word' id='word_1_144' title='bbox 933 1863 1017 1921; x_wconf 91' lang='lat' dir='ltr'>sunt</span> <span class='ocrx_word' id='word_1_145' title='bbox 1032 1851 1099 1919; x_wconf 91' lang='lat' dir='ltr'>ali-</span> 
     </span>
     <span class='ocr_line' id='line_1_18' title="bbox 105 1952 1098 2051; baseline -0.006 -26"><span class='ocrx_word' id='word_1_146' title='bbox 105 1956 168 2051; x_wconf 86' lang='lat' dir='ltr'>qui</span> <span class='ocrx_word' id='word_1_147' title='bbox 192 1955 349 2047; x_wconf 78' lang='lat' dir='ltr'>improbi</span> <span class='ocrx_word' id='word_1_148' title='bbox 370 1968 431 2023; x_wconf 91' lang='lat' dir='ltr'>aut</span> <span class='ocrx_word' id='word_1_149' title='bbox 455 1954 595 2036; x_wconf 88' lang='lat' dir='ltr'>stolidi,</span> <span class='ocrx_word' id='word_1_150' title='bbox 637 1955 793 2047; x_wconf 92' lang='lat' dir='ltr'>quinon</span> <span class='ocrx_word' id='word_1_151' title='bbox 820 1955 1005 2045; x_wconf 90' lang='lat' dir='ltr'>patiuntur</span> <span class='ocrx_word' id='word_1_152' title='bbox 1029 1952 1098 2021; x_wconf 88' lang='lat' dir='ltr'>sibi</span> 
     </span>
     <span class='ocr_line' id='line_1_19' title="bbox 105 2054 1097 2144; baseline -0.002 -17"><span class='ocrx_word' id='word_1_153' title='bbox 105 2057 279 2130; x_wconf 76' lang='lat' dir='ltr'>satisfieri.</span> <span class='ocrx_word' id='word_1_154' title='bbox 305 2054 444 2125; x_wconf 89' lang='lat' dir='ltr'>Horum</span> <span class='ocrx_word' id='word_1_155' title='bbox 459 2054 592 2124; x_wconf 86' lang='lat' dir='ltr'>iudicia</span> <span class='ocrx_word' id='word_1_156' title='bbox 609 2080 683 2127; x_wconf 92' lang='lat' dir='ltr'>non</span> <span class='ocrx_word' id='word_1_157' title='bbox 699 2068 782 2124; x_wconf 89' lang='lat' dir='ltr'>sunt</span> <span class='ocrx_word' id='word_1_158' title='bbox 795 2057 916 2144; x_wconf 91' lang='lat' dir='ltr'>magni</span> <span class='ocrx_word' id='word_1_159' title='bbox 927 2054 1097 2125; x_wconf 85' lang='lat' dir='ltr'>facienda.</span> 
     </span>
     <span class='ocr_line' id='line_1_20' title="bbox 104 2154 1098 2249; baseline -0.007 -20"><span class='ocrx_word' id='word_1_160' title='bbox 104 2154 152 2231; x_wconf 82' lang='lat' dir='ltr'>Et</span> <span class='ocrx_word' id='word_1_161' title='bbox 166 2159 294 2229; x_wconf 89' lang='lat' dir='ltr'>reiicio</span> <span class='ocrx_word' id='word_1_162' title='bbox 309 2181 385 2226; x_wconf 89' lang='lat' dir='ltr'>rem</span> <span class='ocrx_word' id='word_1_163' title='bbox 403 2159 448 2226; x_wconf 92' lang='lat' dir='ltr'>ad</span> <span class='ocrx_word' id='word_1_164' title='bbox 461 2156 641 2227; x_wconf 85' lang='lat' dir='ltr'>bonbrum</span> <span class='ocrx_word' id='word_1_165' title='bbox 656 2158 816 2227; x_wconf 91' lang='lat' dir='ltr'>virorum</span> <span class='ocrx_word' id='word_1_166' title='bbox 833 2170 867 2225; x_wconf 92' lang='lat' dir='ltr'>et</span> <span class='ocrx_word' id='word_1_167' title='bbox 880 2158 1098 2249; x_wconf 88' lang='lat' dir='ltr'>prudentum</span> 
     </span>
     <span class='ocr_line' id='line_1_21' title="bbox 104 2261 294 2334; baseline 0.011 -2"><span class='ocrx_word' id='word_1_168' title='bbox 104 2261 294 2334; x_wconf 82' lang='lat' dir='ltr'>iudicium.</span> 
     </span>
     <span class='ocr_line' id='line_1_22' title="bbox 114 2360 1099 2457; baseline -0.004 -25"><span class='ocrx_word' id='word_1_169' title='bbox 114 2384 121 2391; x_wconf 89' lang='lat'>·</span> <span class='ocrx_word' id='word_1_170' title='bbox 208 2360 257 2433; x_wconf 91' lang='lat' dir='ltr'>ll.</span> <span class='ocrx_word' id='word_1_171' title='bbox 308 2360 471 2432; x_wconf 88' lang='lat' dir='ltr'>Secunda</span> <span class='ocrx_word' id='word_1_172' title='bbox 502 2362 623 2454; x_wconf 91' lang='lat' dir='ltr'>opinio</span> <span class='ocrx_word' id='word_1_173' title='bbox 648 2376 700 2433; x_wconf 87' lang='lat' dir='ltr'>est</span> <span class='ocrx_word' id='word_1_174' title='bbox 728 2364 953 2457; x_wconf 88' lang='lat' dir='ltr'>quorundam</span> <span class='ocrx_word' id='word_1_175' title='bbox 975 2384 1099 2431; x_wconf 87' lang='lat' dir='ltr'>recen-</span> 
     </span>
     <span class='ocr_line' id='line_1_23' title="bbox 104 2462 1099 2557; baseline -0.006 -21"><span class='ocrx_word' id='word_1_176' title='bbox 104 2466 217 2549; x_wconf 88' lang='lat' dir='ltr'>tium,</span> <span class='ocrx_word' id='word_1_177' title='bbox 257 2464 318 2557; x_wconf 90' lang='lat' dir='ltr'>qui</span> <span class='ocrx_word' id='word_1_178' title='bbox 343 2465 540 2535; x_wconf 86' lang='lat' dir='ltr'>defendunt</span> <span class='ocrx_word' id='word_1_179' title='bbox 559 2464 713 2556; x_wconf 87' lang='lat' dir='ltr'>privatas</span> <span class='ocrx_word' id='word_1_180' title='bbox 734 2462 881 2551; x_wconf 83' lang='lat' dir='ltr'>Missas,</span> <span class='ocrx_word' id='word_1_181' title='bbox 922 2479 955 2535; x_wconf 92' lang='lat' dir='ltr'>et</span> <span class='ocrx_word' id='word_1_182' title='bbox 978 2477 1099 2532; x_wconf 90' lang='lat' dir='ltr'>tamen</span> 
     </span>
     <span class='ocr_line' id='line_1_24' title="bbox 104 2566 1100 2660; baseline 0 -25"><span class='ocrx_word' id='word_1_183' title='bbox 104 2567 263 2660; x_wconf 81' lang='lat' dir='ltr'>priorem</span> <span class='ocrx_word' id='word_1_184' title='bbox 287 2566 497 2634; x_wconf 89' lang='lat' dir='ltr'>sententiam</span> <span class='ocrx_word' id='word_1_185' title='bbox 514 2566 632 2659; x_wconf 92' lang='lat' dir='ltr'>aliqua</span> <span class='ocrx_word' id='word_1_186' title='bbox 657 2579 817 2657; x_wconf 89' lang='lat' dir='ltr'>exparte</span> <span class='ocrx_word' id='word_1_187' title='bbox 841 2567 1039 2657; x_wconf 91' lang='lat' dir='ltr'>corrigunt,</span> <span class='ocrx_word' id='word_1_188' title='bbox 1065 2578 1100 2635; x_wconf 90' lang='lat' dir='ltr'>et</span> 
     </span>
     <span class='ocr_line' id='line_1_25' title="bbox 105 2663 1098 2758; baseline -0.002 -21"><span class='ocrx_word' id='word_1_189' title='bbox 105 2668 156 2738; x_wconf 81' lang='lat' dir='ltr'>sic</span> <span class='ocrx_word' id='word_1_190' title='bbox 179 2668 378 2758; x_wconf 88' lang='lat' dir='ltr'>disputant:</span> <span class='ocrx_word' id='word_1_191' title='bbox 417 2664 570 2735; x_wconf 88' lang='lat' dir='ltr'>Missam</span> <span class='ocrx_word' id='word_1_192' title='bbox 593 2682 666 2736; x_wconf 82' lang='lat' dir='ltr'>esse</span> <span class='ocrx_word' id='word_1_193' title='bbox 687 2693 775 2758; x_wconf 94' lang='lat' dir='ltr'>opus</span> <span class='ocrx_word' id='word_1_194' title='bbox 797 2668 952 2753; x_wconf 90' lang='lat' dir='ltr'>bonum,</span> <span class='ocrx_word' id='word_1_195' title='bbox 979 2663 1056 2737; x_wconf 87' lang='lat' dir='ltr'>Deo</span> <span class='ocrx_word' id='word_1_196' title='bbox 1079 2692 1098 2735; x_wconf 89' lang='lat' dir='ltr'>a</span> 
     </span>
     <span class='ocr_line' id='line_1_26' title="bbox 105 2762 1098 2858; baseline -0.004 -19"><span class='ocrx_word' id='word_1_197' title='bbox 105 2769 215 2839; x_wconf 89' lang='lat' dir='ltr'>nobis</span> <span class='ocrx_word' id='word_1_198' title='bbox 238 2762 478 2837; x_wconf 88' lang='lat' dir='ltr'>exhibendum</span> <span class='ocrx_word' id='word_1_199' title='bbox 509 2771 553 2836; x_wconf 93' lang='lat' dir='ltr'>ad</span> <span class='ocrx_word' id='word_1_200' title='bbox 578 2770 778 2858; x_wconf 86' lang='lat' dir='ltr'>gratiarum</span> <span class='ocrx_word' id='word_1_201' title='bbox 794 2771 987 2853; x_wconf 88' lang='lat' dir='ltr'>actionem,</span> <span class='ocrx_word' id='word_1_202' title='bbox 1024 2793 1098 2837; x_wconf 93' lang='lat' dir='ltr'>non</span> 
     </span>
     <span class='ocr_line' id='line_1_27' title="bbox 106 2868 1099 2961; baseline -0.003 -20"><span class='ocrx_word' id='word_1_203' title='bbox 106 2872 151 2941; x_wconf 81' lang='lat' dir='ltr'>ad</span> <span class='ocrx_word' id='word_1_204' title='bbox 182 2870 456 2961; x_wconf 89' lang='lat' dir='ltr'>promerendam</span> <span class='ocrx_word' id='word_1_205' title='bbox 483 2871 630 2957; x_wconf 85' lang='lat' dir='ltr'>gratiam</span> <span class='ocrx_word' id='word_1_206' title='bbox 654 2872 745 2940; x_wconf 90' lang='lat' dir='ltr'>vivis</span> <span class='ocrx_word' id='word_1_207' title='bbox 768 2885 803 2942; x_wconf 89' lang='lat' dir='ltr'>et</span> <span class='ocrx_word' id='word_1_208' title='bbox 823 2872 983 2941; x_wconf 88' lang='lat' dir='ltr'>mortuis.</span> <span class='ocrx_word' id='word_1_209' title='bbox 1018 2900 1021 2905; x_wconf 57' lang='lat'><strong><em>¹</em></strong></span> <span class='ocrx_word' id='word_1_210' title='bbox 1048 2868 1099 2939; x_wconf 92' lang='lat' dir='ltr'>Hi</span> 
     </span>
     <span class='ocr_line' id='line_1_28' title="bbox 104 2972 1099 3065; baseline -0.001 -23"><span class='ocrx_word' id='word_1_211' title='bbox 104 2984 248 3043; x_wconf 83' lang='lat' dir='ltr'>tantum</span> <span class='ocrx_word' id='word_1_212' title='bbox 280 2973 324 3038; x_wconf 95' lang='lat' dir='ltr'>de</span> <span class='ocrx_word' id='word_1_213' title='bbox 352 2972 478 3039; x_wconf 91' lang='lat' dir='ltr'>merito</span> <span class='ocrx_word' id='word_1_214' title='bbox 501 2972 715 3041; x_wconf 88' lang='lat' dir='ltr'>dissentiunt</span> <span class='ocrx_word' id='word_1_215' title='bbox 740 2998 759 3041; x_wconf 92' lang='lat' dir='ltr'>a</span> <span class='ocrx_word' id='word_1_216' title='bbox 784 2974 896 3065; x_wconf 91' lang='lat' dir='ltr'>priori</span> <span class='ocrx_word' id='word_1_217' title='bbox 921 2972 1099 3064; x_wconf 90' lang='lat' dir='ltr'>opinione,</span> 
     </span>
     <span class='ocr_line' id='line_1_29' title="bbox 106 3070 1099 3166; baseline 0 -24"><span class='ocrx_word' id='word_1_218' title='bbox 106 3074 146 3143; x_wconf 90' lang='lat' dir='ltr'>in</span> <span class='ocrx_word' id='word_1_219' title='bbox 168 3073 318 3166; x_wconf 89' lang='lat' dir='ltr'>reliquis</span> <span class='ocrx_word' id='word_1_220' title='bbox 344 3074 570 3142; x_wconf 71' lang='lat' dir='ltr'>conveniunt.</span> <span class='ocrx_word' id='word_1_221' title='bbox 634 3072 798 3145; x_wconf 91' lang='lat' dir='ltr'>lndicant</span> <span class='ocrx_word' id='word_1_222' title='bbox 823 3070 915 3144; x_wconf 90' lang='lat' dir='ltr'>hanc</span> <span class='ocrx_word' id='word_1_223' title='bbox 943 3098 1099 3143; x_wconf 91' lang='lat' dir='ltr'>ceremo-</span> 
     </span>
     <span class='ocr_line' id='line_1_30' title="bbox 105 3168 1100 3266; baseline 0 -22"><span class='ocrx_word' id='word_1_224' title='bbox 105 3176 204 3244; x_wconf 88' lang='lat' dir='ltr'>niam</span> <span class='ocrx_word' id='word_1_225' title='bbox 219 3174 416 3242; x_wconf 90' lang='lat' dir='ltr'>institutam</span> <span class='ocrx_word' id='word_1_226' title='bbox 433 3198 505 3243; x_wconf 89' lang='lat' dir='ltr'>esse</span> <span class='ocrx_word' id='word_1_227' title='bbox 522 3168 697 3246; x_wconf 88' lang='lat' dir='ltr'>aChristo</span> <span class='ocrx_word' id='word_1_228' title='bbox 720 3176 758 3243; x_wconf 93' lang='lat' dir='ltr'>in</span> <span class='ocrx_word' id='word_1_229' title='bbox 776 3177 966 3266; x_wconf 88' lang='lat' dir='ltr'>gratiarum</span> <span class='ocrx_word' id='word_1_230' title='bbox 989 3174 1100 3245; x_wconf 92' lang='lat' dir='ltr'>actio-</span> 
     </span>
     <span class='ocr_line' id='line_1_31' title="bbox 105 3275 1100 3367; baseline 0.002 -21"><span class='ocrx_word' id='word_1_231' title='bbox 105 3296 190 3346; x_wconf 86' lang='lat' dir='ltr'>nem</span> <span class='ocrx_word' id='word_1_232' title='bbox 211 3301 276 3367; x_wconf 91' lang='lat' dir='ltr'>pro</span> <span class='ocrx_word' id='word_1_233' title='bbox 300 3276 482 3366; x_wconf 86' lang='lat' dir='ltr'>passione,</span> <span class='ocrx_word' id='word_1_234' title='bbox 504 3289 544 3344; x_wconf 96' lang='lat' dir='ltr'>ut</span> <span class='ocrx_word' id='word_1_235' title='bbox 566 3300 645 3344; x_wconf 93' lang='lat' dir='ltr'>cum</span> <span class='ocrx_word' id='word_1_236' title='bbox 663 3275 801 3348; x_wconf 86' lang='lat' dir='ltr'>Romae</span> <span class='ocrx_word' id='word_1_237' title='bbox 824 3278 1100 3348; x_wconf 87' lang='lat' dir='ltr'>instituebantur</span> 
     </span>
     <span class='ocr_line' id='line_1_32' title="bbox 106 3377 1099 3469; baseline 0.001 -23"><span class='ocrx_word' id='word_1_238' title='bbox 106 3378 188 3448; x_wconf 88' lang='lat' dir='ltr'>ludi</span> <span class='ocrx_word' id='word_1_239' title='bbox 229 3378 273 3445; x_wconf 88' lang='lat' dir='ltr'>ad</span> <span class='ocrx_word' id='word_1_240' title='bbox 312 3377 556 3446; x_wconf 88' lang='lat' dir='ltr'>declarandam</span> <span class='ocrx_word' id='word_1_241' title='bbox 594 3380 845 3467; x_wconf 82' lang='lat' dir='ltr'>gratitudinem</span> <span class='ocrx_word' id='word_1_242' title='bbox 890 3402 970 3469; x_wconf 90' lang='lat' dir='ltr'>erga</span> <span class='ocrx_word' id='word_1_243' title='bbox 1007 3379 1099 3449; x_wconf 90' lang='lat' dir='ltr'>cives</span> 
     </span>
     <span class='ocr_line' id='line_1_33' title="bbox 107 3477 1097 3570; baseline 0.003 -21"><span class='ocrx_word' id='word_1_244' title='bbox 107 3480 201 3549; x_wconf 80' lang='lat' dir='ltr'>bene</span> <span class='ocrx_word' id='word_1_245' title='bbox 224 3478 379 3547; x_wconf 88' lang='lat' dir='ltr'>meritos.</span> <span class='ocrx_word' id='word_1_246' title='bbox 444 3477 533 3546; x_wconf 84' lang='lat' dir='ltr'>Tale</span> <span class='ocrx_word' id='word_1_247' title='bbox 555 3500 643 3570; x_wconf 90' lang='lat' dir='ltr'>opus</span> <span class='ocrx_word' id='word_1_248' title='bbox 664 3481 823 3551; x_wconf 88' lang='lat' dir='ltr'>iudicant</span> <span class='ocrx_word' id='word_1_249' title='bbox 845 3504 918 3550; x_wconf 89' lang='lat' dir='ltr'>esse</span> <span class='ocrx_word' id='word_1_250' title='bbox 939 3480 1097 3553; x_wconf 88' lang='lat' dir='ltr'>Missam.</span> 
     </span>
     <span class='ocr_line' id='line_1_34' title="bbox 105 3576 1098 3671; baseline -0.002 -20"><span class='ocrx_word' id='word_1_251' title='bbox 105 3576 251 3651; x_wconf 90' lang='lat' dir='ltr'>Etcum</span> <span class='ocrx_word' id='word_1_252' title='bbox 267 3580 458 3668; x_wconf 89' lang='lat' dir='ltr'>gratiarum</span> <span class='ocrx_word' id='word_1_253' title='bbox 474 3581 564 3655; x_wconf 84' lang='lat' dir='ltr'>actio</span> <span class='ocrx_word' id='word_1_254' title='bbox 579 3581 624 3651; x_wconf 87' lang='lat' dir='ltr'>sit</span> <span class='ocrx_word' id='word_1_255' title='bbox 636 3583 748 3666; x_wconf 90' lang='lat' dir='ltr'>bona,</span> <span class='ocrx_word' id='word_1_256' title='bbox 773 3582 945 3671; x_wconf 91' lang='lat' dir='ltr'>colligunt</span> <span class='ocrx_word' id='word_1_257' title='bbox 962 3584 1098 3651; x_wconf 90' lang='lat' dir='ltr'>bonum</span> 
     </span>
     <span class='ocr_line' id='line_1_35' title="bbox 107 3682 1099 3774; baseline -0.001 -22"><span class='ocrx_word' id='word_1_258' title='bbox 107 3704 201 3766; x_wconf 83' lang='lat' dir='ltr'>esse,</span> <span class='ocrx_word' id='word_1_259' title='bbox 222 3682 319 3750; x_wconf 87' lang='lat' dir='ltr'>ut·&#39;id</span> <span class='ocrx_word' id='word_1_260' title='bbox 334 3703 444 3769; x_wconf 89' lang='lat' dir='ltr'>opus,</span> <span class='ocrx_word' id='word_1_261' title='bbox 468 3682 523 3749; x_wconf 86' lang='lat' dir='ltr'>vel</span> <span class='ocrx_word' id='word_1_262' title='bbox 543 3682 587 3749; x_wconf 89' lang='lat' dir='ltr'>ab</span> <span class='ocrx_word' id='word_1_263' title='bbox 611 3684 805 3768; x_wconf 88' lang='lat' dir='ltr'>universis,</span> <span class='ocrx_word' id='word_1_264' title='bbox 824 3685 883 3753; x_wconf 87' lang='lat' dir='ltr'>vel</span> <span class='ocrx_word' id='word_1_265' title='bbox 908 3710 926 3753; x_wconf 88' lang='lat' dir='ltr'>a</span> <span class='ocrx_word' id='word_1_266' title='bbox 951 3684 1099 3774; x_wconf 89' lang='lat' dir='ltr'>singulis</span> 
     </span>
     <span class='ocr_line' id='line_1_36' title="bbox 106 3781 1098 3880; baseline 0.003 -28"><span class='ocrx_word' id='word_1_267' title='bbox 106 3807 212 3873; x_wconf 90' lang='lat' dir='ltr'>saepe</span> <span class='ocrx_word' id='word_1_268' title='bbox 230 3781 308 3865; x_wconf 90' lang='lat' dir='ltr'>fiat,</span> <span class='ocrx_word' id='word_1_269' title='bbox 341 3782 432 3850; x_wconf 90' lang='lat' dir='ltr'>sicut</span> <span class='ocrx_word' id='word_1_270' title='bbox 456 3784 599 3871; x_wconf 86' lang='lat' dir='ltr'>prodest</span> <span class='ocrx_word' id='word_1_271' title='bbox 631 3785 869 3880; x_wconf 87' lang='lat' dir='ltr'>eleemosynas</span> <span class='ocrx_word' id='word_1_272' title='bbox 892 3810 993 3876; x_wconf 86' lang='lat' dir='ltr'>saepe</span> <span class='ocrx_word' id='word_1_273' title='bbox 1024 3788 1098 3855; x_wconf 90' lang='lat' dir='ltr'>lar-</span> 
     </span>
     <span class='ocr_line' id='line_1_37' title="bbox 105 3883 1098 3975; baseline 0.002 -22"><span class='ocrx_word' id='word_1_274' title='bbox 105 3885 178 3975; x_wconf 91' lang='lat' dir='ltr'>giri</span> <span class='ocrx_word' id='word_1_275' title='bbox 198 3883 385 3953; x_wconf 88' lang='lat' dir='ltr'>universos</span> <span class='ocrx_word' id='word_1_276' title='bbox 408 3896 469 3951; x_wconf 88' lang='lat' dir='ltr'>aut</span> <span class='ocrx_word' id='word_1_277' title='bbox 492 3883 659 3971; x_wconf 90' lang='lat' dir='ltr'>singulos.</span> <span class='ocrx_word' id='word_1_278' title='bbox 711 3886 792 3956; x_wconf 90' lang='lat' dir='ltr'>Huc</span> <span class='ocrx_word' id='word_1_279' title='bbox 813 3888 964 3957; x_wconf 87' lang='lat' dir='ltr'>afferunt</span> <span class='ocrx_word' id='word_1_280' title='bbox 990 3888 1098 3957; x_wconf 87' lang='lat' dir='ltr'>sacri-</span> 
     </span>
     <span class='ocr_line' id='line_1_38' title="bbox 105 3983 1097 4078; baseline 0.002 -23"><span class='ocrx_word' id='word_1_281' title='bbox 105 3986 185 4055; x_wconf 76' lang='lat' dir='ltr'>ficia</span> <span class='ocrx_word' id='word_1_282' title='bbox 202 3983 370 4057; x_wconf 85' lang='lat' dir='ltr'>Levitica.</span> <span class='ocrx_word' id='word_1_283' title='bbox 423 3984 523 4054; x_wconf 90' lang='lat' dir='ltr'>Sicut</span> <span class='ocrx_word' id='word_1_284' title='bbox 538 3986 576 4053; x_wconf 89' lang='lat' dir='ltr'>in</span> <span class='ocrx_word' id='word_1_285' title='bbox 593 3987 668 4075; x_wconf 87' lang='lat' dir='ltr'>lege</span> <span class='ocrx_word' id='word_1_286' title='bbox 683 4003 757 4057; x_wconf 90' lang='lat' dir='ltr'>erat</span> <span class='ocrx_word' id='word_1_287' title='bbox 775 3990 856 4078; x_wconf 81' lang='lat' dir='ltr'>iuge</span> <span class='ocrx_word' id='word_1_288' title='bbox 873 3990 1097 4059; x_wconf 88' lang='lat' dir='ltr'>sacrificium:</span> 
     </span>
     <span class='ocr_line' id='line_1_39' title="bbox 106 4086 1098 4180; baseline 0.001 -23"><span class='ocrx_word' id='word_1_289' title='bbox 106 4088 157 4157; x_wconf 87' lang='lat' dir='ltr'>ita</span> <span class='ocrx_word' id='word_1_290' title='bbox 180 4098 334 4177; x_wconf 89' lang='lat' dir='ltr'>oportet,</span> <span class='ocrx_word' id='word_1_291' title='bbox 358 4086 546 4178; x_wconf 89' lang='lat' dir='ltr'>inquiunt,</span> <span class='ocrx_word' id='word_1_292' title='bbox 574 4089 732 4180; x_wconf 90' lang='lat' dir='ltr'>quotidie</span> <span class='ocrx_word' id='word_1_293' title='bbox 753 4090 921 4160; x_wconf 90' lang='lat' dir='ltr'>celebrari</span> <span class='ocrx_word' id='word_1_294' title='bbox 939 4090 1098 4177; x_wconf 88' lang='lat' dir='ltr'>Missam,</span> 
     </span>
     <span class='ocr_line' id='line_1_40' title="bbox 107 4188 1097 4276; baseline 0 -17"><span class='ocrx_word' id='word_1_295' title='bbox 107 4202 142 4259; x_wconf 84' lang='lat' dir='ltr'>et</span> <span class='ocrx_word' id='word_1_296' title='bbox 164 4188 257 4258; x_wconf 88' lang='lat' dir='ltr'>sicut</span> <span class='ocrx_word' id='word_1_297' title='bbox 280 4188 319 4255; x_wconf 90' lang='lat' dir='ltr'>in</span> <span class='ocrx_word' id='word_1_298' title='bbox 341 4189 417 4276; x_wconf 88' lang='lat' dir='ltr'>lege</span> <span class='ocrx_word' id='word_1_299' title='bbox 439 4188 506 4256; x_wconf 92' lang='lat' dir='ltr'>fuit</span> <span class='ocrx_word' id='word_1_300' title='bbox 530 4203 643 4258; x_wconf 89' lang='lat' dir='ltr'>certus</span> <span class='ocrx_word' id='word_1_301' title='bbox 661 4192 749 4260; x_wconf 89' lang='lat' dir='ltr'>ordo</span> <span class='ocrx_word' id='word_1_302' title='bbox 768 4194 812 4260; x_wconf 92' lang='lat' dir='ltr'>ad</span> <span class='ocrx_word' id='word_1_303' title='bbox 829 4192 1097 4261; x_wconf 86' lang='lat' dir='ltr'>sacrificandum</span> 
     </span>
     <span class='ocr_line' id='line_1_41' title="bbox 107 4288 1098 4380; baseline 0.002 -19"><span class='ocrx_word' id='word_1_304' title='bbox 107 4290 339 4372; x_wconf 88' lang='lat' dir='ltr'>constitutus,</span> <span class='ocrx_word' id='word_1_305' title='bbox 377 4290 426 4358; x_wconf 87' lang='lat' dir='ltr'>ita&#39;</span> <span class='ocrx_word' id='word_1_306' title='bbox 458 4288 660 4380; x_wconf 92' lang='lat' dir='ltr'>disputant,</span> <span class='ocrx_word' id='word_1_307' title='bbox 699 4306 833 4362; x_wconf 89' lang='lat' dir='ltr'>certum</span> <span class='ocrx_word' id='word_1_308' title='bbox 866 4294 1028 4362; x_wconf 89' lang='lat' dir='ltr'>ordinem</span> <span class='ocrx_word' id='word_1_309' title='bbox 1057 4294 1098 4365; x_wconf 92' lang='lat' dir='ltr'>in</span> 
     </span>
     <span class='ocr_line' id='line_1_42' title="bbox 106 4388 1107 4477; baseline 0.004 -15"><span class='ocrx_word' id='word_1_310' title='bbox 106 4388 266 4462; x_wconf 84' lang='lat' dir='ltr'>Ecclesia</span> <span class='ocrx_word' id='word_1_311' title='bbox 297 4414 369 4458; x_wconf 88' lang='lat' dir='ltr'>esse</span> <span class='ocrx_word' id='word_1_312' title='bbox 399 4393 648 4477; x_wconf 89' lang='lat' dir='ltr'>constitutum,</span> <span class='ocrx_word' id='word_1_313' title='bbox 689 4418 762 4463; x_wconf 91' lang='lat' dir='ltr'>non</span> <span class='ocrx_word' id='word_1_314' title='bbox 788 4396 840 4463; x_wconf 89' lang='lat' dir='ltr'>ad·</span> <span class='ocrx_word' id='word_1_315' title='bbox 860 4396 1107 4465; x_wconf 86' lang='lat' dir='ltr'>ministerium·</span> 
     </span>
     <span class='ocr_line' id='line_1_43' title="bbox 107 4491 1099 4578; baseline 0.005 -16"><span class='ocrx_word' id='word_1_316' title='bbox 107 4492 226 4578; x_wconf 82' lang='lat' dir='ltr'>verbi,</span> <span class='ocrx_word' id='word_1_317' title='bbox 248 4494 309 4561; x_wconf 87' lang='lat' dir='ltr'>sed</span> <span class='ocrx_word' id='word_1_318' title='bbox 329 4494 373 4560; x_wconf 91' lang='lat' dir='ltr'>ad</span> <span class='ocrx_word' id='word_1_319' title='bbox 389 4491 517 4561; x_wconf 90' lang='lat' dir='ltr'>Missas</span> <span class='ocrx_word' id='word_1_320' title='bbox 537 4495 773 4563; x_wconf 82' lang='lat' dir='ltr'>celebrandas.</span> <span class='ocrx_word' id='word_1_321' title='bbox 823 4496 914 4571; x_wconf 87' lang='lat' dir='ltr'>Nam</span> <span class='ocrx_word' id='word_1_322' title='bbox 936 4498 1099 4567; x_wconf 89' lang='lat' dir='ltr'>ministe-</span> 
     </span>
     <span class='ocr_line' id='line_1_44' title="bbox 106 4591 1098 4670; baseline 0.001 -5"><span class='ocrx_word' id='word_1_323' title='bbox 106 4594 201 4666; x_wconf 85' lang='lat' dir='ltr'>rium</span> <span class='ocrx_word' id='word_1_324' title='bbox 217 4593 321 4663; x_wconf 89' lang='lat' dir='ltr'>verbi</span> <span class='ocrx_word' id='word_1_325' title='bbox 335 4596 379 4661; x_wconf 90' lang='lat' dir='ltr'>ad</span> <span class='ocrx_word' id='word_1_326' title='bbox 389 4591 565 4662; x_wconf 89' lang='lat' dir='ltr'>Diaconos</span> <span class='ocrx_word' id='word_1_327' title='bbox 581 4597 756 4670; x_wconf 82' lang='lat' dir='ltr'>reiiciunt.</span> <span class='ocrx_word' id='word_1_328' title='bbox 797 4595 865 4667; x_wconf 90' lang='lat' dir='ltr'>Hic</span> <span class='ocrx_word' id='word_1_329' title='bbox 881 4599 1098 4668; x_wconf 89' lang='lat' dir='ltr'>ratiocinan-</span> 
     </span>
     <span class='ocr_line' id='line_1_45' title="bbox 105 4694 1098 4793; baseline 0.001 -25"><span class='ocrx_word' id='word_1_330' title='bbox 105 4710 184 4781; x_wconf 82' lang='lat' dir='ltr'>tur,</span> <span class='ocrx_word' id='word_1_331' title='bbox 208 4695 361 4785; x_wconf 88' lang='lat' dir='ltr'>privatas</span> <span class='ocrx_word' id='word_1_332' title='bbox 375 4694 504 4763; x_wconf 89' lang='lat' dir='ltr'>Missas</span> <span class='ocrx_word' id='word_1_333' title='bbox 522 4698 825 4784; x_wconf 89' lang='lat' dir='ltr'>debere&#39;monere,</span> <span class='ocrx_word' id='word_1_334' title='bbox 851 4703 946 4793; x_wconf 90' lang='lat' dir='ltr'>quod</span> <span class='ocrx_word' id='word_1_335' title='bbox 962 4702 1098 4771; x_wconf 86' lang='lat' dir='ltr'>bonum</span> 
     </span>
     <span class='ocr_line' id='line_1_46' title="bbox 106 4798 1097 4893; baseline 0.004 -26"><span class='ocrx_word' id='word_1_336' title='bbox 106 4798 152 4867; x_wconf 91' lang='lat' dir='ltr'>sit</span> <span class='ocrx_word' id='word_1_337' title='bbox 166 4798 365 4867; x_wconf 90' lang='lat' dir='ltr'>conducere</span> <span class='ocrx_word' id='word_1_338' title='bbox 380 4808 690 4888; x_wconf 83' lang='lat' dir='ltr'>certaspersonas,</span> <span class='ocrx_word' id='word_1_339' title='bbox 715 4824 805 4892; x_wconf 90' lang='lat' dir='ltr'>quae</span> <span class='ocrx_word' id='word_1_340' title='bbox 824 4803 873 4870; x_wconf 90' lang='lat' dir='ltr'>sic</span> <span class='ocrx_word' id='word_1_341' title='bbox 897 4816 1001 4891; x_wconf 90' lang='lat' dir='ltr'>agant</span> <span class='ocrx_word' id='word_1_342' title='bbox 1019 4826 1097 4893; x_wconf 89' lang='lat' dir='ltr'>gra-</span> 
     </span>
     <span class='ocr_line' id='line_1_47' title="bbox 105 4896 280 4969; baseline -0.011 0"><span class='ocrx_word' id='word_1_343' title='bbox 105 4900 176 4969; x_wconf 87' lang='lat' dir='ltr'>tias</span> <span class='ocrx_word' id='word_1_344' title='bbox 190 4896 280 4968; x_wconf 89' lang='lat' dir='ltr'>Deo.</span> 
     </span>
    </p>

    <p class='ocr_par' dir='ltr' id='par_1_8' title="bbox 104 4994 1097 5501">
     <span class='ocr_line' id='line_1_48' title="bbox 209 4994 1093 5097; baseline 0.008 -29"><span class='ocrx_word' id='word_1_345' title='bbox 209 4998 251 5069; x_wconf 81' lang='lat' dir='ltr'>si</span> <span class='ocrx_word' id='word_1_346' title='bbox 273 4994 366 5067; x_wconf 93' lang='lat' dir='ltr'>hanc</span> <span class='ocrx_word' id='word_1_347' title='bbox 390 5000 596 5089; x_wconf 91' lang='lat' dir='ltr'>opinionem</span> <span class='ocrx_word' id='word_1_348' title='bbox 619 5018 817 5095; x_wconf 89' lang='lat' dir='ltr'>sequuntur</span> <span class='ocrx_word' id='word_1_349' title='bbox 834 5000 1020 5097; x_wconf 89' lang='lat' dir='ltr'>Episcopi,</span> <span class='ocrx_word' id='word_1_350' title='bbox 1044 5017 1093 5075; x_wconf 88' lang='lat' dir='ltr'>ta-</span> 
     </span>
     <span class='ocr_line' id='line_1_49' title="bbox 104 5101 1097 5197; baseline 0.004 -26"><span class='ocrx_word' id='word_1_351' title='bbox 104 5126 189 5171; x_wconf 86' lang='lat' dir='ltr'>men</span> <span class='ocrx_word' id='word_1_352' title='bbox 205 5101 384 5191; x_wconf 84' lang='lat' dir='ltr'>oportebit</span> <span class='ocrx_word' id='word_1_353' title='bbox 400 5124 562 5190; x_wconf 86' lang='lat' dir='ltr'>magnam</span> <span class='ocrx_word' id='word_1_354' title='bbox 580 5102 771 5173; x_wconf 90' lang='lat' dir='ltr'>Missarum</span> <span class='ocrx_word' id='word_1_355' title='bbox 792 5120 925 5197; x_wconf 86' lang='lat' dir='ltr'>partem</span> <span class='ocrx_word' id='word_1_356' title='bbox 951 5106 1097 5191; x_wconf 88' lang='lat' dir='ltr'>aboleri,</span> 
     </span>
     <span class='ocr_line' id='line_1_50' title="bbox 104 5201 1097 5294; baseline 0.007 -24"><span class='ocrx_word' id='word_1_357' title='bbox 104 5203 272 5273; x_wconf 83' lang='lat' dir='ltr'>videlicet</span> <span class='ocrx_word' id='word_1_358' title='bbox 286 5201 416 5270; x_wconf 89' lang='lat' dir='ltr'>Missas</span> <span class='ocrx_word' id='word_1_359' title='bbox 437 5228 504 5294; x_wconf 87' lang='lat' dir='ltr'>pro</span> <span class='ocrx_word' id='word_1_360' title='bbox 523 5206 694 5290; x_wconf 78' lang='lat' dir='ltr'>momnis,</span> <span class='ocrx_word' id='word_1_361' title='bbox 726 5221 760 5275; x_wconf 88' lang='lat' dir='ltr'>et</span> <span class='ocrx_word' id='word_1_362' title='bbox 782 5208 867 5277; x_wconf 89' lang='lat' dir='ltr'>alias</span> <span class='ocrx_word' id='word_1_363' title='bbox 888 5209 1014 5277; x_wconf 85' lang='lat' dir='ltr'>multas</span> <span class='ocrx_word' id='word_1_364' title='bbox 1036 5234 1097 5277; x_wconf 85' lang='lat' dir='ltr'>ve-</span> 
     </span>
     <span class='ocr_line' id='line_1_51' title="bbox 105 5300 1097 5403; baseline 0.003 -28"><span class='ocrx_word' id='word_1_365' title='bbox 105 5306 207 5375; x_wconf 85' lang='lat' dir='ltr'>nales</span> <span class='ocrx_word' id='word_1_366' title='bbox 221 5300 371 5386; x_wconf 87' lang='lat' dir='ltr'>Missas,</span> <span class='ocrx_word' id='word_1_367' title='bbox 397 5328 486 5395; x_wconf 89' lang='lat' dir='ltr'>quae</span> <span class='ocrx_word' id='word_1_368' title='bbox 503 5306 592 5375; x_wconf 74' lang='lat' dir='ltr'>fitirrt</span> <span class='ocrx_word' id='word_1_369' title='bbox 612 5321 760 5399; x_wconf 83' lang='lat' dir='ltr'>propter</span> <span class='ocrx_word' id='word_1_370' title='bbox 780 5323 891 5389; x_wconf 80' lang='lat' dir='ltr'>certas</span> <span class='ocrx_word' id='word_1_371' title='bbox 912 5334 968 5381; x_wconf 85' lang='lat' dir='ltr'>res</span> <span class='ocrx_word' id='word_1_372' title='bbox 976 5324 989 5399; x_wconf 81' lang='lat'>&#39;,</span> <span class='ocrx_word' id='word_1_373' title='bbox 1011 5334 1097 5403; x_wconf 92' lang='lat' dir='ltr'>pro-</span> 
     </span>
     <span class='ocr_line' id='line_1_52' title="bbox 104 5406 1097 5501; baseline 0.009 -29"><span class='ocrx_word' id='word_1_374' title='bbox 104 5420 187 5499; x_wconf 78' lang='lat' dir='ltr'>pter</span> <span class='ocrx_word' id='word_1_375' title='bbox 205 5406 369 5491; x_wconf 92' lang='lat' dir='ltr'>morbos,</span> <span class='ocrx_word' id='word_1_376' title='bbox 398 5420 543 5499; x_wconf 85' lang='lat' dir='ltr'>propter</span> <span class='ocrx_word' id='word_1_377' title='bbox 570 5409 726 5501; x_wconf 87' lang='lat' dir='ltr'>pericula</span> <span class='ocrx_word' id='word_1_378' title='bbox 751 5410 919 5481; x_wconf 89' lang='lat' dir='ltr'>itinerum</span> <span class='ocrx_word' id='word_1_379' title='bbox 949 5434 989 5481; x_wconf 90' lang='lat' dir='ltr'>ac</span> <span class='ocrx_word' id='word_1_380' title='bbox 1010 5412 1097 5481; x_wconf 82' lang='lat' dir='ltr'>ciri-</span> 
     </span>
    </p>
   </div>
   <div class='ocr_carea' id='block_1_8' title="bbox 1143 1032 2136 1332">
    <p class='ocr_par' dir='ltr' id='par_1_9' title="bbox 1143 1032 2136 1332">
     <span class='ocr_line' id='line_1_53' title="bbox 1143 1032 2136 1131; baseline -0.008 -21"><span class='ocrx_word' id='word_1_381' title='bbox 1143 1042 1263 1115; x_wconf 82' lang='lat' dir='ltr'>mixt&#39;a.</span> <span class='ocrx_word' id='word_1_382' title='bbox 1322 1038 1430 1123; x_wconf 86' lang='lat' dir='ltr'>Item,</span> <span class='ocrx_word' id='word_1_383' title='bbox 1460 1063 1505 1108; x_wconf 89' lang='lat' dir='ltr'>ne</span> <span class='ocrx_word' id='word_1_384' title='bbox 1526 1038 1577 1108; x_wconf 91' lang='lat' dir='ltr'>sic</span> <span class='ocrx_word' id='word_1_385' title='bbox 1599 1039 1644 1108; x_wconf 91' lang='lat' dir='ltr'>ad</span> <span class='ocrx_word' id='word_1_386' title='bbox 1667 1046 1850 1131; x_wconf 83' lang='lat' dir='ltr'>quaestum</span> <span class='ocrx_word' id='word_1_387' title='bbox 1873 1048 1988 1106; x_wconf 85' lang='lat' dir='ltr'>essent</span> <span class='ocrx_word' id='word_1_388' title='bbox 2002 1032 2136 1105; x_wconf 84' lang='lat' dir='ltr'>Missae</span> 
     </span>
     <span class='ocr_line' id='line_1_54' title="bbox 1146 1136 2136 1232; baseline -0.006 -19"><span class='ocrx_word' id='word_1_389' title='bbox 1146 1144 1353 1227; x_wconf 89' lang='lat' dir='ltr'>collocatae,</span> <span class='ocrx_word' id='word_1_390' title='bbox 1375 1143 1522 1210; x_wconf 89' lang='lat' dir='ltr'>fortasse</span> <span class='ocrx_word' id='word_1_391' title='bbox 1537 1163 1611 1208; x_wconf 91' lang='lat' dir='ltr'>non</span> <span class='ocrx_word' id='word_1_392' title='bbox 1628 1139 1824 1232; x_wconf 87' lang='lat' dir='ltr'>scripsisset</span> <span class='ocrx_word' id='word_1_393' title='bbox 1843 1152 1965 1209; x_wconf 90' lang='lat' dir='ltr'>contra</span> <span class='ocrx_word' id='word_1_394' title='bbox 1979 1136 2136 1229; x_wconf 76' lang='lat' dir='ltr'>privatas</span> 
     </span>
     <span class='ocr_line' id='line_1_55' title="bbox 1145 1240 2136 1332; baseline -0.009 -17"><span class='ocrx_word' id='word_1_395' title='bbox 1145 1245 1285 1315; x_wconf 84' lang='lat' dir='ltr'>Missas.</span> <span class='ocrx_word' id='word_1_396' title='bbox 1336 1242 1440 1314; x_wconf 89' lang='lat' dir='ltr'>Nunc</span> <span class='ocrx_word' id='word_1_397' title='bbox 1454 1241 1646 1313; x_wconf 90' lang='lat' dir='ltr'>adversarii</span> <span class='ocrx_word' id='word_1_398' title='bbox 1662 1242 1888 1312; x_wconf 91' lang='lat' dir='ltr'>dissimulant</span> <span class='ocrx_word' id='word_1_399' title='bbox 1902 1240 2032 1332; x_wconf 91' lang='lat' dir='ltr'>prioris</span> <span class='ocrx_word' id='word_1_400' title='bbox 2046 1252 2136 1307; x_wconf 89' lang='lat' dir='ltr'>tem-</span> 
     </span>
    </p>
   </div>
   <div class='ocr_carea' id='block_1_9' title="bbox 1146 1344 2249 1441">
    <p class='ocr_par' dir='ltr' id='par_1_10' title="bbox 1146 1344 2249 1441">
     <span class='ocr_line' id='line_1_56' title="bbox 1146 1344 2249 1441; baseline -0.011 -23"><span class='ocrx_word' id='word_1_401' title='bbox 1146 1347 1243 1441; x_wconf 88' lang='lat' dir='ltr'>poris</span> <span class='ocrx_word' id='word_1_402' title='bbox 1263 1344 1368 1429; x_wconf 84' lang='lat' dir='ltr'>vitia,</span> <span class='ocrx_word' id='word_1_403' title='bbox 1401 1359 1436 1416; x_wconf 90' lang='lat' dir='ltr'>et</span> <span class='ocrx_word' id='word_1_404' title='bbox 1460 1357 1637 1439; x_wconf 89' lang='lat' dir='ltr'>quaerunt</span> <span class='ocrx_word' id='word_1_405' title='bbox 1661 1356 1898 1436; x_wconf 82' lang='lat' dir='ltr'>praetextum,</span> <span class='ocrx_word' id='word_1_406' title='bbox 1930 1354 1970 1412; x_wconf 89' lang='lat' dir='ltr'>ut</span> <span class='ocrx_word' id='word_1_407' title='bbox 1991 1364 2137 1434; x_wconf 92' lang='lat' dir='ltr'>quoquo</span> <span class='ocrx_word' id='word_1_408' title='bbox 2240 1412 2249 1427; x_wconf 58' lang='grc'>,</span> 
     </span>
    </p>
   </div>
   <div class='ocr_carea' id='block_1_10' title="bbox 1145 1437 2211 5403">
    <p class='ocr_par' dir='ltr' id='par_1_11' title="bbox 1146 1437 1712 1540">
     <span class='ocr_line' id='line_1_57' title="bbox 1146 1437 1712 1540; baseline -0.011 -21"><span class='ocrx_word' id='word_1_409' title='bbox 1146 1449 1253 1520; x_wconf 88' lang='lat' dir='ltr'>modo</span> <span class='ocrx_word' id='word_1_410' title='bbox 1273 1446 1475 1540; x_wconf 85' lang='lat' dir='ltr'>opprimant</span> <span class='ocrx_word' id='word_1_411' title='bbox 1491 1437 1712 1519; x_wconf 77' lang='lat' dir='ltr'>Latherum.</span> 
     </span>
    </p>

    <p class='ocr_par' dir='ltr' id='par_1_12' title="bbox 1146 1543 2148 3576">
     <span class='ocr_line' id='line_1_58' title="bbox 1189 1543 2138 1641; baseline -0.011 -19"><span class='ocrx_word' id='word_1_412' title='bbox 1189 1632 1194 1641; x_wconf 34' lang='grc' dir='ltr'>Ι</span> <span class='ocrx_word' id='word_1_413' title='bbox 1248 1546 1296 1621; x_wconf 89' lang='lat' dir='ltr'>Et</span> <span class='ocrx_word' id='word_1_414' title='bbox 1326 1562 1368 1620; x_wconf 92' lang='lat' dir='ltr'>ut</span> <span class='ocrx_word' id='word_1_415' title='bbox 1397 1550 1547 1618; x_wconf 83' lang='lat' dir='ltr'>maxime</span> <span class='ocrx_word' id='word_1_416' title='bbox 1579 1543 1670 1617; x_wconf 91' lang='lat' dir='ltr'>hanc</span> <span class='ocrx_word' id='word_1_417' title='bbox 1705 1546 1911 1639; x_wconf 88' lang='lat' dir='ltr'>opinionem</span> <span class='ocrx_word' id='word_1_418' title='bbox 1940 1543 2138 1635; x_wconf 88' lang='lat' dir='ltr'>receperint</span> 
     </span>
     <span class='ocr_line' id='line_1_59' title="bbox 1146 1644 2148 1747; baseline -0.009 -23"><span class='ocrx_word' id='word_1_419' title='bbox 1146 1650 1335 1747; x_wconf 84' lang='lat' dir='ltr'>Episcopi,</span> <span class='ocrx_word' id='word_1_420' title='bbox 1356 1665 1474 1729; x_wconf 85' lang='lat' dir='ltr'>tamen</span> <span class='ocrx_word' id='word_1_421' title='bbox 1490 1673 1564 1720; x_wconf 92' lang='lat' dir='ltr'>non</span> <span class='ocrx_word' id='word_1_422' title='bbox 1579 1652 1748 1743; x_wconf 86' lang='lat' dir='ltr'>poterunt</span> <span class='ocrx_word' id='word_1_423' title='bbox 1762 1647 1916 1740; x_wconf 83' lang='lat' dir='ltr'>privatas</span> <span class='ocrx_word' id='word_1_424' title='bbox 1929 1644 2060 1718; x_wconf 90' lang='lat' dir='ltr'>Missas</span> <span class='ocrx_word' id='word_1_425' title='bbox 2073 1668 2148 1743; x_wconf 32' lang='lat' dir='ltr'>per·</span> 
     </span>
     <span class='ocr_line' id='line_1_60' title="bbox 1148 1744 2138 1846; baseline -0.01 -21"><span class='ocrx_word' id='word_1_426' title='bbox 1148 1780 1225 1825; x_wconf 90' lang='lat' dir='ltr'>eam</span> <span class='ocrx_word' id='word_1_427' title='bbox 1254 1754 1452 1824; x_wconf 78' lang='lat' dir='ltr'>defendere.</span> <span class='ocrx_word' id='word_1_428' title='bbox 1517 1750 1557 1822; x_wconf 91' lang='lat' dir='ltr'>Si</span> <span class='ocrx_word' id='word_1_429' title='bbox 1578 1764 1717 1821; x_wconf 90' lang='lat' dir='ltr'>tantum</span> <span class='ocrx_word' id='word_1_430' title='bbox 1742 1764 1794 1821; x_wconf 88' lang='lat' dir='ltr'>est</span> <span class='ocrx_word' id='word_1_431' title='bbox 1815 1750 2007 1846; x_wconf 80' lang='lat' dir='ltr'>gratiarnm</span> <span class='ocrx_word' id='word_1_432' title='bbox 2035 1744 2138 1833; x_wconf 90' lang='lat' dir='ltr'>actio,</span> 
     </span>
     <span class='ocr_line' id='line_1_61' title="bbox 1148 1852 2136 1953; baseline -0.008 -28"><span class='ocrx_word' id='word_1_433' title='bbox 1148 1858 1234 1953; x_wconf 89' lang='lat' dir='ltr'>quid</span> <span class='ocrx_word' id='word_1_434' title='bbox 1261 1856 1380 1925; x_wconf 91' lang='lat' dir='ltr'>dicent</span> <span class='ocrx_word' id='word_1_435' title='bbox 1406 1855 1573 1924; x_wconf 86' lang='lat' dir='ltr'>interesse</span> <span class='ocrx_word' id='word_1_436' title='bbox 1603 1854 1696 1924; x_wconf 89' lang='lat' dir='ltr'>inter</span> <span class='ocrx_word' id='word_1_437' title='bbox 1725 1852 2011 1922; x_wconf 90' lang='lat' dir='ltr'>communionem</span> <span class='ocrx_word' id='word_1_438' title='bbox 2039 1872 2136 1941; x_wconf 88' lang='lat' dir='ltr'>pres-</span> 
     </span>
     <span class='ocr_line' id='line_1_62' title="bbox 1148 1951 2137 2053; baseline -0.007 -26"><span class='ocrx_word' id='word_1_439' title='bbox 1148 1957 1262 2053; x_wconf 89' lang='lat' dir='ltr'>byteri</span> <span class='ocrx_word' id='word_1_440' title='bbox 1285 1970 1319 2026; x_wconf 89' lang='lat' dir='ltr'>ot</span> <span class='ocrx_word' id='word_1_441' title='bbox 1343 1955 1451 2025; x_wconf 82' lang='lat' dir='ltr'>laici?</span> <span class='ocrx_word' id='word_1_442' title='bbox 1489 1953 1586 2043; x_wconf 83' lang='lat' dir='ltr'>Quid</span> <span class='ocrx_word' id='word_1_443' title='bbox 1603 1978 1692 2046; x_wconf 88' lang='lat' dir='ltr'>opus</span> <span class='ocrx_word' id='word_1_444' title='bbox 1708 1956 1774 2025; x_wconf 87' lang='lat' dir='ltr'>erit</span> <span class='ocrx_word' id='word_1_445' title='bbox 1795 1953 1959 2047; x_wconf 85' lang='lat' dir='ltr'>pluribus</span> <span class='ocrx_word' id='word_1_446' title='bbox 1975 1951 2137 2021; x_wconf 81' lang='lat' dir='ltr'>sacerdo-</span> 
     </span>
     <span class='ocr_line' id='line_1_63' title="bbox 1149 2056 2138 2149; baseline -0.01 -18"><span class='ocrx_word' id='word_1_447' title='bbox 1149 2059 1268 2132; x_wconf 82' lang='lat' dir='ltr'>tibus?</span> <span class='ocrx_word' id='word_1_448' title='bbox 1308 2057 1491 2149; x_wconf 75' lang='lat' dir='ltr'>sipiares</span> <span class='ocrx_word' id='word_1_449' title='bbox 1519 2056 1601 2126; x_wconf 92' lang='lat' dir='ltr'>laici</span> <span class='ocrx_word' id='word_1_450' title='bbox 1626 2056 1804 2148; x_wconf 89' lang='lat' dir='ltr'>accipiunt</span> <span class='ocrx_word' id='word_1_451' title='bbox 1831 2067 2087 2125; x_wconf 90' lang='lat' dir='ltr'>sacramentum</span> <span class='ocrx_word' id='word_1_452' title='bbox 2117 2078 2138 2122; x_wconf 84' lang='lat' dir='ltr'>a</span> 
     </span>
     <span class='ocr_line' id='line_1_64' title="bbox 1147 2158 2139 2254; baseline -0.007 -23"><span class='ocrx_word' id='word_1_453' title='bbox 1147 2174 1305 2254; x_wconf 90' lang='lat' dir='ltr'>pastore,</span> <span class='ocrx_word' id='word_1_454' title='bbox 1344 2158 1555 2229; x_wconf 90' lang='lat' dir='ltr'>tantundem</span> <span class='ocrx_word' id='word_1_455' title='bbox 1586 2158 1674 2227; x_wconf 91' lang='lat' dir='ltr'>boni</span> <span class='ocrx_word' id='word_1_456' title='bbox 1709 2158 1794 2244; x_wconf 93' lang='lat' dir='ltr'>erit,</span> <span class='ocrx_word' id='word_1_457' title='bbox 1833 2172 2005 2251; x_wconf 92' lang='lat' dir='ltr'>quantum</span> <span class='ocrx_word' id='word_1_458' title='bbox 2038 2167 2139 2239; x_wconf 77' lang='lat' dir='ltr'>esset,</span> 
     </span>
     <span class='ocr_line' id='line_1_65' title="bbox 1147 2256 2139 2355; baseline -0.009 -22"><span class='ocrx_word' id='word_1_459' title='bbox 1147 2265 1178 2333; x_wconf 97' lang='lat' dir='ltr'>si</span> <span class='ocrx_word' id='word_1_460' title='bbox 1194 2260 1327 2353; x_wconf 90' lang='lat' dir='ltr'>singuli</span> <span class='ocrx_word' id='word_1_461' title='bbox 1349 2260 1543 2354; x_wconf 88' lang='lat' dir='ltr'>presbyteri</span> <span class='ocrx_word' id='word_1_462' title='bbox 1567 2260 1794 2355; x_wconf 85' lang='lat' dir='ltr'>celebrarent.</span> <span class='ocrx_word' id='word_1_463' title='bbox 1845 2256 1943 2346; x_wconf 87' lang='lat' dir='ltr'>Quid</span> <span class='ocrx_word' id='word_1_464' title='bbox 1967 2278 2056 2349; x_wconf 86' lang='lat' dir='ltr'>opus</span> <span class='ocrx_word' id='word_1_465' title='bbox 2076 2270 2139 2342; x_wconf 87' lang='lat' dir='ltr'>est,</span> 
     </span>
     <span class='ocr_line' id='line_1_66' title="bbox 1147 2359 2140 2453; baseline -0.008 -16"><span class='ocrx_word' id='word_1_466' title='bbox 1147 2369 1260 2437; x_wconf 89' lang='lat' dir='ltr'>facere</span> <span class='ocrx_word' id='word_1_467' title='bbox 1284 2363 1448 2435; x_wconf 89' lang='lat' dir='ltr'>ordinem</span> <span class='ocrx_word' id='word_1_468' title='bbox 1474 2361 1687 2453; x_wconf 90' lang='lat' dir='ltr'>peculiarem</span> <span class='ocrx_word' id='word_1_469' title='bbox 1712 2362 1756 2430; x_wconf 88' lang='lat' dir='ltr'>ad</span> <span class='ocrx_word' id='word_1_470' title='bbox 1779 2359 1927 2446; x_wconf 90' lang='lat' dir='ltr'>Missas,</span> <span class='ocrx_word' id='word_1_471' title='bbox 1953 2384 2033 2430; x_wconf 90' lang='lat' dir='ltr'>cum</span> <span class='ocrx_word' id='word_1_472' title='bbox 2059 2380 2140 2449; x_wconf 85' lang='lat' dir='ltr'>gra·</span> 
     </span>
     <span class='ocr_line' id='line_1_67' title="bbox 1149 2463 2140 2553; baseline -0.007 -15"><span class='ocrx_word' id='word_1_473' title='bbox 1149 2468 1278 2539; x_wconf 89' lang='lat' dir='ltr'>tiarnm</span> <span class='ocrx_word' id='word_1_474' title='bbox 1302 2465 1393 2535; x_wconf 87' lang='lat' dir='ltr'>aetio</span> <span class='ocrx_word' id='word_1_475' title='bbox 1422 2464 1594 2534; x_wconf 85' lang='lat' dir='ltr'>laicorum</span> <span class='ocrx_word' id='word_1_476' title='bbox 1616 2487 1635 2533; x_wconf 94' lang='lat' dir='ltr'>a</span> <span class='ocrx_word' id='word_1_477' title='bbox 1665 2464 1855 2553; x_wconf 88' lang='lat' dir='ltr'>gratiarum</span> <span class='ocrx_word' id='word_1_478' title='bbox 1878 2463 2015 2532; x_wconf 89' lang='lat' dir='ltr'>actione</span> <span class='ocrx_word' id='word_1_479' title='bbox 2039 2482 2140 2552; x_wconf 87' lang='lat' dir='ltr'>pres-</span> 
     </span>
     <span class='ocr_line' id='line_1_68' title="bbox 1147 2561 2138 2667; baseline -0.007 -28"><span class='ocrx_word' id='word_1_480' title='bbox 1147 2572 1355 2667; x_wconf 86' lang='lat' dir='ltr'>byterorum</span> <span class='ocrx_word' id='word_1_481' title='bbox 1383 2590 1458 2636; x_wconf 92' lang='lat' dir='ltr'>non</span> <span class='ocrx_word' id='word_1_482' title='bbox 1488 2566 1640 2637; x_wconf 83' lang='lat' dir='ltr'>differat.</span> <span class='ocrx_word' id='word_1_483' title='bbox 1702 2563 1809 2651; x_wconf 91' lang='lat' dir='ltr'>ltcm,</span> <span class='ocrx_word' id='word_1_484' title='bbox 1838 2588 1919 2634; x_wconf 92' lang='lat' dir='ltr'>cum</span> <span class='ocrx_word' id='word_1_485' title='bbox 1945 2561 2138 2655; x_wconf 85' lang='lat' dir='ltr'>gratiarnm</span> 
     </span>
     <span class='ocr_line' id='line_1_69' title="bbox 1149 2662 2139 2759; baseline -0.009 -17"><span class='ocrx_word' id='word_1_486' title='bbox 1149 2672 1238 2742; x_wconf 89' lang='lat' dir='ltr'>actio</span> <span class='ocrx_word' id='word_1_487' title='bbox 1253 2683 1390 2740; x_wconf 90' lang='lat' dir='ltr'>tantum</span> <span class='ocrx_word' id='word_1_488' title='bbox 1407 2668 1524 2759; x_wconf 90' lang='lat' dir='ltr'>agenti</span> <span class='ocrx_word' id='word_1_489' title='bbox 1537 2667 1660 2759; x_wconf 91' lang='lat' dir='ltr'>prosit,</span> <span class='ocrx_word' id='word_1_490' title='bbox 1682 2662 1775 2737; x_wconf 90' lang='lat' dir='ltr'>nihil</span> <span class='ocrx_word' id='word_1_491' title='bbox 1790 2668 1964 2759; x_wconf 88' lang='lat' dir='ltr'>pertineat</span> <span class='ocrx_word' id='word_1_492' title='bbox 1979 2666 2025 2735; x_wconf 86' lang='lat' dir='ltr'>ad</span> <span class='ocrx_word' id='word_1_493' title='bbox 2038 2664 2139 2745; x_wconf 90' lang='lat' dir='ltr'>alios,</span> 
     </span>
     <span class='ocr_line' id='line_1_70' title="bbox 1147 2766 2139 2859; baseline -0.009 -16"><span class='ocrx_word' id='word_1_494' title='bbox 1147 2770 1241 2843; x_wconf 89' lang='lat' dir='ltr'>nihil</span> <span class='ocrx_word' id='word_1_495' title='bbox 1256 2784 1442 2843; x_wconf 90' lang='lat' dir='ltr'>mereatur.</span> <span class='ocrx_word' id='word_1_496' title='bbox 1495 2767 1583 2838; x_wconf 88' lang='lat' dir='ltr'>Item</span> <span class='ocrx_word' id='word_1_497' title='bbox 1599 2769 1727 2859; x_wconf 90' lang='lat' dir='ltr'>frigida</span> <span class='ocrx_word' id='word_1_498' title='bbox 1751 2783 1802 2839; x_wconf 88' lang='lat' dir='ltr'>est</span> <span class='ocrx_word' id='word_1_499' title='bbox 1822 2766 2014 2859; x_wconf 89' lang='lat' dir='ltr'>gratiarum</span> <span class='ocrx_word' id='word_1_500' title='bbox 2036 2766 2139 2850; x_wconf 89' lang='lat' dir='ltr'>actio,</span> 
     </span>
     <span class='ocr_line' id='line_1_71' title="bbox 1149 2868 2138 2970; baseline -0.009 -25"><span class='ocrx_word' id='word_1_501' title='bbox 1149 2899 1238 2970; x_wconf 90' lang='lat' dir='ltr'>quae</span> <span class='ocrx_word' id='word_1_502' title='bbox 1255 2874 1294 2942; x_wconf 88' lang='lat' dir='ltr'>fit</span> <span class='ocrx_word' id='word_1_503' title='bbox 1307 2896 1372 2965; x_wconf 89' lang='lat' dir='ltr'>per</span> <span class='ocrx_word' id='word_1_504' title='bbox 1388 2872 1474 2942; x_wconf 86' lang='lat' dir='ltr'>tales</span> <span class='ocrx_word' id='word_1_505' title='bbox 1489 2894 1669 2962; x_wconf 90' lang='lat' dir='ltr'>personas,</span> <span class='ocrx_word' id='word_1_506' title='bbox 1695 2896 1784 2963; x_wconf 89' lang='lat' dir='ltr'>quae</span> <span class='ocrx_word' id='word_1_507' title='bbox 1799 2871 1915 2940; x_wconf 91' lang='lat' dir='ltr'>reditu</span> <span class='ocrx_word' id='word_1_508' title='bbox 1930 2868 2138 2939; x_wconf 87' lang='lat' dir='ltr'>conducun-</span> 
     </span>
     <span class='ocr_line' id='line_1_72' title="bbox 1148 2967 2138 3066; baseline -0.011 -19"><span class='ocrx_word' id='word_1_509' title='bbox 1148 2993 1223 3061; x_wconf 86' lang='lat' dir='ltr'>tur,</span> <span class='ocrx_word' id='word_1_510' title='bbox 1248 2990 1281 3046; x_wconf 92' lang='lat' dir='ltr'>et</span> <span class='ocrx_word' id='word_1_511' title='bbox 1296 2987 1441 3066; x_wconf 89' lang='lat' dir='ltr'>propter</span> <span class='ocrx_word' id='word_1_512' title='bbox 1455 2973 1591 3042; x_wconf 85' lang='lat' dir='ltr'>reditus</span> <span class='ocrx_word' id='word_1_513' title='bbox 1606 2972 1802 3057; x_wconf 86' lang='lat' dir='ltr'>celebrant,</span> <span class='ocrx_word' id='word_1_514' title='bbox 1828 2986 1862 3042; x_wconf 92' lang='lat' dir='ltr'>et</span> <span class='ocrx_word' id='word_1_515' title='bbox 1881 2971 2060 3041; x_wconf 88' lang='lat' dir='ltr'>celebrant</span> <span class='ocrx_word' id='word_1_516' title='bbox 2079 2967 2138 3037; x_wconf 91' lang='lat' dir='ltr'>in-</span> 
     </span>
     <span class='ocr_line' id='line_1_73' title="bbox 1149 3068 2139 3166; baseline -0.008 -18"><span class='ocrx_word' id='word_1_517' title='bbox 1149 3079 1224 3150; x_wconf 83' lang='lat' dir='ltr'>viti.</span> <span class='ocrx_word' id='word_1_518' title='bbox 1272 3076 1463 3164; x_wconf 87' lang='lat' dir='ltr'>Quomodo</span> <span class='ocrx_word' id='word_1_519' title='bbox 1479 3070 1551 3143; x_wconf 92' lang='lat' dir='ltr'>huc</span> <span class='ocrx_word' id='word_1_520' title='bbox 1565 3074 1731 3143; x_wconf 90' lang='lat' dir='ltr'>convenit</span> <span class='ocrx_word' id='word_1_521' title='bbox 1744 3074 1944 3166; x_wconf 91' lang='lat' dir='ltr'>exemplum</span> <span class='ocrx_word' id='word_1_522' title='bbox 1955 3072 2041 3161; x_wconf 88' lang='lat' dir='ltr'>legis</span> <span class='ocrx_word' id='word_1_523' title='bbox 2054 3068 2139 3140; x_wconf 88' lang='lat' dir='ltr'>Mo·</span> 
     </span>
     <span class='ocr_line' id='line_1_74' title="bbox 1149 3172 2139 3267; baseline -0.008 -18"><span class='ocrx_word' id='word_1_524' title='bbox 1149 3178 1284 3249; x_wconf 81' lang='lat' dir='ltr'>saicae?</span> <span class='ocrx_word' id='word_1_525' title='bbox 1314 3176 1371 3245; x_wconf 92' lang='lat' dir='ltr'>lbi</span> <span class='ocrx_word' id='word_1_526' title='bbox 1386 3199 1461 3246; x_wconf 91' lang='lat' dir='ltr'>non</span> <span class='ocrx_word' id='word_1_527' title='bbox 1474 3176 1573 3246; x_wconf 89' lang='lat' dir='ltr'>licuit</span> <span class='ocrx_word' id='word_1_528' title='bbox 1587 3176 1720 3267; x_wconf 91' lang='lat' dir='ltr'>populo</span> <span class='ocrx_word' id='word_1_529' title='bbox 1735 3176 1936 3256; x_wconf 82' lang='lat' dir='ltr'>sacrificare.</span> <span class='ocrx_word' id='word_1_530' title='bbox 1978 3172 2028 3243; x_wconf 84' lang='lat' dir='ltr'>At</span> <span class='ocrx_word' id='word_1_531' title='bbox 2041 3196 2139 3242; x_wconf 91' lang='lat' dir='ltr'>nunc</span> 
     </span>
     <span class='ocr_line' id='line_1_75' title="bbox 1148 3273 2140 3369; baseline -0.008 -19"><span class='ocrx_word' id='word_1_532' title='bbox 1148 3282 1271 3351; x_wconf 90' lang='lat' dir='ltr'>vident</span> <span class='ocrx_word' id='word_1_533' title='bbox 1292 3278 1502 3361; x_wconf 85' lang='lat' dir='ltr'>adversarii,</span> <span class='ocrx_word' id='word_1_534' title='bbox 1526 3276 1687 3369; x_wconf 89' lang='lat' dir='ltr'>praeberi</span> <span class='ocrx_word' id='word_1_535' title='bbox 1711 3277 1809 3347; x_wconf 91' lang='lat' dir='ltr'>laicis</span> <span class='ocrx_word' id='word_1_536' title='bbox 1832 3273 2140 3369; x_wconf 86' lang='lat' dir='ltr'>corpusDomini,</span> 
     </span>
     <span class='ocr_line' id='line_1_76' title="bbox 1149 3376 2138 3463; baseline -0.005 -11"><span class='ocrx_word' id='word_1_537' title='bbox 1149 3384 1218 3453; x_wconf 91' lang='lat' dir='ltr'>nisi</span> <span class='ocrx_word' id='word_1_538' title='bbox 1230 3382 1319 3451; x_wconf 92' lang='lat' dir='ltr'>forte</span> <span class='ocrx_word' id='word_1_539' title='bbox 1335 3381 1469 3463; x_wconf 91' lang='lat' dir='ltr'>dicant,</span> <span class='ocrx_word' id='word_1_540' title='bbox 1495 3378 1704 3448; x_wconf 90' lang='lat' dir='ltr'>sacrificium</span> <span class='ocrx_word' id='word_1_541' title='bbox 1720 3402 1783 3447; x_wconf 86' lang='lat' dir='ltr'>seu</span> <span class='ocrx_word' id='word_1_542' title='bbox 1804 3378 2021 3449; x_wconf 90' lang='lat' dir='ltr'>oblationem</span> <span class='ocrx_word' id='word_1_543' title='bbox 2039 3376 2138 3447; x_wconf 90' lang='lat' dir='ltr'>aliud</span> 
     </span>
     <span class='ocr_line' id='line_1_77' title="bbox 1148 3480 1836 3576; baseline -0.01 -20"><span class='ocrx_word' id='word_1_544' title='bbox 1148 3508 1239 3568; x_wconf 86' lang='lat' dir='ltr'>esse,</span> <span class='ocrx_word' id='word_1_545' title='bbox 1268 3506 1374 3576; x_wconf 93' lang='lat' dir='ltr'>quam</span> <span class='ocrx_word' id='word_1_546' title='bbox 1389 3481 1502 3573; x_wconf 88' lang='lat' dir='ltr'>ipsam</span> <span class='ocrx_word' id='word_1_547' title='bbox 1517 3480 1836 3550; x_wconf 88' lang='lat' dir='ltr'>manducationem.</span> 
     </span>
    </p>

    <p class='ocr_par' dir='ltr' id='par_1_13' title="bbox 1145 3578 2211 5200">
     <span class='ocr_line' id='line_1_78' title="bbox 1250 3578 2140 3676; baseline -0.004 -23"><span class='ocrx_word' id='word_1_548' title='bbox 1250 3582 1464 3676; x_wconf 90' lang='lat' dir='ltr'>Quanquam</span> <span class='ocrx_word' id='word_1_549' title='bbox 1493 3596 1609 3651; x_wconf 88' lang='lat' dir='ltr'>autem</span> <span class='ocrx_word' id='word_1_550' title='bbox 1639 3578 1725 3651; x_wconf 89' lang='lat' dir='ltr'>haec</span> <span class='ocrx_word' id='word_1_551' title='bbox 1753 3582 1906 3652; x_wconf 92' lang='lat' dir='ltr'>secunda</span> <span class='ocrx_word' id='word_1_552' title='bbox 1938 3579 2061 3671; x_wconf 92' lang='lat' dir='ltr'>opinio</span> <span class='ocrx_word' id='word_1_553' title='bbox 2093 3578 2140 3649; x_wconf 90' lang='lat' dir='ltr'>sit</span> 
     </span>
     <span class='ocr_line' id='line_1_79' title="bbox 1147 3676 2139 3780; baseline -0.004 -24"><span class='ocrx_word' id='word_1_554' title='bbox 1147 3686 1328 3780; x_wconf 89' lang='lat' dir='ltr'>aliquanto</span> <span class='ocrx_word' id='word_1_555' title='bbox 1354 3684 1577 3754; x_wconf 87' lang='lat' dir='ltr'>tolerabilior</span> <span class='ocrx_word' id='word_1_556' title='bbox 1596 3685 1733 3775; x_wconf 90' lang='lat' dir='ltr'>priore,</span> <span class='ocrx_word' id='word_1_557' title='bbox 1773 3697 1807 3753; x_wconf 91' lang='lat' dir='ltr'>et</span> <span class='ocrx_word' id='word_1_558' title='bbox 1836 3684 1981 3754; x_wconf 90' lang='lat' dir='ltr'>fortasse</span> <span class='ocrx_word' id='word_1_559' title='bbox 2008 3676 2139 3753; x_wconf 82' lang='lat' dir='ltr'>habeat</span> 
     </span>
     <span class='ocr_line' id='line_1_80' title="bbox 1148 3785 2139 3870; baseline -0.003 -13"><span class='ocrx_word' id='word_1_560' title='bbox 1148 3800 1306 3857; x_wconf 89' lang='lat' dir='ltr'>auctores</span> <span class='ocrx_word' id='word_1_561' title='bbox 1319 3788 1462 3870; x_wconf 90' lang='lat' dir='ltr'>multos,</span> <span class='ocrx_word' id='word_1_562' title='bbox 1489 3800 1607 3869; x_wconf 90' lang='lat' dir='ltr'>tamen</span> <span class='ocrx_word' id='word_1_563' title='bbox 1622 3788 1783 3854; x_wconf 89' lang='lat' dir='ltr'>nondum</span> <span class='ocrx_word' id='word_1_564' title='bbox 1800 3786 1903 3855; x_wconf 91' lang='lat' dir='ltr'>docet</span> <span class='ocrx_word' id='word_1_565' title='bbox 1919 3785 1962 3854; x_wconf 89' lang='lat' dir='ltr'>de</span> <span class='ocrx_word' id='word_1_566' title='bbox 1975 3808 2059 3852; x_wconf 90' lang='lat' dir='ltr'>vero</span> <span class='ocrx_word' id='word_1_567' title='bbox 2069 3805 2139 3854; x_wconf 86' lang='lat' dir='ltr'>usu</span> 
     </span>
     <span class='ocr_line' id='line_1_81' title="bbox 1147 3886 2139 3976; baseline -0.003 -16"><span class='ocrx_word' id='word_1_568' title='bbox 1147 3886 1297 3960; x_wconf 88' lang='lat' dir='ltr'>Coenae.</span> <span class='ocrx_word' id='word_1_569' title='bbox 1362 3887 1500 3957; x_wconf 91' lang='lat' dir='ltr'>Multae</span> <span class='ocrx_word' id='word_1_570' title='bbox 1529 3900 1644 3955; x_wconf 90' lang='lat' dir='ltr'>autem</span> <span class='ocrx_word' id='word_1_571' title='bbox 1668 3886 1824 3958; x_wconf 90' lang='lat' dir='ltr'>rationes</span> <span class='ocrx_word' id='word_1_572' title='bbox 1847 3886 1966 3976; x_wconf 91' lang='lat' dir='ltr'>colligi</span> <span class='ocrx_word' id='word_1_573' title='bbox 1996 3898 2139 3976; x_wconf 88' lang='lat' dir='ltr'>possent</span> 
     </span>
     <span class='ocr_line' id='line_1_82' title="bbox 1147 3985 2138 4078; baseline -0.004 -18"><span class='ocrx_word' id='word_1_574' title='bbox 1147 3994 1190 4061; x_wconf 88' lang='lat' dir='ltr'>ad</span> <span class='ocrx_word' id='word_1_575' title='bbox 1222 3990 1474 4060; x_wconf 80' lang='lat' dir='ltr'>confutandam</span> <span class='ocrx_word' id='word_1_576' title='bbox 1499 3985 1591 4057; x_wconf 88' lang='lat' dir='ltr'>hanc</span> <span class='ocrx_word' id='word_1_577' title='bbox 1615 3990 1841 4078; x_wconf 91' lang='lat' dir='ltr'>opinionem,</span> <span class='ocrx_word' id='word_1_578' title='bbox 1881 3992 1943 4056; x_wconf 88' lang='lat' dir='ltr'>sed</span> <span class='ocrx_word' id='word_1_579' title='bbox 1966 4011 2062 4056; x_wconf 91' lang='lat' dir='ltr'>nunc</span> <span class='ocrx_word' id='word_1_580' title='bbox 2087 3986 2138 4056; x_wconf 88' lang='lat' dir='ltr'>sic</span> 
     </span>
     <span class='ocr_line' id='line_1_83' title="bbox 1147 4090 2142 4180; baseline -0.001 -18"><span class='ocrx_word' id='word_1_581' title='bbox 1147 4106 1242 4162; x_wconf 89' lang='lat' dir='ltr'>amat</span> <span class='ocrx_word' id='word_1_582' title='bbox 1261 4116 1337 4162; x_wconf 89' lang='lat' dir='ltr'>eam</span> <span class='ocrx_word' id='word_1_583' title='bbox 1361 4093 1533 4176; x_wconf 91' lang='lat' dir='ltr'>mundus,</span> <span class='ocrx_word' id='word_1_584' title='bbox 1558 4104 1598 4160; x_wconf 93' lang='lat' dir='ltr'>ut</span> <span class='ocrx_word' id='word_1_585' title='bbox 1620 4090 1781 4159; x_wconf 81' lang='lat' dir='ltr'>videatur</span> <span class='ocrx_word' id='word_1_586' title='bbox 1801 4113 1876 4158; x_wconf 93' lang='lat' dir='ltr'>non</span> <span class='ocrx_word' id='word_1_587' title='bbox 1899 4112 2000 4180; x_wconf 87' lang='lat' dir='ltr'>posse</span> <span class='ocrx_word' id='word_1_588' title='bbox 2020 4100 2142 4161; x_wconf 76' lang='lat' dir='ltr'>extor-,</span> 
     </span>
     <span class='ocr_line' id='line_1_84' title="bbox 1148 4188 2138 4289; baseline -0.008 -24"><span class='ocrx_word' id='word_1_589' title='bbox 1148 4194 1248 4289; x_wconf 89' lang='lat' dir='ltr'>queri</span> <span class='ocrx_word' id='word_1_590' title='bbox 1277 4188 1495 4262; x_wconf 87' lang='lat' dir='ltr'>hominibus.</span> <span class='ocrx_word' id='word_1_591' title='bbox 1557 4192 1715 4260; x_wconf 83' lang='lat' dir='ltr'>Afferam</span> <span class='ocrx_word' id='word_1_592' title='bbox 1745 4205 1865 4261; x_wconf 91' lang='lat' dir='ltr'>tamen</span> <span class='ocrx_word' id='word_1_593' title='bbox 1891 4190 2000 4259; x_wconf 88' lang='lat' dir='ltr'>unam</span> <span class='ocrx_word' id='word_1_594' title='bbox 2032 4203 2138 4283; x_wconf 86' lang='lat' dir='ltr'>atque</span> 
     </span>
     <span class='ocr_line' id='line_1_85' title="bbox 1147 4290 2137 4384; baseline -0.007 -18"><span class='ocrx_word' id='word_1_595' title='bbox 1147 4297 1292 4368; x_wconf 91' lang='lat' dir='ltr'>alteram</span> <span class='ocrx_word' id='word_1_596' title='bbox 1311 4294 1493 4365; x_wconf 89' lang='lat' dir='ltr'>rationem.</span> <span class='ocrx_word' id='word_1_597' title='bbox 1547 4292 1587 4363; x_wconf 87' lang='lat' dir='ltr'>Si</span> <span class='ocrx_word' id='word_1_598' title='bbox 1602 4317 1710 4362; x_wconf 92' lang='lat' dir='ltr'>coena</span> <span class='ocrx_word' id='word_1_599' title='bbox 1726 4307 1776 4362; x_wconf 89' lang='lat' dir='ltr'>est</span> <span class='ocrx_word' id='word_1_600' title='bbox 1791 4292 2019 4375; x_wconf 88' lang='lat' dir='ltr'>sacrificium,</span> <span class='ocrx_word' id='word_1_601' title='bbox 2040 4290 2137 4384; x_wconf 92' lang='lat' dir='ltr'>quod</span> 
     </span>
     <span class='ocr_line' id='line_1_86' title="bbox 1147 4388 2137 4483; baseline -0.005 -16"><span class='ocrx_word' id='word_1_602' title='bbox 1147 4422 1168 4467; x_wconf 87' lang='lat' dir='ltr'>a</span> <span class='ocrx_word' id='word_1_603' title='bbox 1188 4411 1282 4467; x_wconf 87' lang='lat' dir='ltr'>certo</span> <span class='ocrx_word' id='word_1_604' title='bbox 1300 4398 1426 4467; x_wconf 91' lang='lat' dir='ltr'>ordine</span> <span class='ocrx_word' id='word_1_605' title='bbox 1446 4390 1635 4465; x_wconf 90' lang='lat' dir='ltr'>hominum</span> <span class='ocrx_word' id='word_1_606' title='bbox 1652 4395 1726 4463; x_wconf 81' lang='lat' dir='ltr'>fieri</span> <span class='ocrx_word' id='word_1_607' title='bbox 1743 4394 1884 4463; x_wconf 89' lang='lat' dir='ltr'>dicitur.</span> <span class='ocrx_word' id='word_1_608' title='bbox 1934 4388 2031 4483; x_wconf 88' lang='lat' dir='ltr'>Ergo</span> <span class='ocrx_word' id='word_1_609' title='bbox 2054 4390 2137 4464; x_wconf 86' lang='lat' dir='ltr'>laici</span> 
     </span>
     <span class='ocr_line' id='line_1_87' title="bbox 1147 4492 2138 4589; baseline -0.001 -22"><span class='ocrx_word' id='word_1_610' title='bbox 1147 4524 1221 4569; x_wconf 90' lang='lat' dir='ltr'>non</span> <span class='ocrx_word' id='word_1_611' title='bbox 1238 4499 1412 4568; x_wconf 88' lang='lat' dir='ltr'>debebant</span> <span class='ocrx_word' id='word_1_612' title='bbox 1429 4498 1648 4589; x_wconf 87' lang='lat' dir='ltr'>participare.</span> <span class='ocrx_word' id='word_1_613' title='bbox 1695 4494 1799 4565; x_wconf 88' lang='lat' dir='ltr'>Nunc</span> <span class='ocrx_word' id='word_1_614' title='bbox 1822 4492 1904 4565; x_wconf 92' lang='lat' dir='ltr'>laici</span> <span class='ocrx_word' id='word_1_615' title='bbox 1922 4494 2138 4587; x_wconf 89' lang='lat' dir='ltr'>participant</span> 
     </span>
     <span class='ocr_line' id='line_1_88' title="bbox 1147 4592 2137 4689; baseline -0.005 -20"><span class='ocrx_word' id='word_1_616' title='bbox 1147 4625 1220 4670; x_wconf 93' lang='lat' dir='ltr'>non</span> <span class='ocrx_word' id='word_1_617' title='bbox 1243 4622 1342 4670; x_wconf 90' lang='lat' dir='ltr'>secus</span> <span class='ocrx_word' id='word_1_618' title='bbox 1357 4623 1398 4668; x_wconf 90' lang='lat' dir='ltr'>ac</span> <span class='ocrx_word' id='word_1_619' title='bbox 1418 4599 1625 4670; x_wconf 84' lang='lat' dir='ltr'>sacerdotes.</span> <span class='ocrx_word' id='word_1_620' title='bbox 1675 4592 1770 4687; x_wconf 89' lang='lat' dir='ltr'>Ergo</span> <span class='ocrx_word' id='word_1_621' title='bbox 1792 4621 1867 4666; x_wconf 91' lang='lat' dir='ltr'>non</span> <span class='ocrx_word' id='word_1_622' title='bbox 1893 4610 1944 4667; x_wconf 86' lang='lat' dir='ltr'>est</span> <span class='ocrx_word' id='word_1_623' title='bbox 1966 4620 2055 4689; x_wconf 88' lang='lat' dir='ltr'>opus</span> <span class='ocrx_word' id='word_1_624' title='bbox 2078 4596 2137 4665; x_wconf 90' lang='lat' dir='ltr'>in-</span> 
     </span>
     <span class='ocr_line' id='line_1_89' title="bbox 1147 4696 2211 4783; baseline -0.003 -13"><span class='ocrx_word' id='word_1_625' title='bbox 1147 4702 1325 4783; x_wconf 90' lang='lat' dir='ltr'>stitutum,</span> <span class='ocrx_word' id='word_1_626' title='bbox 1349 4713 1389 4769; x_wconf 92' lang='lat' dir='ltr'>ut</span> <span class='ocrx_word' id='word_1_627' title='bbox 1406 4714 1544 4769; x_wconf 89' lang='lat' dir='ltr'>tantum</span> <span class='ocrx_word' id='word_1_628' title='bbox 1565 4724 1584 4766; x_wconf 94' lang='lat' dir='ltr'>a</span> <span class='ocrx_word' id='word_1_629' title='bbox 1607 4713 1701 4769; x_wconf 88' lang='lat' dir='ltr'>certo</span> <span class='ocrx_word' id='word_1_630' title='bbox 1723 4700 1850 4769; x_wconf 91' lang='lat' dir='ltr'>ordine</span> <span class='ocrx_word' id='word_1_631' title='bbox 1865 4700 1935 4770; x_wconf 86' lang='lat' dir='ltr'>fiat.</span> <span class='ocrx_word' id='word_1_632' title='bbox 1986 4696 2069 4769; x_wconf 84' lang='lat' dir='ltr'>Non</span> <span class='ocrx_word' id='word_1_633' title='bbox 2085 4717 2137 4768; x_wconf 86' lang='lat' dir='ltr'>est</span> <span class='ocrx_word' id='word_1_634' title='bbox 2204 4698 2211 4721; x_wconf 80' lang='lat'><strong>¹</strong></span> 
     </span>
     <span class='ocr_line' id='line_1_90' title="bbox 1147 4796 2134 4893; baseline -0.003 -22"><span class='ocrx_word' id='word_1_635' title='bbox 1147 4804 1257 4892; x_wconf 91' lang='lat' dir='ltr'>igitur</span> <span class='ocrx_word' id='word_1_636' title='bbox 1283 4800 1510 4885; x_wconf 71' lang='lat' dir='ltr'>sa&#39;lcr&#39;ificium,</span> <span class='ocrx_word' id='word_1_637' title='bbox 1544 4802 1639 4893; x_wconf 93' lang='lat' dir='ltr'>quod</span> <span class='ocrx_word' id='word_1_638' title='bbox 1668 4813 1829 4891; x_wconf 88' lang='lat' dir='ltr'>oporteat</span> <span class='ocrx_word' id='word_1_639' title='bbox 1858 4801 1895 4869; x_wconf 91' lang='lat' dir='ltr'>iu</span> <span class='ocrx_word' id='word_1_640' title='bbox 1925 4796 2081 4868; x_wconf 89' lang='lat' dir='ltr'>Ecclesia</span> <span class='ocrx_word' id='word_1_641' title='bbox 2114 4822 2134 4868; x_wconf 87' lang='lat' dir='ltr'>a</span> 
     </span>
     <span class='ocr_line' id='line_1_91' title="bbox 1147 4900 2136 4995; baseline 0 -24"><span class='ocrx_word' id='word_1_642' title='bbox 1147 4906 1249 4973; x_wconf 86' lang='lat' dir='ltr'>certis</span> <span class='ocrx_word' id='word_1_643' title='bbox 1273 4904 1450 4995; x_wconf 85' lang='lat' dir='ltr'>personis,</span> <span class='ocrx_word' id='word_1_644' title='bbox 1477 4915 1615 4993; x_wconf 83' lang='lat' dir='ltr'>praeter</span> <span class='ocrx_word' id='word_1_645' title='bbox 1635 4903 1827 4993; x_wconf 91' lang='lat' dir='ltr'>populum,</span> <span class='ocrx_word' id='word_1_646' title='bbox 1853 4914 1896 4971; x_wconf 88' lang='lat' dir='ltr'>et·</span> <span class='ocrx_word' id='word_1_647' title='bbox 1913 4924 1977 4992; x_wconf 90' lang='lat' dir='ltr'>pro</span> <span class='ocrx_word' id='word_1_648' title='bbox 2001 4900 2136 4992; x_wconf 91' lang='lat' dir='ltr'>populo</span> 
     </span>
     <span class='ocr_line' id='line_1_92' title="bbox 1145 5002 2135 5095; baseline -0.001 -22"><span class='ocrx_word' id='word_1_649' title='bbox 1145 5006 1239 5091; x_wconf 87' lang='lat' dir='ltr'>fieri&#39;,</span> <span class='ocrx_word' id='word_1_650' title='bbox 1265 5006 1355 5075; x_wconf 89' lang='lat' dir='ltr'>sicut</span> <span class='ocrx_word' id='word_1_651' title='bbox 1377 5004 1417 5072; x_wconf 91' lang='lat' dir='ltr'>in</span> <span class='ocrx_word' id='word_1_652' title='bbox 1439 5004 1518 5093; x_wconf 86' lang='lat' dir='ltr'>lege</span> <span class='ocrx_word' id='word_1_653' title='bbox 1541 5004 1707 5072; x_wconf 88' lang='lat' dir='ltr'>sacrificia</span> <span class='ocrx_word' id='word_1_654' title='bbox 1732 5004 1903 5075; x_wconf 84' lang='lat' dir='ltr'>fiebanta</span> <span class='ocrx_word' id='word_1_655' title='bbox 1931 5002 2034 5070; x_wconf 84' lang='lat' dir='ltr'>certis</span> <span class='ocrx_word' id='word_1_656' title='bbox 2051 5022 2135 5095; x_wconf 80' lang='lat' dir='ltr'>per-</span> 
     </span>
     <span class='ocr_line' id='line_1_93' title="bbox 1147 5095 2080 5200; baseline -0.002 -25"><span class='ocrx_word' id='word_1_657' title='bbox 1147 5108 1260 5190; x_wconf 89' lang='lat' dir='ltr'>sonis,</span> <span class='ocrx_word' id='word_1_658' title='bbox 1286 5108 1416 5200; x_wconf 90' lang='lat' dir='ltr'>quibus</span> <span class='ocrx_word' id='word_1_659' title='bbox 1429 5107 1531 5175; x_wconf 94' lang='lat' dir='ltr'>nullo</span> <span class='ocrx_word' id='word_1_660' title='bbox 1547 5108 1654 5175; x_wconf 91' lang='lat' dir='ltr'>modo</span> <span class='ocrx_word' id='word_1_661' title='bbox 1670 5095 1904 5197; x_wconf 85' lang='lat' dir='ltr'>participabat</span> <span class='ocrx_word' id='word_1_662' title='bbox 1915 5103 2080 5195; x_wconf 89' lang='lat' dir='ltr'>populus.</span> 
     </span>
    </p>

    <p class='ocr_par' dir='ltr' id='par_1_14' title="bbox 1146 5202 2137 5403">
     <span class='ocr_line' id='line_1_94' title="bbox 1249 5202 2137 5286; baseline -0.005 -7"><span class='ocrx_word' id='word_1_663' title='bbox 1249 5208 1432 5286; x_wconf 79' lang='lat' dir='ltr'>Secundo,</span> <span class='ocrx_word' id='word_1_664' title='bbox 1458 5232 1563 5276; x_wconf 88' lang='lat' dir='ltr'>omne</span> <span class='ocrx_word' id='word_1_665' title='bbox 1578 5202 1786 5276; x_wconf 78' lang='lat' dir='ltr'>sacrificium</span> <span class='ocrx_word' id='word_1_666' title='bbox 1804 5220 1985 5275; x_wconf 86' lang='lat' dir='ltr'>externum</span> <span class='ocrx_word' id='word_1_667' title='bbox 2004 5219 2055 5275; x_wconf 87' lang='lat' dir='ltr'>est</span> <span class='ocrx_word' id='word_1_668' title='bbox 2068 5204 2137 5275; x_wconf 83' lang='lat' dir='ltr'>ol)-</span> 
     </span>
     <span class='ocr_line' id='line_1_95' title="bbox 1146 5294 2134 5403; baseline -0.004 -24"><span class='ocrx_word' id='word_1_669' title='bbox 1146 5311 1242 5383; x_wconf 85' lang='lat' dir='ltr'>latio.</span> <span class='ocrx_word' id='word_1_670' title='bbox 1292 5302 1577 5403; x_wconf 78' lang='lat' dir='ltr'>Corpustristi</span> <span class='ocrx_word' id='word_1_671' title='bbox 1600 5308 1844 5381; x_wconf 82' lang='lat' dir='ltr'>non-offertur</span> <span class='ocrx_word' id='word_1_672' title='bbox 1867 5309 1906 5376; x_wconf 92' lang='lat' dir='ltr'>in</span> <span class='ocrx_word' id='word_1_673' title='bbox 1922 5304 2040 5376; x_wconf 85' lang='lat' dir='ltr'>Coena</span> <span class='ocrx_word' id='word_1_674' title='bbox 2056 5294 2134 5375; x_wconf 80' lang='lat' dir='ltr'>Do·</span> 
     </span>
    </p>
   </div>
   <div class='ocr_carea' id='block_1_11' title="bbox 1143 5406 2136 5498">
    <p class='ocr_par' dir='ltr' id='par_1_15' title="bbox 1143 5406 2136 5498">
     <span class='ocr_line' id='line_1_96' title="bbox 1143 5406 2136 5498; baseline -0.002 -17"><span class='ocrx_word' id='word_1_675' title='bbox 1143 5410 1253 5497; x_wconf 89' lang='lat' dir='ltr'>mini,</span> <span class='ocrx_word' id='word_1_676' title='bbox 1292 5412 1353 5482; x_wconf 87' lang='lat' dir='ltr'>sed</span> <span class='ocrx_word' id='word_1_677' title='bbox 1382 5424 1434 5481; x_wconf 85' lang='lat' dir='ltr'>est</span> <span class='ocrx_word' id='word_1_678' title='bbox 1453 5410 1572 5481; x_wconf 76' lang='lat' dir='ltr'>semel</span> <span class='ocrx_word' id='word_1_679' title='bbox 1604 5406 1782 5498; x_wconf 82' lang='lat' dir='ltr'>oblatum,</span> <span class='ocrx_word' id='word_1_680' title='bbox 1819 5423 1861 5481; x_wconf 92' lang='lat' dir='ltr'>ut</span> <span class='ocrx_word' id='word_1_681' title='bbox 1887 5410 1931 5480; x_wconf 89' lang='lat' dir='ltr'>ad</span> <span class='ocrx_word' id='word_1_682' title='bbox 1952 5407 2136 5480; x_wconf 87' lang='lat' dir='ltr'>Hebraeos</span> 
     </span>
    </p>
   </div>
   <div class='ocr_carea' id='block_1_12' title="bbox 0 0 2255 5780">
    <p class='ocr_par' dir='ltr' id='par_1_16' title="bbox 0 0 2255 5780">
     <span class='ocr_line' id='line_1_97' title="bbox 0 0 2255 5780; baseline 0 0"><span class='ocrx_word' id='word_1_683' title='bbox 0 0 2255 5780; x_wconf 95' lang='lat' dir='ltr'> </span> 
     </span>
    </p>
   </div>
  </div>
 </body>
</html>
