4500 5782
172 268 403 328 mia·
724 264 784 317 .'
952 248 1435 375 Praenominum..
1682 260 1685 265 '
2151 272 2204 327 η

174 424 304 500 haunt
321 424 400 502 012
419 427 587 518 epistolae
611 429 803 499 secundum
830 429 958 497 seriem
983 451 1161 498 annorum
1211 449 1253 497 ex
1283 420 1512 518 autographis
1543 421 1788 497 lllelanthouis
1819 426 1931 497 editas
1960 448 2049 511 esse,
2091 422 2203 496 dubio

174 542 212 603 et
233 530 375 601 dierum
398 530 606 622 dispositae,
642 554 766 600 omues
789 521 1008 600 Camerario
1036 530 1164 598 iuscri-
1211 528 1355 620 quidem
1378 542 1492 612 caret,
1513 528 1594 620 quis
1620 551 1704 597 vero
1727 550 1785 597 eas
1801 528 2047 621 descripserit,
2071 550 2118 597 an
2135 521 2207 597 Ca·

174 644 275 725 ptae,
299 644 439 725 praeter
458 655 567 702 unam
591 634 635 701 ad
649 629 853 715 Erasmum,
875 632 960 701 item
975 632 1017 701 ad
1034 630 1164 701 Goele-
1211 629 1401 716 merarius,
1432 653 1481 699 an
1506 624 1766 723 typographus,
1796 652 1843 700 en
1871 631 1981 715 alius,
2013 642 2048 701 et
2068 652 2115 699 an
2135 623 2208 700 ca-

175 733 294 818 nium,
311 726 540 804 Academiam
548 728 1049 821 Tuhingensem,'Matthiam
1064 731 1164 801 Wa-
1211 731 1384 800 merarius
1407 726 1611 825 apographa
1640 755 1723 801 cum
1751 726 1978 824 autographis
1991 818 1994 823 Ι
2007 728 2209 815 contulerit,

127 862 129 866 ·
174 835 382 918 lenrodum,
408 833 603 924 Georgium
627 830 884 916 Anhaltinum,
914 832 966 909 lo.
988 833 1163 903 Humme·

174 936 281 1021 lium,
307 933 537 1006 Valentinum
560 935 711 1028 Papam,
737 952 771 1007 et
793 938 882 1004 duas
904 936 949 1005 ad
972 933 1164 1005 Gelenium

135 1098 138 1103 .
176 1034 534 1130 etadllieronymum
542 1035 803 1119 Camerarium,
825 1033 995 1107 loachimi
1008 1038 1164 1120 fratrem,

175 1138 333 1231 scriptas.
399 1137 583 1209 Praeterea
610 1142 701 1211 darae
731 1138 899 1229 epistolae
920 1139 1164 1228 Crucigcrum,

153 1236 417 1312 ‘unaHeltium
429 1255 608 1312 auctorem
622 1236 764 1314 habent.
804 1238 958 1326 Graeca,
979 1264 1069 1334 quae
1077 1238 1164 1311 Mel.

75 1384 78 1394 ·
175 1342 250 1415 suis
267 1342 440 1436 epistolis,
465 1355 598 1434 elprae
617 1342 761 1412 caeteris
775 1343 848 1411 illis
863 1342 908 1411 ad
921 1341 1164 1413 Camerarium

176 1442 286 1529 datis,
317 1445 454 1536 saepius
475 1445 642 1527 inseruit,
675 1445 712 1512 in
732 1444 802 1512 line
826 1445 912 1513 libri
934 1444 1044 1514 latine
1065 1466 1165 1512 versa

175 1548 343 1637 leguntur
356 1572 391 1639 p.
406 1544 633 1619 769-817.
683 1544 737 1615 Dc
758 1546 914 1614 aditione
935 1548 1009 1639 ipsa
1030 1557 1064 1614 et
1088 1545 1166 1628 fide,

175 1672 246 1742 qua
265 1649 356 1719 lacta
372 1647 435 1735 sit,
462 1671 576 1741 neque
592 1645 817 1717 Camerarius
832 1648 871 1715 in
885 1647 1104 1739 praefatione
1120 1647 1165 1714 ad

175 1747 395 1840 Augustum,
420 1748 557 1820 Ducem
571 1747 700 1820 Saron.
717 1745 915 1821 Electorem
933 1772 1049 1842 neque
1063 1760 1166 1842 typo-

174 1844 331 1945 graphus
344 1850 480 1945 aliquid
498 1864 736 1943 exposuerunt
748 1844 796 1945 *).
847 1847 1026 1943 Epistulas
1042 1852 1166 1921 omnes
1213 1876 1222 1895 ·

207 2171 237 2239 *)
255 2168 435 2224 Prooemium
454 2167 607 2225 Camerarii
627 2177 748 2222 meretur
766 2166 840 2237 quod
861 2167 906 2223 laic
935 2168 1056 2239 legatur,
1083 2181 1165 2239 quum

242 2257 300 2293 nou
317 2238 407 2292 solum
426 2238 460 2292 de
476 2236 635 2308 praestantia
653 2247 678 2289 et
694 2235 809 2291 utilitate
822 2237 996 2307 epistolarum
1011 2231 1166 2289 Melantho·

242 2307 300 2367 nis.
320 2306 366 2360 secl
385 2306 465 2360 etism
477 2305 511 2359 de
524 2303 642 2358 eiusdem
656 2305 757 2358 summi
771 2304 822 2361 viri
839 2304 980 2369 doctrina,
999 2300 1163 2366 sinceritate,

240 2376 359 2442 virtute,
377 2375 485 2446 pietate·
492 2374 629 2445 praeclare
644 2374 781 2443 loquatur.
815 2373 1010 2428 Subiunximus
1025 2370 1110 2445 igilur
1120 2368 1165 2425 bic

241 2442 311 2499 illud
323 2444 475 2514 integrum:

329 2524 432 2600 Operis
451 2525 635 2580 subiectarum
655 2545 669 2578 e
689 2525 830 2581 istolarum
849 2524 883 2580 ad
903 2524 1008 2581 llluslr.
1025 2521 1119 2577 Princ.
1139 2532 1164 2576 et

309 2564 395 2650 itum
411 2594 446 2650 l).
462 2595 636 2661 Augustum.
654 2544 761 2649 [lucem
775 2594 877 2649 Saron.
889 2602 940 2649 etc.
960 2592 1162 2666 septemvirum

309 2663 435 2722 creandis
459 2662 647 2735 imperatorii).
669 2662 815 2731 Romanis,
854 2662 977 2735 Princip.
1003 2671 1058 2733 apt.
1082 2670 1165 2733 atque

311 2730 478 2829 clemfnlju.
497 2731 670 2803 prooemium
691 2732 833 2787 ioaeln'rni
850 2730 1012 2786 Gonsmarii
1022 2731 1162 2796 Padeper-

307 2818 412 2870 gensis.
1128 2813 1133 2821 ·

237 2885 490 3011 similini
496 2887 541 3009 lt
556 2885 1163 3024 templumtam

238 3024 453 3084 sartis,slls'rrere
470 3033 497 3077 et
515 3024 680 3091 divulgare,
698 3040 808 3077 necnon
826 3025 951 3077 alr'orum
967 3039 1073 3091 quoque
1085 3024 1158 3075 laea

237 3094 381 3149 irationes
401 3112 467 3147 mea
491 3110 577 3161 opera
601 3101 762 3147 exornatos
778 3094 909 3161 preferre
927 3093 958 3145 in
978 3094 1086 3144 lueerm
1123 3090 1161 3143 1n

177 3202 180 3207 -
237 3164 318 3217 nullo
335 3164 461 3216 omns'eem
480 3179 566 3229 opere
583 3165 657 3231 quod
675 3165 872 3216 euteraretar
882 3163 925 3213 ad
936 3161 1088 3227 editionem
1103 3167 1161 3212 stu·

237 3232 284 3285 dio
301 3249 382 3298 meo,
400 3233 446 3284 uel
459 3231 640 3284 dubitationis
653 3240 765 3284 tantum
780 3233 924 3296 adlatum,
946 3230 995 3283 vel
1012 3238 1105 3282 metus
1116 3229 1159 3280 in·

237 3315 365 3366 causum
385 3304 430 3353 uel
444 3301 520 3353 inter
541 3301 776 3353 considerandum
794 3299 992 3352 naesdalionis
1013 3306 1041 3350 et
1061 3314 1161 3349 morae

238 3369 352 3421 illatum
369 3376 426 3435 set,
443 3374 583 3436 quantum
596 3371 626 3420 in
638 3370 690 3421 leae
706 3369 908 3435 epistolarum,
928 3382 1002 3436 quae
1014 3368 1100 3417 mado
1111 3383 1159 3418 eu·

237 3437 366 3491 ravimus
395 3440 513 3489 tandem
541 3438 764 3501 exprimendos,
800 3434 968 3502 Patrtppt
999 3432 1036 3486 ii
1040 3452 1056 3487 e
1067 3437 1109 3485 lo
1120 3450 1158 3483 n·

238 3506 401 3559 elttlsonie
424 3509 465 3557 ad
478 3521 540 3573 me,
565 3505 646 3558 libro.
682 3504 765 3575 Quae
777 3505 833 3557 etsi
843 3505 912 3557 ellae
923 3503 1038 3572 quidem
1050 3518 1096 3555 me
1107 3519 1159 3554 aue

237 3585 330 3629 torem
340 3590 398 3626 non
409 3575 528 3639 liabent,
546 3591 629 3627 meae
642 3582 741 3627 lamen
755 3581 841 3638 sunt,
857 3576 898 3625 ad
912 3590 960 3627 me
972 3571 1110 3625 minarum
1122 3570 1159 3622 ab

236 3642 297 3709 iaso
308 3645 418 3699 musae.
451 3640 558 3695 Putaui
571 3651 671 3695 autern
685 3641 773 3695 iuius
779 3639 856 3710 jacti
866 3640 1007 3694 rationem
1019 3656 1079 3694 esse
1092 3641 1157 3693 red-

236 3715 377 3776 dendam,
404 3713 486 3764 etde
503 3718 564 3763 tota
581 3727 613 3762 re
633 3710 741 3780 aliquid
761 3713 1031 3777 praenarrandum,
1055 3718 1086 3762 ut
1106 3710 1157 3760 de·

237 3776 467 3847 monstraretur,
486 3782 554 3848 quid
569 3781 699 3831 maxime
712 3795 758 3831 me
768 3780 809 3832 ad
821 3781 947 3833 edendas
964 3779 1035 3832 ulae
1052 3778 1156 3846 episto·

235 3850 283 3905 lot
293 3850 465 3913 imputasset,
487 3857 516 3901 et
528 3849 603 3917 siqui
612 3848 658 3913 (id
675 3850 750 3916 quod
764 3849 965 3915 promittebam
972 3847 1052 3916 firre)
1066 3848 1157 3899 male·

237 3919 296 3970 oali
304 3918 533 3983 repreneaameo
548 3918 713 3980 eds'tionm,
738 3919 794 3969 nae
807 3919 894 3970 elsam
906 3918 937 3970 in
953 3925 1038 3983 porte
1056 3935 1077 3969 a
1091 3933 1156 3968 ma·

235 3986 368 4041 aueum
378 3987 558 4052 recederent,
575 3987 610 4039 iis
624 3985 708 4053 quasi
719 3987 895 4051 responsione
911 4003 979 4038 mea
996 4002 1053 4038 reon
1068 3985 1157 4038 satu·

228 4050 315 4125 fieret
332 4056 444 4123 quidem
462 4055 518 4107 illis
535 4055 665 4123 (quarum
684 4056 768 4106 nulla
781 4056 872 4108 oratio
885 4055 1043 4119 reprimere
1057 4060 1157 4120 posset

235 4126 375 4178 audatiae
388 4123 605 4190 s’rrsprobr‘totem)
625 4125 677 4175 sed
689 4133 878 4189 opponeretur
890 4132 990 4176 tamen
1010 4140 1046 4175 ea
1062 4119 1157 4189 desen·

235 4195 296 4260 sto,
322 4210 394 4261 quoe
409 4192 749 4256 Vers‘tateru‘tenselper
764 4194 984 4258 somniaret,
1010 4199 1038 4245 et
1054 4195 1095 4245 od
1110 4192 1156 4243 io·

235 4278 291 4317 nos
303 4278 402 4316 omnes
409 4263 566 4329 pluremum
581 4262 698 4314 liaberet
710 4261 850 4313 momenti
860 4279 895 4314 ae
904 4260 1048 4328 ponderis.
1068 4258 1157 4312 Prae·

235 4333 346 4396 α’ριιωη
358 4339 456 4384 autem
471 4338 529 4394 est,
555 4331 632 4397 quod
645 4346 692 4382 me
709 4330 758 4383 liae
772 4337 912 4396 tempore,
939 4329 1027 4382 veluti
1036 4328 1155 4381 meari·

236 4401 289 4453 ius
299 4401 438 4467 admotis,
456 4390 622 4466 instr'gauit,
646 4407 677 4451 ut
688 4399 742 4450 lios
754 4400 889 4465 epistolas
902 4402 1032 4462 ederem,
1054 4396 1155 4462 Inpro-

236 4469 374 4522 ueseentis
388 4471 508 4534 aetatis,
532 4476 561 4520 el
574 4467 743 4520 valetudinis
756 4467 962 4535 minusfirmae
976 4466 1155 4518 animadver-

235 4537 286 4592 sio.
337 4537 395 4608 Qui
410 4538 484 4590 enim
504 4538 582 4590 nulla
598 4539 683 4589 modo
699 4537 769 4589 naec
789 4536 897 4600 scripta
911 4537 1099 4603 perimenda,
1122 4552 1157 4588 aa

169 4652 176 4671 ,
236 4608 429 4660 conseruando
442 4607 539 4672 potius
552 4606 681 4658 omnious
702 4605 795 4657 modis
811 4620 873 4657 esse
892 4606 1074 4671 statuissem,
1097 4620 1157 4655 nan

234 4677 311 4729 duxi
317 4675 370 4727 illa
381 4674 567 4742 relinquenda
581 4674 706 4727 altorum
720 4688 841 4742 quarum
914 4691 949 4727 ue
960 4674 1093 4739 arelato,
1114 4676 1159 4724 vel

235 4744 344 4799 aalma
363 4752 395 4795 ut
414 4744 635 4808 obsolescerent,
666 4745 710 4794 uel
728 4690 1005 4810 aluaar‘ewlirtasse
1029 4752 1156 4809 tempore

234 4813 409 4880 editiarseque
426 4821 457 4864 ut
466 4811 661 4879 proferrentur
673 4812 704 4864 in
716 4811 855 4863 mediums
878 4813 922 4864 Aa
934 4811 1033 4879 potius
1050 4814 1157 4864 eniten-

234 4884 322 4951 durn,
339 4889 370 4934 ut
383 4898 429 4935 me
442 4882 535 4933 adiu
546 4881 651 4933 uiuente
664 4889 692 4933 et
708 4878 885 4933 mediocriter
902 4882 1013 4935 uolente
1027 4897 1156 4934 eommu-

234 4952 378 5005 m'edrelut·
389 4967 453 5002 aum
467 4950 594 5002 omnsiut
607 4950 687 5003 lectio
700 4950 816 5013 lsorum,
833 4948 987 5017 quicunque
1003 4949 1083 5002 illam
1097 4964 1156 5002 non

234 5026 466 5087 aspernarentur.
502 5015 578 5089 Quid
597 5020 671 5070 enim
681 5020 770 5089 fieret
787 5018 953 5084 eernedam,
973 5026 1001 5070 et
1013 5026 1077 5071 erat
1087 5029 1155 5072 ante

234 5091 328 5144 uulos
343 5090 521 5156 quorundam
538 5088 693 5140 temeraria
710 5085 904 5153 s'rnpudenlia,
925 5087 957 5138 in
976 5086 1156 5153 divulgandis

233 5158 402 5227 quidusdam
414 5158 466 5211 tae
479 5157 510 5208 in
522 5172 641 5223 qenere,
667 5158 766 5223 quidus
778 5171 869 5222 neque
881 5153 1032 5221 leqenliins
1045 5156 1155 5208 utilitas

233 5228 295 5280 ulla
305 5225 486 5291 consiliatur,
504 5236 532 5279 et
543 5223 726 5292 insumantur
741 5225 859 5276 nomino
873 5226 1009 5290 Maesta,
1025 5240 1098 5290 quoe
1117 5225 1157 5275 idi

230 5296 426 5362 pertersienda
437 5296 616 5361 ingeruntur.
650 5293 718 5351 Iam
736 5293 768 5345 id
785 5293 873 5345 etima
893 5309 959 5345 mea
978 5291 1089 5360 reterre
1102 5311 1153 5359 pu·

232 5364 346 5429 ladam
364 5372 394 5415 ut
405 5364 461 5415 esta
473 5364 551 5418 edito
561 5363 698 5417 dederuut
708 5378 766 5419 nan
779 5361 862 5431 quasi
872 5362 1044 5413 adveutum
1055 5377 1150 5428 quem·

232 5433 273 5489 us's
289 5433 399 5489 deant
418 5435 472 5489 sed
490 5449 537 5488 me
556 5430 842 5502 ipsumpatranuin,
867 5438 896 5486 et
913 5429 1152 5501 alimania,

1281 1050 1451 1095 assertorem
1468 1049 1554 1108 atque
1571 1040 1727 1093 vindicem:
1755 1040 1840 1095 caus
1856 1057 1940 1095 amne
1955 1041 2107 1108 proprium
2117 1039 2206 1110 sutu-

1281 1127 1348 1162 rum
1367 1119 1439 1163 esset
1457 1111 1633 1176 perieulum,
1652 1117 1679 1161 et
1696 1111 1757 1177 qui,
1779 1111 1807 1160 si
1818 1127 1876 1177 qua
1881 1110 1965 1176 sorte
1977 1112 2082 1163 dividia
2095 1111 2207 1164 exts‘tia·

1281 1186 1342 1245 set,
1362 1179 1420 1240 ipse
1433 1195 1499 1231 eam
1511 1179 1679 1243 sustineret,
1698 1178 1815 1245 denique
1832 1180 1907 1231 ausin
1927 1195 2027 1231 mussa
2048 1188 2121 1231 esset
2140 1194 2205 1244 suo,

1281 1262 1370 1315 neque
1381 1250 1504 1300 alterurn
1516 1247 1632 1300 minine
1647 1253 1788 1299 oneraret.
1824 1245 1996 1301 Persuasum
2015 1256 2114 1299 autem
2134 1248 2209 1300 raras·

1274 1313 1353 1382 suit,
1367 1316 1549 1382 fructuosam
1556 1313 1626 1382 sore
1637 1313 1783 1367 lediamm
1801 1315 1905 1367 iturum
1925 1319 2127 1383 epistolarum,
2147 1318 2208 1369 siue

1282 1384 1376 1452 aliqui
1390 1399 1552 1451 cognoscere
1572 1386 1729 1435 multarum
1750 1398 1845 1437 rerum
1872 1403 1892 1437 a
1923 1401 1959 1436 ue
1983 1400 2100 1437 casuum
2125 1399 2207 1450 supe·

1282 1455 1367 1507 rioris
1384 1457 1489 1507 aetatis
1503 1452 1606 1505 seriem
1626 1454 1746 1517 uellent,
1768 1453 1828 1505 ss'ue
1845 1401 1973 1507 emitae
1983 1452 2145 1519 supientiae
2157 1455 2206 1506 da·

1283 1524 1376 1575 ctrina
1392 1526 1609 1575 delectarentur.
1644 1522 1721 1574 Num
1735 1527 1763 1573 el
1774 1521 1903 1585 plurima
1914 1522 1946 1573 in
1965 1523 2009 1575 lais
2022 1521 2149 1588 epistolis
2162 1523 2206 1573 lu·

1283 1594 1392 1644 salente
1407 1598 1474 1643 sunt
1491 1594 1528 1641 de
1543 1591 1644 1643 studiis
1662 1596 1718 1654 apl.
1733 1589 1946 1651 disciplinarum
1956 1602 1990 1641 aa
2002 1591 2109 1641 artium
2122 1590 2206 1658 (quos

1284 1659 1398 1714 Graeco
1413 1658 1606 1723 Pnuasapnlae
1619 1657 1733 1709 nomine
1750 1657 1957 1724 significentur)
1977 1667 2038 1709 tam
2059 1660 2206 1725 expls‘eata

1284 1746 1370 1797 quam
1388 1728 1527 1781 munem:
1551 1726 1587 1778 Et
1609 1743 1679 1795 qaae
1698 1727 1784 1777 annis
1804 1734 1884 1777 retro
1901 1725 2082 1781 XXXVIII.
2101 1727 2207 1781 uou'de·

1284 1807 1354 1849 runt
1365 1798 1450 1865 (quod
1463 1803 1504 1847 est
1518 1805 1629 1858 tempus
1642 1810 1730 1845 unam
1746 1794 1892 1845 lsomr'aum
1911 1802 2037 1846 aetatem
2054 1813 2076 1846 u
2090 1793 2207 1848 Graecis

1284 1867 1403 1931 triginta
1420 1864 1507 1917 anesis
1520 1864 1669 1932 definitam
1682 1864 1835 1929 superans)
1848 1863 2041 1930 attinguntur,
2057 1871 2205 1930 mtaatur,

1284 1942 1483 2000 exponuntur,
1502 1941 1684 1984 enarrantur.
1721 1929 1760 1983 Ut
1772 1932 1950 1983 autema'llae
1965 1931 2098 1987 ls'derales
2110 1934 2205 1999 dispu-

1284 2004 1422 2069 tationes,
1446 2002 1484 2054 sie
1500 2003 1555 2053 leae
1574 2016 1681 2067 quoque
1698 2000 1883 2051 narrationes
1903 2002 2065 2066 elegantes,
2089 2000 2206 2065 merae,

1283 2073 1459 2138 disertaeque
1490 2077 1519 2122 et
1545 2085 1628 2121 aerae
1659 2067 1784 2133 epistolis
1808 2069 1989 2133 poluu'mum
2017 2068 2206 2123 condiuntur.

1283 2141 1360 2193 Nam
1372 2157 1410 2191 ee
1422 2139 1515 2191 animi
1526 2137 1665 2191 sententia
1677 2136 1806 2189 maxime
1819 2152 1855 2188 ae
1864 2136 2029 2202 simpliciter
2040 2145 2141 2190 cuneta
2153 2137 2206 2189 lias

1281 2218 1366 2278 posto
1377 2217 1405 2260 et
1417 2205 1721 2261 conunernorantur'et
1734 2205 1987 2260 cornmunicantur.
2017 2204 2089 2257 Cum
2103 2205 2142 2258 sit
2154 2222 2204 2257 au·

1284 2288 1341 2331 tem
1354 2276 1384 2329 in
1398 2278 1484 2327 rebus
1494 2276 1632 2327 numanis
1645 2281 1671 2325 et
1686 2275 1740 2326 liae
1753 2274 1781 2324 in
1797 2274 1882 2325 terris
1896 2275 1967 2335 usta,
1988 2275 2062 2326 ninii
2070 2276 2205 2340 paterius.

1280 2345 1473 2415 praeclarius,
1498 2344 1654 2407 ltonestius,
1678 2343 1839 2402 iueupds'us,
1858 2341 2009 2402 Amicitia,
2031 2360 2118 2410 quam
2129 2343 2204 2395 inter

1282 2417 1390 2484 aliquos
1400 2413 1516 2479 pietatis
1530 2411 1709 2477 Virtutisque
1723 2412 1816 2461 simite
1830 2410 1957 2462 studium
1970 2413 2080 2474 moult,
2096 2418 2126 2464 et
2136 2409 2206 2464 ani·

1282 2500 1396 2535 morum
1407 2481 1563 2548 inclinatio,
1583 2481 1816 2545 voluntatumque
1833 2479 1981 2531 consensio
1993 2480 2149 2546 mpulaus't:
2167 2477 2205 2530 In

1283 2554 1406 2620 epistolis
1420 2552 1503 2603 natm
1514 2548 1643 2614 inprimis
1662 2549 1827 2611 conspicatur
1844 2548 1963 2598 illustris
1978 2548 2093 2615 effigies
2103 2557 2130 2601 et
2149 2564 2205 2600 ex·

1281 2637 1384 2689 presso
1403 2622 1508 2684 arrogo.
1546 2616 1641 2688 Quam
1658 2618 1878 2680 contemplantes
1895 2632 1953 2667 non
1971 2628 2099 2682 agrestes
2113 2634 2203 2686 neque

1282 2689 1448 2753 maumam,
1472 2687 1580 2737 maime
1592 2684 1753 2752 afficiuntur
1767 2686 1925 2749 voluptate,
1949 2701 2037 2751 quam
2056 2688 2140 2738 ullius
2155 2685 2203 2750 pi·

1281 2768 1380 2813 sturae
1394 2763 1572 2808 venustatem
1589 2764 1672 2820 atque
1691 2753 1844 2821 artificium
1863 2758 2052 2806 attendentes.
2093 2754 2132 2806 Ut
2151 2771 2203 2805 are

1281 2838 1339 2881 tem
1354 2826 1462 2893 Apellis
1478 2822 1671 2883 Zeuxidosve‚
1694 2830 1748 2871 aut
1764 2823 1882 2883 ulterius
1901 2823 2004 2877 eximii
2019 2823 2135 2887 pectoris
2153 2830 2204 2874 ta-

1280 2899 1376 2954 bulae,
1397 2908 1454 2944 non
1473 2893 1567 2944 solum
1579 2898 1698 2955 propter
1710 2890 2008 2949 artiseaseilenliam‚
2031 2895 2084 2943 sed
2097 2893 2203 2957 pauci·

1281 2975 1370 3018 tatem
1385 2977 1506 3029 quaque,
1525 2962 1556 3011 in
1567 2961 1691 3012 aliarum
1705 2958 1901 3022 rnultitudine‚
1917 2959 2121 3027 recognisaetae
2132 2968 2204 3014 sunl

1279 3044 1366 3100 atque
1367 3032 1463 3100 fiunt:
1481 3027 1742 3097 Sisqqumieitiae
1754 3026 1843 3079 veluti
1853 3027 2002 3093 designato
2017 3029 2203 3081 adumbrata·

1279 3118 1331 3171 que
1353 3100 1441 3152 etiam
1459 3098 1564 3164 speeies
1579 3095 1690 3161 rarior,
1717 3111 1750 3146 eo
1760 3103 1888 3160 spectatu
1900 3096 2013 3162 dignior
2031 3106 2116 3165 atque
2131 3113 2201 3163 pre·

1277 3171 1376 3225 aoeior
1392 3177 1452 3234 est,
1478 3168 1579 3219 iuds'eio
1598 3165 1737 3217 donorum
1752 3164 1893 3216 uranium.
1928 3166 2012 3219 (ἰυὶω
2029 3182 2134 3219 nornen
2150 3167 2203 3220 leae

1278 3240 1435 3293 turbulento
1450 3237 1575 3300 saeculo,
1589 3235 1797 3299 propemodum
1812 3233 2005 3286 oblitteratum
2017 3242 2078 3300 est,
2095 3238 2202 3288 nedum

1277 3309 1322 3361 rei
1344 3313 1483 3374 appareat
1509 3303 1662 3372 efficacitas
1686 3309 1715 3354 et
1734 3300 1827 3366 operis
1848 3302 1990 3368 perfectio.
2039 3300 2112 3354 Mat
2127 3319 2201 3355 sane

1276 3379 1391 3443 &nolae
1402 3391 1461 3427 non
1473 3381 1540 3426 sunt
1553 3372 1722 3426 desertiones
1735 3370 1926 3435 complurium,
1942 3372 1992 3451 qui
2003 3389 2022 3423 a
2030 3369 2096 3423 Plsi
2101 3376 2114 3422 l
2118 3374 2129 3422 i
2131 3390 2152 3435 p
2155 3390 2202 3438 po

1277 3443 1564 3499 Melanentnone
1589 3449 1618 3495 et
1640 3456 1755 3492 summa
1782 3441 1972 3490 benevolentia
1996 3442 2198 3507 comprehensi,

1278 3522 1305 3568 et
1325 3529 1396 3564 non·
1407 3510 1569 3576 vulgaribus
1587 3508 1723 3578 ienefies'is
1740 3506 1847 3573 effecti,
1877 3522 1999 3575 quosque
2016 3511 2135 3561 eredidit
2152 3510 2201 3561 ilie

1276 3600 1340 3637 sese
1352 3580 1462 3634 amicos
1474 3579 1596 3643 nabere,
1616 3578 1805 3643 desciuerunt,
1820 3581 1851 3626 'et
1864 3592 1919 3640 pro
1936 3579 2030 3628 uetita
2044 3581 2124 3643 grati
2136 3579 2201 3630 ani·

1277 3652 1320 3706 mi
1330 3649 1469 3703 memoria
1476 3686 1484 3711 ,
1500 3649 1691 3713 rependerunt
1704 3646 1801 3695 odium
1813 3650 1897 3711 atque
1911 3646 2082 3697 maledieta:
2104 3648 2203 3714 Aliqui

1276 3720 1432 3773 adorienda
1446 3718 1564 3783 palam,
1585 3717 1674 3783 als'qui
1685 3713 1820 3767 occultius
1833 3721 1919 3778 etque
1937 3714 2085 3780 insidiose,
2108 3732 2201 3781 prae-

1275 3794 1425 3842 tendentes
1436 3787 1533 3851 etiam,
1549 3787 1683 3838 laomims
1695 3783 1795 3835 adstet
1807 3781 1939 3849 religiosi,
1952 3785 2203 3846 praelerrm‘sssiens'

1275 3856 1364 3926 assessi
1381 3855 1505 3913 stradium
1529 3855 1670 3917 ueritates,
1700 3859 1729 3902 et
1749 3866 1888 3916 perquam
1906 3853 2069 3916 asuqatarie,
2098 3857 2135 3905 de
2154 3853 2201 3919 ils,

1276 3942 1349 3995 quae
1363 3925 1421 3992 ipsi
1432 3922 1583 3991 proferunt
1600 3920 1731 3973 maxime
1742 3919 1832 3971 dubu's
1844 3937 1879 3971 ae
1884 3917 2054 3987 sallustius,
2073 3938 2199 3973 somme.

1275 4002 1424 4047 prorantes
1442 3992 1650 4045 Arutotelieum
1677 3990 1801 4040 aarum:
1828 3991 1945 4041 Amisus
1962 3986 2064 4056 Plato,
2089 3992 2201 4045 anneus

1274 4061 1419 4117 Socrates.
1457 4061 1564 4114 Verum
1577 4061 1677 4127 atique
1690 4058 1749 4109 iam
1756 4057 1839 4125 sere,
1858 4058 1885 4109 si
1895 4060 2076 4127 qmdadlsue
2087 4068 2199 4111 restat:

1341 4161 1450 4217 Nomen
1465 4159 1592 4217 Amicitia
1606 4169 1661 4227 est,
1684 4174 1787 4210 nomeu
1802 4156 1881 4210 iuaue
1895 4154 1976 4210 lidess

1276 4264 1525 4337 Quemadmodum
1537 4262 1577 4313 ait
1611 4265 1677 4310 otta
1722 4257 1901 4312 Suauissima
1913 4258 2025 4324 quidem
2036 4267 2078 4309 est
2091 4258 2121 4309 in
2134 4263 2198 4311 ani·

1274 4350 1322 4385 mo
1335 4349 1397 4385 meo
1408 4332 1565 4384 recordatio
1569 4279 1781 4395 ssmilisritatis
1793 4328 2045 4394 eaatammalsque
2056 4345 2118 4378 eum
2128 4332 2198 4379 duo·

1272 4404 1326 4455 tm
1342 4403 1372 4454 in
1389 4416 1473 4452 meae
1496 4399 1570 4451 uriae
1593 4398 1741 4449 summula.
1792 4394 1922 4465 Quorum
1941 4412 1988 4447 me
2007 4397 2081 4447 alter
2099 4397 2197 4448 maim

1274 4478 1387 4536 aetate,
1409 4472 1486 4521 alter
1506 4469 1598 4520 ramur
1609 4465 1679 4533 suit.
1722 4464 1826 4517 iisunt
1843 4462 1910 4515 Pisi
1915 4466 2032 4528 lippus
2049 4462 2196 4517 Melan·

1274 4540 1410 4592 cathon
1442 4545 1471 4589 et
1498 4536 1677 4590 Danielus
1706 4533 1836 4587 Stiber.
1884 4531 2038 4584 Antecessit
2054 4535 2129 4585 enirn
2148 4536 2199 4589 iile

1274 4609 1359 4661 annes
1378 4608 1444 4658 lotis
1463 4605 1566 4664 tribus.
1595 4604 1639 4657 liis
1652 4607 1742 4668 paulo
1762 4600 1891 4666 pluribus
1909 4619 1956 4653 me
1966 4600 2029 4667 suit
2043 4604 2196 4667 posterior.

1276 4677 1399 4744 [sterque
1416 4684 1514 4727 autem
1535 4689 1602 4726 uera
1621 4671 1766 4739 affectione
1784 4671 1874 4721 aretini
1891 4686 1936 4721 me
1954 4672 2071 4735 delexit,
2098 4680 2125 4723 et
2150 4690 2197 4724 aa·

1274 4762 1340 4797 rum
1358 4743 1455 4795 natale
1471 4744 1580 4795 amaris
1597 4740 1791 4806 magnitudine
1806 4739 1953 4805 ss'rrgrdori.
1991 4737 2027 4790 tt
2044 4739 2117 4791 mliii
2133 4756 2197 4794 esse

1273 4815 1443 4867 simulatum
1457 4819 1508 4863 aut
1570 4828 1635 4877 ωη,
1653 4807 1811 4877 difficilibus
1822 4809 2000 4874 aduersisque
2019 4809 2104 4860 rebus
2116 4809 2195 4877 (φᾶ.

1273 4883 1325 4936 ius
1363 4882 1497 4934 ere'eulum
1552 4897 1567 4932 e
1585 4879 1615 4931 in
1632 4887 1716 4944 parre
1730 4877 1797 4943 fieri
1807 4878 1889 4940 solet)
1904 4879 2066 4929 declaravit.
2099 4882 2196 4946 Atque

1272 4954 1308 5004 de
1350 4951 1444 5003 analo
1458 4949 1601 5001 nobilitate
1614 4949 1748 5013 generis.-
1758 4945 1876 5008 vertute,
1896 4946 2083 5011 dignitateque
2101 4955 2129 4997 et
2145 4948 2194 4999 leo.

1271 5022 1385 5072 amem
1398 5017 1565 5085 praestanti
1579 5018 1653 5083 osta,
1681 5016 1751 5066 atur
1766 5015 1897 5066 nonnitsil
1912 5033 1933 5063 a
1952 5030 1997 5064 me
2016 5016 2123 5066 dietum
2140 5025 2194 5070 est.

1271 5088 1439 5154 Pnttlppt
1461 5096 1558 5138 autem
1576 5084 1755 5137 admirabilis
1774 5098 1842 5147 erpa
1860 5099 1907 5134 me
1926 5084 2132 5145 benevolentia,
2164 5094 2194 5137 et

1271 5160 1376 5211 multos
1388 5156 1480 5208 adnm
1490 5153 1657 5217 superstites
1667 5161 1752 5204 testes
1764 5152 1862 5214 1ιαύιὶ,
1885 5159 1913 5202 et
1926 5152 1968 5203 leis
1983 5152 2106 5216 epistolis
2122 5170 2191 5218 per·

1269 5230 1362 5294 spiare
1376 5225 1539 5276 ostendatur.
1573 5223 1667 5288 Atque
1683 5221 1768 5273 er'unt
1781 5220 1823 5286 (in
1838 5236 1893 5287 quo
1903 5238 1949 5272 me
1960 5235 2020 5271 non
2029 5229 2101 5284 puto
2108 5222 2191 5290 salis)

1270 5298 1320 5365 qui
1333 5298 1375 5348 ad
1393 5294 1593 5345 celebrandurn
1606 5308 1675 5360 nme,
1705 5289 1798 5354 magis
1823 5306 1908 5356 quam
1931 5290 2020 5341 mom
2044 5291 2134 5341 ultim
2156 5294 2191 5343 ab

1268 5379 1418 5428 caussam,
1443 5378 1517 5413 nune
1526 5361 1556 5415 in
1567 5361 1693 5411 medium
1704 5357 1832 5426 proferri
1844 5358 1912 5415 lsaec
1927 5360 2115 5421 suspieentur.
2138 5368 2192 5410 aut

1264 5433 1430 5500 mntem
1445 5444 1561 5500 quoqu.
1602 5429 1699 5498 Neque
1713 5430 1755 5499 (ut
1772 5441 1872 5480 uerum
1877 5424 1994 5495 salsam
2011 5442 2084 5495 quae
2100 5443 2191 5494 proe-
