4500 5782
67 238 91 289 :t
450 214 540 311 §.a
592 209 772 285 munx
811 204 1090 284 courcuu
1127 160 1726 282 uauoscnmrouoir..
2026 224 2085 279 en
2172 144 2176 154 ¹

107 391 175 460 cod.
188 386 326 478 Langii
338 384 530 472 Gothano,
547 376 592 456 'ot
607 383 711 455 etiam
731 407 771 454 ex
786 383 864 453 aliis
880 381 1050 451 fontibus.

104 493 311 562 Dolendum
337 503 409 573 est,
441 489 542 558 illurn
575 489 692 557 fontes
724 509 798 555 non
820 483 959 576 ¹ubique
987 484 1051 550 ad-

106 593 295 683 scripsisse.
349 590 459 679 Quod
479 592 600 659 adme
623 588 766 672 attinet,
791 581 894 655 hausi
920 579 1051 653 exhor

107 694 290 765 volumine
300 691 368 762 XL
379 692 552 784 epistolas,
569 714 679 783 qarum
692 688 845 780 reliquas
860 686 971 756 ediles
980 685 1051 754 iam

106 811 184 891 post
202 793 525 864 Ballenstaedtium
550 789 607 886 (ut
624 815 747 860 omnes
770 791 812 858 ad
830 782 1051 878 Medlerum)

107 890 419 990 deprehenderim.
445 930 496 951 ·-
544 890 625 964 Vol.
640 889 688 963 ll.
704 887 810 963 habet
829 889 901 962 127
923 889 1050 980 episto-

111 1002 179 1082 las,
203 999 277 1067 iam
297 999 429 1082 editas,
454 1009 494 1065 ut
508 996 553 1064 ad
564 988 797 1087 Chytraeum,
823 990 1052 1060 Hardenber-

110 1092 501 1189 gium‚'Marbacl1ios,
527 1098 696 1190 quasdam
712 1119 795 1165 vero
814 1093 918 1163 etiam
943 1117 984 1160 ex
1007 1091 1053 1159 li·
1101 1124 1105 1131 ·

112 1204 186 1272 bris
210 1200 408 1271 rarioribus
429 1199 635 1289 descriptas,
659 1220 745 1289 quas
765 1190 849 1264 huic
867 1193 1052 1264 Volumini

113 1307 238 1374 debeo.
267 1346 317 1360 --
379 1299 462 1394 Vol.
481 1296 547 1371 Ill.
575 1294 682 1367 habet
707 1297 862 1366 indicem
891 1295 1053 1366 omnium

113 1406 364 1498 epistolarum,
390 1425 477 1496 quas
492 1398 661 1470 Ballenst.
675 1411 887 1489 cognoverat
903 1411 937 1466 et
952 1421 1054 1488 prae-

113 1524 208 1578 terea
231 1506 402 1599 quasdam
428 1500 694 1573 Ballenstaedtii
719 1514 753 1570 et
779 1500 932 1570 aliorum
957 1498 1055 1568 viro-

113 1634 194 1679 rum
229 1606 415 1698 epistolas,
456 1630 474 1672 e
507 1604 636 1698 quibus
668 1602 844 1685 intellexi,
884 1598 1055 1670 Ballenst.

113 1723 301 1802 propterea
328 1706 490 1776 collectas
515 1696 761 1775 Melanthonis
793 1701 956 1794 epistolas
981 1726 1055 1770 non

115 1811 284 1894 edidisse,
317 1810 413 1901 quod
446 1806 680 1898 bibliopolam
708 1804 867 1875 invenire
888 1828 963 1873 non
992 1830 1056 1895 po-

116 1926 221 1996 terat,
255 1911 318 2004 qui
339 1923 500 2000 sumptus
522 1908 559 1977 iu
585 1903 678 1975 hanc
705 1931 779 1975 rom
801 1907 914 1975 facere
940 1906 1056 1988 vellet,

117 2031 148 2085 et
165 2009 253 2082 haec
268 2009 438 2081 Ballenst.
454 2009 636 2080 volumina
659 2007 771 2101 pretio
795 2021 914 2098 postea
940 2020 1056 2098 empta

117 2140 189 2187 csse
207 2139 229 2183 a
248 2114 283 2182 b.
298 2107 507 2191 Noesselto‚
536 2105 721 2198 Theologo
735 2106 880 2178 Halensi
905 2108 1057 2178 clarissi-

118 2243 196 2300 mo,
222 2213 285 2308 qui
301 2213 408 2283 etiam
420 2212 460 2280 in
474 2211 630 2281 consiliis
646 2206 798 2279 habehat
813 2205 1058 2279 Melanthonis

119 2317 282 2409 epistolas
298 2316 463 2405 colligere
486 2326 518 2382 et
538 2315 654 2382 denuo
677 2313 789 2381 cdere.
840 2308 931 2380 Cum
946 2309 1058 2379 Nocs-

118 2419 195 2488 selti
208 2417 313 2487 libris
330 2429 504 2485 venerunt
516 2408 601 2483 haec
617 2413 799 2483 volumina
813 2414 849 2480 in
866 2408 1058 2481 bibliothe-

119 2545 193 2591 cam
223 2513 352 2603 Tinr’r',
396 2516 577 2610 quondam
604 2510 755 2584 Parochi
784 2515 862 2605 pagi
894 2506 1057 2583 Poserna

119 2646 227 2715 prope
242 2618 521 2709 Leucopetram,
547 2630 580 2686 et
593 2629 712 2708 postea
728 2617 767 2683 in
783 2611 1059 2685 manusClariss.

120 2714 335 2802 Guentheri,
354 2718 574 2805 Dresdensis,
585 2715 625 2789 P.
635 2715 743 2809 Regis
754 2716 926 2787 Saxouiae
940 2741 1060 2806 acon-

122 2826 206 2895 siliis
221 2825 267 2894 de
283 2821 537 2915 legationibus,
563 2819 625 2913 qui
644 2843 709 2909 pro
728 2843 787 2905 ea,
810 2844 879 2914 qua
900 2819 968 2889 fuit
991 2814 1060 2888 hu-

122 2926 308 3008 manitate,
334 2924 400 2994 tria
423 2917 508 2992 haec
529 2920 711 2989 volumina
736 2920 830 2990 ultro
854 2913 946 2988 mihi
968 2919 1062 2988 misit

123 3026 354 3120 inspicienda.
403 3020 519 3096 Erant
539 3022 636 3092 enim
658 3015 749 3090 mihi
768 3016 856 3091 haec
880 3021 1062 3091 volumina

122 3152 266 3221 pmrsus
290 3124 480 3216 incognita.
508 3163 554 3178 -
607 3120 662 3192 Ex
682 3122 854 3214 epistolis,
887 3149 975 3216 quae
998 3117 1063 3190 ha-

121 3233 252 3301 bentur
268 3229 316 3296 in.
324 3226 428 3297 tertio
441 3225 633 3309 volumine,
650 3225 735 3309 vidi,
749 3223 1062 3294 Ballenstacdtium

123 3330 189 3403 Vll
211 3331 381 3424 epistolas
402 3327 564 3397 nondum
582 3325 693 3395 editas
712 3329 756 3394 ad
773 3321 984 3420 Staphylum
1006 3349 1065 3394 ac-

123 3435 253 3526 cepisse
272 3430 466 3522 descriptas
487 3453 527 3497 ex
548 3424 776 3518 autographis
793 3452 813 3495 a
828 3424 922 3496 Clar.
936 3417 1065 3495 Schel-

123 3529 276 3619 do'rm‘o‚
310 3533 398 3601 alias
422 3554 505 3600 vero
529 3554 547 3598 a
568 3526 740 3617 Magistro
762 3520 962 3623 Roidelio‚
997 3527 1066 3596 Pa-

125 3638 208 3708 stori
230 3628 417 3729 quondam
439 3631 709 3720 Noribcrgensi‚
741 3631 803 3724 qui
829 3630 934 3699 etiam
959 3629 1067 3698 colle-

124 3752 216 3828 gerat
250 3735 418 3828 epistolas
441 3726 686 3802 Melanthonis
708 3756 783 3801 uon
803 3732 933 3816 editas,
967 3730 1066 3800 cuius

124 3843 250 3930 scripta
269 3851 389 3928 postea
404 3848 642 3926 pervenerunt
657 3835 700 3901 ad
716 3830 808 3902 Clar.
825 3825 1067 3911 Gebauerm,

124 3932 416 4029 Gottingensem,
444 3960 462 4005 a
480 3933 580 4031 cuius
596 3930 806 4005 haeredibus
822 3932 932 4026 (anno
952 3928 1068 4026 1576)

123 4068 161 4112 ea
184 4064 306 4111 emere
330 4037 466 4107 studuit
490 4034 709 4119 Noesscltus3
745 4037 841 4128 quod
866 4061 911 4105 an
936 4037 1065 4105 lactum

122 4143 231 4215 luerit
256 4140 379 4210 nescio
397 4132 445 4233 ').

104 4290 166 4385 52)
190 4282 426 4379 Autographa
445 4287 483 4354 in
497 4285 605 4354 tabul.
620 4276 977 4354 secrctoCosselono.
1016 4282 1069 4355 Ea

127 4392 281 4464 contulit
296 4404 329 4458 et
346 4387 529 4477 descripsit
547 4387 651 4454 nobis
664 4384 862 4456 Praefectos
881 4387 1075 4471 tabellarii,

126 4495 270 4565 Clariss.
291 4484 543 4571 Rommelicm,
570 4511 589 4556 a
617 4512 687 4581 quo
708 4486 779 4555 lere
794 4485 883 4556 Vlll
907 4488 1069 4579 epistolas

89 4714 304 4736 ...ι-ια,-

114 4846 138 4905 *,’
156 4836 259 4894 Scribit
272 4831 429 4888 Nemeum
443 4829 471 4881 d.
483 4827 508 4881 8.
517 4827 575 4881 tun.
585 4826 649 4879 1776
663 4826 696 4879 ad
710 4826 963 4884 Ballenstaedtiorn:
987 4869 1003 4897 „
1013 4831 1069 4888 ibes

179 4902 306 4975 ,Φαῆοτ
324 4900 472 4959 mottctt
489 4895 652 4965 &mutuno
674 4895 705 4953 te
724 4898 818 4952 maaet
838 4898 947 4964 mitent
967 4914 1000 4955 cn
1022 4903 1069 4957 teo

146 4911 187 5041 ill.
203 4975 320 5038 Gradu.
334 4967 479 5037 Suffltrotb
497 4967 651 5021 detonet
666 4966 850 5033 traditricem
870 4969 984 5035 certauit
1002 4985 1069 5025 soora

146 5054 192 5102 rm
227 5057 269 5099 oo
286 5040 322 5107 {dt
342 5036 403 5100 aad
424 5036 513 5100 idom
529 5035 599 5090 Sota
616 5035 728 5102 tractarat
749 5035 810 5099 oto
827 5038 961 5105 cercebant
982 5038 1068 5094 tatros

147 5085 726 5245 at..ctumatinata
742 5104 1070 5230 testaceam

148 5198 282 5319 bannitur
296 5244 425 5316 gemant,
448 5242 496 5306 tot
508 5238 543 5303 ta
557 5241 595 5297 tte
605 5240 747 5304 mottcttde
757 5240 920 5310 &tantuna
933 5245 1070 5307 tremelio

150 5318 333 5393 mutuamus·
350 5326 403 5370 oro
436 5312 479 5364 tet
509 5309 580 5375 dcco
607 5306 777 5375 Sudtgtttbto
807 5311 925 5383 deponet
958 5312 1069 5380 aaaron

148 5391 252 5447 ranae?

1152 370 1956 474 nondumeditasMelanthonisadPhilippum
1965 378 2088 450 Land-

1153 483 1314 570 gravium
1329 481 1476 552 Hassiae
1491 482 1618 575 accepi.
1791 528 1796 535 -
1929 538 1945 549 .

1127 577 1310 675 65-56)
1335 575 1485 653 Codices
1500 577 1729 655 Drasdenses
1748 583 1785 651 in
1800 581 2011 654 bibliotheca
2031 610 2087 653 re-

1154 686 1219 774 gia.
1270 686 1439 779 Quinque
1464 686 1515 754 ibi
1539 698 1621 754 sunt
1644 686 1781 756 codices
1808 685 1846 752 in
1863 685 1992 777 quibus
2006 685 2088 756 Me-

1153 783 1385 857 lanthoniana
1402 782 1591 870 habentur,
1610 812 1699 881 quae
1713 786 1862 857 contulit
1878 802 1912 857 et
1925 810 2089 877 magnam

1153 904 1288 982 partem
1305 882 1808 981 descripsitCl.GersdorfiuS,
1829 901 1943 958 custos
1957 890 2089 959 biblio·

1155 989 1286 1074 thecae,
1307 1016 1404 1060 nunc
1419 992 1611 1082 praefectus
1624 987 1857 1061 bibliothecae
1872 993 2089 1061 academicae

1155 1093 1250 1184 Ltps.
1301 1091 1475 1161 vuemo
2035 1172 2069 1192 ..
2120 1152 2124 1157 ,

1179 1192 1312 1280 alCod.
1327 1189 1502 1273 Seidleri,
1526 1190 1715 1262 LXXVlll
1731 1193 1988 1286 epistolasMel.
2004 1221 2090 1264 con-

1140 1338 1143 1345 ,
1207 1297 1344 1379 tineos,
1376 1319 1498 1364 omnes
1522 1320 1630 1364 manu
1644 1291 1801 1388 Philippi
1821 1297 1966 1389 scriptas
1988 1320 2090 1389 prae-

1206 1413 1261 1466 ter
1283 1410 1369 1481 tres;
1402 1397 1564 1468 collectas
1588 1421 1607 1465 a
1632 1395 1738 1466 Mart.
1763 1397 1898 1468 Frider.
1920 1399 2091 1484 Seidlero,
2198 1396 2209 1416 ‘

1208 1498 1409 1569 consiliario
1417 1495 1527 1568 Elect.
1535 1497 1751 1584 Brandenb.,
1775 1513 1861 1569 etex
1877 1497 2091 1579 bibliotheca
2201 1563 2206 1573 .

1208 1597 1447 1670 Bocrncriana
1470 1624 1499 1668 a.
1525 1596 1622 1669 1754
1648 1616 1779 1692 emptas
1801 1615 1836 1670 ct
1864 1602 1950 1671 bibl.
1976 1605 2091 1691 regiae
2160 1621 2166 1638 ·

1208 1701 1333 1772 Dresd.
1350 1703 1523 1779 insertas„
1558 1698 1612 1769 Ex
1635 1700 1677 1797 iis
1700 1702 1786 1771 olim
1808 1700 1858 1772 Ν
1882 1704 1994 1773 editae
2016 1707 2092 1774 sue-

1208 1818 1307 1883 rant,
1340 1818 1374 1872 et
1397 1800 1516 1871 XXlV
1542 1827 1679 1886 earum,
1709 1805 1859 1872 maxime
1890 1808 1935 1874 ad
1956 1804 2094 1875 Wein·

1209 1907 1368 1974 laubium
1394 1905 1539 1994 scriptas
1561 1929 1655 1973 anno
1684 1903 1779 1975 1824
1801 1920 1835 1975 et
1858 1907 1956 1978 1827
1968 1911 2095 1979 edidit
2198 1936 2205 1957 ’

1219 1999 1546 2100 Wegscdeiderus,
1582 2001 1708 2074 Theol.
1732 2006 1914 2091 Halensis‚
1939 2009 1979 2079 in
2003 2013 2095 2080 duo-

1209 2110 1277 2178 hus
1291 2109 1428 2199 scriptis
1444 2106 1658 2177 academicis.
1709 2106 1888 2196 Quasdam
1904 2114 2096 2181 earundem

1210 2211 1418 2300 collegeram
1434 2211 1504 2277 iam
1525 2234 1565 2277 ex
1585 2205 1795 2301 apographis
1812 2207 2007 2297 Gothanis,
2037 2218 2097 2284 sed

1211 2310 1333 2381 XXIV
1354 2335 1450 2380 nunc
1466 2335 1507 2379 ex
1528 2311 1590 2380 illo
1613 2312 1732 2381 codice
1752 2314 1905 2403 primum
1925 2314 1963 2382 in
1984 2317 2098 2386 lucem

1211 2415 1399 2503 prodeunt.
1449 2408 1586 2480 Omnes
1603 2425 1732 2492 autem,
1753 2416 1856 2483 etiam
1874 2416 1996 2501 editas,
2013 2444 2098 2486 con-

1214 2516 1295 2584 tulit
1305 2507 1556 2604 Gersdorfiu5‚
1580 2509 1740 2607 mihique
1760 2517 1960 2585 varietatem
1977 2521 2100 2589 lectio-

1213 2640 1300 2687 num
1318 2615 1511 2706 descripsit.

1187 2718 1228 2813 b)
1254 2715 1341 2787 Cod.
1370 2713 1558 2798 Zomeri,
1593 2716 1718 2797 Dresd.
1745 2764 1793 2779 -
1842 2720 1934 2791 Sunt
1965 2722 2004 2790 in
2038 2722 2100 2790 illo

1213 2816 1371 2890 XXXIV
1402 2818 1568 2909 epistolae
1589 2815 1852 2906 Melanthonis,
1885 2846 1994 2892 manu
2021 2825 2103 2894 satis

1215 2921 1361 3013 antiqua
1402 2922 1613 3012 descriptae,
1660 2946 1810 3016 quarum
1847 2924 1982 3018 aliquas
2015 2925 2101 2993 olim

1215 3017 1471 3093 Schelhornius
1484 3023 1523 3090 in
1536 3025 1700 3093 amoenit.
1715 3025 1818 3093 litter.
1834 3026 1998 3108 ediderat,
2014 3023 2102 3094 Xlll
2180 3076 2183 3085 ·

1216 3148 1300 3192 vero
1317 3148 1412 3192 ncrnc
1428 3124 1584 3214 primum
1600 3127 1819 3216 prodierunt.

1193 3230 1227 3321 c)
1253 3221 1341 3295 cod.
1355 3224 1478 3293 Dresd.
1505 3225 1609 3294 scrin.
1623 3225 1758 3296 0140.
1809 3224 1978 3298 Continet
1994 3231 2104 3298 multa

1218 3320 1416 3418 apographa
1439 3324 1548 3418 (inter
1571 3326 1639 3396 alia
1664 3328 1767 3396 etiam
1785 3330 1950 3420 epistolas
1965 3327 2106 3401 Melan-

1221 3424 1339 3498 thonis
1369 3430 1412 3497 ad
1435 3427 1674 3519 Spalatinum,
1708 3457 1727 3499 a
1754 3422 1954 3513 Cliniam,
1988 3420 2106 3502 socero

1220 3528 1395 3622 Spalatini
1419 3530 1645 3624 descriptas),
1669 3557 1821 3625 quorum
1840 3532 1905 3603 ΙΝ
1921 3559 2015 3629 nunc
2031 3535 2108 3626 pri·
2134 3600 2139 3605 .

1219 3656 1318 3701 mum
1333 3633 1371 3699 in
1388 3632 1502 3702 lucem
1514 3634 1736 3725 prodierunt.
1771 3632 1926 3721 Questus
1940 3633 2108 3705 estGers-

1221 3734 1353 3802 dorlius
1382 3735 1427 3801 de
1450 3734 1598 3826 pessima
1625 3736 1701 3805 cod.
1726 3735 1897 3828 scriptura
1922 3736 1989 3806 sic:
2023 3740 2109 3821 „die
2174 3750 2177 3755 “

1221 3833 1338 3904 Briefe
1369 3834 1447 3904 sind
1480 3830 1636 3925 griissten
1662 3831 1787 3906 Theils
1817 3861 1853 3906 so
1885 3835 2109 3923 unleserlich,

1222 3938 1315 4020 und,
1341 3960 1417 4005 was
1440 3939 1502 4005 das
1520 3932 1749 4006 Griechische
1773 3939 1936 4029 anlangt,
1962 3936 2110 4011 unrich-

1221 4039 1272 4128 tig
1287 4033 1532 4127 geschrieben,
1558 4035 1635 4108 dass
1654 4033 1710 4106 ich
1726 4035 1825 4111 nicht
1839 4043 1949 4111 selten
1963 4068 2034 4111 nur
2048 4045 2111 4111 der
2208 4026 2214 4037 ’

1222 4134 1382 4229 griissern
1398 4135 1794 4209 Walrrscheiulichkeit
1807 4144 1937 4233 gesolgt
1951 4144 2044 4212 hin?
2170 4166 2176 4177 '

1193 4238 1234 4335 d)
1259 4238 1538 4341 Emendationes
1560 4257 1594 4312 et
1616 4242 1838 4334 potissimum
1867 4245 2110 4336 supplementa

1224 4367 1241 4411 e
1260 4345 1361 4411 codd.
1383 4345 1555 4436 adscripta
1579 4345 1769 4435 exemplari
1793 4345 1910 4439 quinti
1930 4347 2016 4416 libri
2036 4350 2111 4439 epi-

1224 4443 1392 4513 stolarum
1408 4470 1427 4513 a
1444 4444 1616 4515 Sauberto
1631 4447 1727 4530 editi,
1747 4448 1840 4539 quod
1859 4462 1910 4518 cst
1926 4448 1963 4517 in
1979 4449 2111 4519 biblio-

1222 4541 1321 4615 theca
1349 4546 1442 4635 regia
1466 4545 1676 4628 Dresdensi‚
1703 4548 1886 4640 descripsit
1904 4546 1994 4619 mihi
2016 4552 2111 4621 idern

1224 4644 1459 4717 Gersdorlius.
1508 4646 1680 4718 Dedimus
1698 4650 1758 4719 illa
1781 4652 2021 4743 supplementa
2045 4654 2111 4725 sub

1224 4749 1323 4838 signo
1355 4743 1399 4817 Α.
1425 4745 1478 4818 D.
1510 4747 1720 4846 (Anonymi
1750 4749 1994 4847 Dresdensis).
2054 4751 2109 4826 Ex
2228 4782 2237 4789 ·

1194 4911 1196 4915 .
1224 4851 1325 4918 codd.
1343 4864 1394 4935 et,
1419 4841 1459 4921 ot
1481 4853 1637 4936 videtur,
1667 4851 1893 4947 autographis
1915 4857 1999 4947 ipsis
2022 4880 2109 4925 ano-

1223 4975 1369 5046 nymum
1384 4977 1444 5021 sua
1456 4948 1612 5022 hausisse
1628 4955 1738 5024 dubio
1752 4959 1896 5048 quidem
1911 4970 2017 5041 caret,
2034 4982 2108 5028 non

1223 5066 1339 5122 autem
1355 5056 1456 5147 potui
1472 5078 1691 5144 cognoscere,
1711 5057 1859 5127 ubinam
1871 5060 2108 5152 manuscripta

1223 5154 1281 5222 illa
1301 5179 1395 5224 nunc
1411 5157 1551 5227 lateant.

1170 5253 1350 5325 Praeterea
1372 5255 1512 5328 Clarias.
1534 5252 1746 5350 Gersdorfio
1774 5262 1885 5331 debeo
1911 5262 2106 5351 catalogum

1119 5356 1330 5448 scriptorum
1354 5359 1651 5454 autographorum
1671 5358 1932 5448 Melanthonis,
1957 5364 2107 5455 quaein
2139 5434 2153 5453 „

1216 5456 1272 5549 (a)
1299 5455 1319 5492 ¹*
