4500 5782
179 222 257 303 w
750 213 1194 337 EPlSTOLARUM
1245 215 1353 296 LlB.
1388 215 1454 289 lIl.
1510 219 1643 298 1625.
2145 222 2212 317 aaa

172 388 374 470 Nacoliam
390 382 596 489 προξενήσῃ
613 394 681 462 τοῦ
698 383 903 488 Γεωργίοιι.
953 387 1030 461 Seis
1047 389 1171 483 quanti
1222 389 1324 459 brevi
1337 390 1525 478 redibunt,
1551 392 1647 486 qrrod
1663 380 1800 464 utinam
1815 406 1932 463 vestro
1948 393 2139 464 commodo
2150 393 2211 475 liat.

66 509 67 512 ’
173 487 272 571 hunc
286 496 545 567 adolescentem
558 493 686 562 faciam
700 507 846 585 propter
859 491 1015 581 insignes
1037 491 1171 581 ingenii
1223 490 1294 560 Sed
1314 507 1410 562 extra
1428 493 1564 579 iocum,
1591 518 1653 585 ego
1678 494 1769 564 serio
1792 495 1952 580 decrevi,
1974 494 2042 564 ubi
2064 496 2210 587 primum

174 600 289 673 dotes:
324 613 359 671 et
379 593 639 668 hactenusnon
654 597 761 664 modo
777 593 851 686 spei
867 607 1171 686 nostraerespon-
1221 592 1314 661 siuet
1337 588 1469 681 hiems,
1503 609 1538 674 te
1556 594 1687 680 visere,
1703 596 1801 665 'nam
1819 598 1968 667 omnino
1985 591 2212 691 haeoccupa·

175 702 247 785 dit,
286 701 348 769 sed
371 698 550 791 superavit
573 696 694 766 etiam:
736 721 844 790 quare
869 708 902 766 te
924 717 1009 786 rogo
1034 718 1170 787 pugnes
1220 694 1336 764 tiones
1368 720 1467 766 meae
1496 698 1627 767 talibus
1655 698 1753 770 seriis
1781 698 2100 791 interrumpendae
2127 696 2211 773 sunt

174 798 240 876 hac
257 801 295 872 in
311 826 367 886 re,
399 816 439 872 ut
455 796 692 870 luriusstudia
708 791 968 890 provehantur,
1002 797 1170 866 omnibus
1223 794 1283 865 'l'u
1299 797 1364 866 scis
1380 798 1488 868 illud:
1522 795 1609 870 Otia
1626 823 1754 893 corpus
1771 802 1889 887 alunt,
1915 802 2061 872 animus
2080 818 2218 897 quoqul

174 904 329 988 viribus,
347 916 398 980 ¹et
418 917 459 973 ut
480 902 536 970 illi
557 901 699 987 dictant,
728 893 829 994 πάσῃ
843 902 1010 993 μηχανῇ.
1069 897 1169 969 Vale.
1222 899 1376 989 pascitur
1392 900 1475 971 illis.
1525 898 1603 993 Ego
1622 904 1792 996 quasdam
1810 926 1921 993 nugas
1937 903 2097 974 scribere
2116 903 2211 975 insti·

174 1003 297 1076 Pridie
313 1002 491 1074 Barbarae
505 996 554 1099 ἡ’).
1221 1000 1293 1084 tui,
1326 1026 1476 1093 quarum
1501 1012 1749 1094 argumentum
1773 1029 1875 1097 spero
1901 1005 1970 1075 tibi
1992 1005 2209 1097 placiturum.

277 1104 456 1191 Obsecro,
496 1105 653 1199 siquam
677 1105 720 1175 de
749 1129 807 1173 me
838 1127 936 1194 spem
967 1101 1169 1193 concepisti,
1221 1097 1349 1171 Oratio
1366 1104 1470 1172 etiam
1487 1106 1658 1196 placeret,
1682 1107 1711 1175 si
1731 1120 1790 1177 tua
1815 1103 1907 1177 mihi
1928 1100 2103 1203 δεινότης
2120 1122 2207 1191 ωειλ,

174 1212 350 1294 futurum,
371 1222 412 1281 ut
425 1210 469 1278 ad
487 1231 549 1276 vos
565 1202 764 1298 protrahar,
788 1205 932 1276 obiicias
948 1227 1037 1272 eam.
1074 1202 1167 1272 Nolo
1221 1217 1281 1272 arat
1295 1198 1500 1274 Michaelis
1516 1203 1699 1303 ἀκρίβεια.
1740 1205 1916 1279 Aristides
1932 1209 1982 1280 sic
1997 1209 2084 1279 satis
2097 1208 2206 1303 placet,

96 1369 107 1395 ,
175 1310 276 1381 enim
288 1335 365 1379 mea
380 1309 663 1379 dissimulatione
679 1309 811 1378 morari
832 1320 987 1378 vestrum
1010 1329 1169 1375 eommo—
1219 1305 1361 1376 videtur
1380 1307 1532 1378 voluisse
1549 1311 1675 1380 atticus
1699 1332 1791 1396 esse,
1815 1312 1911 1381 nosti
1932 1312 1970 1381 id
1994 1333 2129 1402 genus,
2149 1311 2205 1381 ira

175 1413 273 1485 amn.
323 1411 546 1496 Diimelius,
576 1425 737 1503 quarunt
759 1436 799 1480 eo
824 1407 1021 1481 dementiae
1045 1423 1080 1479 et
1099 1407 1170 1476 im·
1220 1407 1404 1478 bellicitati
1431 1405 1499 1480 hoe
1524 1434 1657 1480 nomen
1675 1413 1922 1504 praeteximus.
1973 1411 2079 1487 Vale.
2131 1407 2203 1483 Mi·
2242 1482 2244 1507 ς

174 1513 363 1604 probitatis
377 1515 554 1607 prolabar.
1220 1501 1380 1578 choelem
1405 1512 1516 1582 saluta
1540 1507 1605 1584 καὶ
1629 1517 1990 1610 συμφιλοσοφοῦντα
2014 1509 2200 1608 Seytema.

1220 1609 1352 1681 lterum
1371 1612 1458 1684 vale.
1483 1606 1660 1685 Postridie
1674 1617 1926 1709 conceptionis.

1965 1713 2162 1801 Φίλιππος.

182 1851 358 1977 &Q
403 1938 407 1945 Ι
1006 1860 1039 1919 7.
1053 1847 1150 1910 Deob.

991 1938 1160 1967 m

451 2015 598 2099 Ιοοσλι.
630 2006 890 2097 Camerario.
1231 2082 1299 2154 No·
1313 2084 1400 2159 δορί
2045 2102 2105 2165 to.
2123 2092 2198 2161 Μ,

1225 2180 1397 2210 Μ
2037 2185 2192 2217 Μ

129 2232 132 2243 “
244 2211 329 2284 Epist.
344 2208 377 2264 ad
392 2208 531 2263 Gamerae.
550 2226 577 2278 p.
589 2204 632 2260 13.

1375 2267 1592 2352 Erasmus
1625 2266 1687 2352 od
1715 2266 2055 2356 Melanttoaem.

175 2360 423 2443 Ιοσολίοιο
445 2355 722 2436 θοιοιιονίο
742 2357 1030 2459 Bambergensi,
1056 2358 1097 2435 S.
1111 2358 1166 2437 D.

175 2500 314 2612 Scripsi
328 2540 442 2608 nuper
461 2516 506 2583 ad
523 2529 556 2585 te
574 2514 660 2585 adeo
675 2505 755 2608 **),
787 2539 911 2584 verum
928 2517 1011 2611 quia
1027 2515 1167 2586 decrevi
1287 2458 1673 2600 &Fritiiitliiixtlltiiiiini
1690 2458 1820 2600 [popelrpd
1843 2461 1906 2519 tabo
1918 2462 1993 2520 ω’
2022 2463 2124 2536 ‘Lm‘
2138 2464 2198 2523 Μ

175 2624 354 2693 σειοίοοπι
376 2614 461 2688 hinc
483 2617 527 2684 ad
544 2630 578 2686 te
594 2615 773 2685 dimittere
790 2617 867 2685 sine
888 2618 1018 2688 nostris
1042 2618 1167 2703 literis,
2000 2688 2007 2707 ‚

99 2742 103 2749 ’
175 2726 259 2811 dedi
286 2718 369 2792 huic
397 2720 504 2789 etiam
535 2718 731 2810 epistolam.
791 2715 927 2788 'Simon
951 2745 993 2790 ex
1018 2717 1166 2790 Heidel-
1288 2680 1520 2755 Emmm
1544 2676 1887 2759 R⁰²⁶r⁰dam¹¹⁸
1912 2682 2145 2791 ΡΜῘΡΜ

81 2875 85 2882 -
174 2829 279 2917 berga
297 2823 419 2893 scribit
433 2845 469 2890 se
486 2820 525 2888 in
543 2819 770 2909 Quintiliano
795 2823 1076 2912 recognoscendo
1102 2821 1166 2891 diu
1461 2780 1844 2859 Melanchlh‘l'll
1867 2786 1908 2862 S·
1922 2787 1979 2861 D·

175 2931 246 3000 iarn
267 2950 358 3011 esse,
389 2947 465 2992 rem
488 2917 624 2993 extrahi
645 2920 775 2991 medici
797 2925 912 3015 culpa.
978 2920 1027 2994 Et
1047 2939 1165 2994 tamen
1216 2916 1263 3008 Si
1284 2933 1343 3008 hic
1359 2940 1506 3023 adesses,
1528 2937 1579 3005 mi
1589 2929 1777 3036 Philipps,
1801 2965 1842 3010 ac
1858 2965 2027 3033 praesens
2042 2962 2199 3038 spectares

175 3029 370 3102 liberaliter
399 3026 606 3118 pollicetur,
632 3024 803 3116 proximis
831 3026 1002 3096 nondinis
1026 3049 1166 3118 sperare
1216 3041 1386 3125 fabulam,
1407 3055 1482 3110 tum
1494 3040 1603 3129 magis
1619 3039 1724 3126 dicas,
1744 3066 1801 3111 me
1815 3044 1979 3115 nonsine
1995 3071 2100 3119 causa
2114 3053 2198 3143 queri

175 3159 211 3204 se
236 3133 427 3201 missurum
451 3151 524 3196 csse
542 3127 830 3216 recognitionem.
882 3125 1167 3198 ExFrancolor·
1218 3144 1261 3213 de
1275 3143 1436 3212 moribus
1457 3143 1701 3236 quorundam,
1733 3144 1796 3237 qui
1811 3147 2080 3220 tumultuantur
2093 3148 2198 3222 Em,

176 3236 234 3306 dia
264 3231 386 3303 scribit
410 3225 615 3322 Micyllus,
655 3228 897 3300 conditionem
925 3253 963 3301 se
989 3226 1165 3328 στέργειν.
1218 3244 1300 3336 gelii
1323 3245 1437 3319 titulo,
1496 3241 1587 3313 Nam
1618 3246 1713 3336 quod
1740 3245 1779 3314 in
1808 3271 1865 3316 me
1894 3247 1944 3318 sic
1967 3255 2199 3342 promeritum,

176 3337 297 3429 Atque
314 3329 401 3403 haec
417 3333 539 3401 multis
552 3333 595 3399 ad
615 3328 869 3417 [usfisslfllfflmt
896 3332 993 3425 qUOd
1013 3330 1072 3401 Vix
1090 3355 1167 3401 “0-
1218 3347 1339 3430 dictis,
1371 3346 1503 3415 libellis
1528 3370 1568 3414 ac
1591 3345 1738 3436 picturis
1755 3343 2039 3438 debacchantur,
2075 3359 2199 3450 aequis-

176 3441 256 3522 das,
289 3459 396 3529 quam
422 3458 478 3502 me
505 3434 670 3516 deleclssb
697 3432 755 3499 vel
784 3433 910 3525 ipsius,
941 3434 999 3501 vel
1030 3434 1166 3503 Ῑῑλῑθῑᾶ·
1219 3448 1607 3530 simoferremanimo‚
1640 3447 1670 3515 si
1691 3450 1788 3541 quod
1811 3474 1909 3521 meae
1926 3453 2039 3526 lamae
2055 3454 2199 3536 detrahi

175 3565 256 3611 rum
272 3561 412 3620 caussa,
436 3559 523 3627 quas
538 3535 598 3602 ille
612 3534 753 3603 videtur
769 3535 979 3605 excitaturus
994 3558 1078 3604 esse.
1107 3531 1167 3604 'ld
1217 3563 1294 3630 mr,
1318 3552 1495 3619 accederet
1509 3546 1725 3639 Evangelico
1743 3551 1930 3643 profectui:
1966 3580 2066 3627 nune
2082 3556 2198 3635 horum

145 3634 150 3723 ]
176 3644 275 3712 vides
289 3663 377 3731 opus
393 3661 465 3706 esse
481 3661 554 3704 non
571 3630 807 3705 mediocribus
829 3637 1167 3735 ingeniisadversus
1217 3651 1396 3721 temeritas
1420 3652 1529 3721 officit
1549 3650 1692 3742 optimis
1713 3654 1840 3724 studiis
1864 3667 1898 3724 et
1924 3660 2045 3750 perdit
2072 3685 2199 3735 caman

177 3744 274 3833 vulgi
303 3734 367 3813 καὶ
395 3742 474 3811 τῶν
502 3732 706 3809 σταιλιοίιον
726 3733 888 3830 μανίαν,
929 3740 1165 3808 adtuendam
1217 3750 1416 3844 Evangelii,
1465 3751 1539 3823 Nec
1556 3753 1701 3838 dubito,
1733 3756 1822 3848 quin
1842 3750 2053 3831 huiusmodi
2067 3780 2224 3857 portae·

176 3870 252 3917 cern
279 3842 483 3915 literariam.
543 3834 640 3909 Mihi
664 3839 802 3929 gratias
818 3853 927 3931 agunt
952 3837 1166 3910 Francolor-
1218 3855 1263 3927 fis
1295 3854 1498 3945 indignetur
1519 3846 1721 3925 Lametus,
1790 3852 1957 3931 Ceterum
1983 3855 2024 3931 hi
2051 3858 2200 3939 Lunum·

177 3946 295 4032 dliffll,
322 3943 539 4040 q1¹0dl³l⁹m
557 3941 713 4011 miserim
732 3942 921 4014 d⁰cl⁰f0¹U=
972 3937 1167 4034 Mllfflvlt‘
1218 3958 1461 4028 auctoritatem
1490 3956 1631 4027 fortiter
1656 3959 1858 4050 negligunt,
1882 3962 2041 4057 ‚quoties
2070 3968 2199 4043 videtur

177 4041 386 4122 Μικύλλου.
440 4045 509 4116 Sed
543 4043 630 4113 aliae
662 4042 736 4113 eius
771 4045 1006 4129 literaesuot
1037 4043 1166 4112 clarius
1218 4059 1454 4129 fflmmodum.
1505 4054 1555 4129 Et
1576 4059 1630 4145 fit,
1671 4060 1789 4129 neseio
1812 4067 2012 4154 quomodo,
2054 4068 2093 4139 in
2114 4088 2200 4147 mra-

177 4153 339 4244 scriptae.
389 4144 443 4217 De
459 4142 576 4216 choris
594 4145 726 4259 scribit.
776 4142 853 4237 Ego
871 4160 1009 4239 praeter
1025 4160 1166 4240 eaquae
1218 4185 1286 4257 que
1302 4175 1418 4255 parte3
1453 4184 1558 4231 nemo
1582 4160 1723 4250 gravius
1746 4162 1847 4234 laesit
1864 4188 2003 4237 causam
2016 4150 2201 4261 Pontificio

177 4269 261 4325 sunt
280 4253 373 4344 apud
390 4247 592 4332 Pollucem,
616 4242 710 4317 nihil
730 4242 854 4322 habeo.
906 4243 953 4317 Et
977 4243 1072 4318 haud
1094 4248 1165 4318 scio
1218 4287 1325 4357 quam
1346 4264 1408 4356 qui
1430 4261 1619 4332 fortissime
1641 4264 1928 4351 digladiabantur
1947 4269 2199 4364 proPontifice.

177 4380 223 4426 on
241 4355 344 4447 plura
365 4364 491 4421 extent.
545 4347 586 4418 la
605 4344 817 4441 Sophoclem
843 4342 971 4442 σχόλια
985 4344 1167 4435 habemus,
1216 4363 1319 4436 Nulli
1334 4364 1444 4454 magis
1460 4365 1654 4436 offecerant
1671 4359 1859 4447 Luthero,
1892 4396 1997 4465 quam
2015 4372 2200 4469 quic-0110.

177 4458 230 4533 ibi
243 4456 378 4525 videro.
428 4450 548 4521 Hodie
565 4451 738 4520 inmensa
759 4475 838 4520 cum
859 4454 951 4520 forte
971 4451 1168 4541 interroga·
1216 4479 1356 4537 menter
1382 4466 1497 4535 videri
1526 4467 1652 4538 volunt
1675 4463 1884 4539 Luthemni,
1944 4471 2027 4544 3010
2056 4496 2201 4573 quam

178 4584 251 4629 rem
269 4557 378 4625 filiam
396 4546 497 4648 m),
522 4544 1166 4650 Ubi100⁶h¹l²²¹²520M1⁶0720⁶l⁴m)
1217 4568 1263 4640 sit
1278 4569 1401 4639 artilex
1416 4562 1599 4654 Christus,
1632 4569 1694 4663 qui
1716 4571 1816 4642 novit
1838 4566 2016 4645 humanos
2036 4582 2201 4657 tumultus

80 4754 85 4763 .
177 4674 312 4742 essent,
338 4655 399 4726 illa
418 4654 586 4741 subiecit,
612 4679 836 4725 reversuram
852 4654 1013 4726 celeriter
1025 4668 1167 4726 utrum·
1218 4670 1257 4740 tn
1277 4694 1380 4741 suum
1403 4693 1619 4765 suorumque
1640 4672 1775 4742 bonum
1798 4686 1944 4749 verrem,
2004 4675 2134 4781 quue
2153 4687 2202 4758 1⁰,

177 4787 261 4860 que,
288 4782 479 4856 quaecum
502 4757 994 4850 perbelluleebalbssfivlssel,
1017 4781 1080 4847 08⁰
1106 4782 1163 4828 ⁰⁰-
1218 4774 1306 4844 bens
1327 4773 1575 4844 abstinuissem
1596 4774 1640 4841 ab
1663 4767 1730 4842 liae
1755 4776 1949 4864 tragoedia,
1987 4780 2017 4849 si
2045 4783 2202 4859 licuisset.

176 4867 288 4956 gitare
310 4862 360 4931 sie
384 4859 500 4953 coepi,
541 4874 602 4929 aut
632 4859 751 4929 omina
779 4856 873 4928 nihil
902 4870 1003 4942 sunt,
1036 4871 1097 4929 ant
1127 4853 1167 4928 hi
1217 4870 1395 4971 Equidem
1412 4876 2203 4986 uttumultusauccoresfflmlo,113,qm.

180 5018 415 5040 ..........--
1217 4991 1295 5048 turn
1313 4976 1479 5048 invitabit
1493 4976 1698 5069 proficiendi
1715 5001 1810 5068 spes,
1835 5002 1909 5048 non
1926 4982 2115 5063 defuturus
2133 5006 2203 5065 suro

211 5094 430 5164 'Mliemanus
444 5088 601 5162 adscripsit:
621 5108 665 5144 an.
678 5090 750 5144 1525.
764 5092 811 5144 sed
824 5089 922 5162 scripta
934 5101 973 5144 est
987 5108 1059 5144 anno
1072 5090 1146 5144 1524.
1217 5072 1432 5169 Evangellco
1462 5078 1616 5169 negotio.
1677 5076 1772 5166 Quid
1795 5072 1965 5154 Laidem
1989 5108 2077 5161 suus
2107 5095 2206 5169 diem

210 5184 255 5250 οι)
272 5179 408 5261 Excidisse
421 5174 465 5231 bic
480 5174 580 5299 alipoid
594 5173 672 5229 facile
686 5178 799 5248 quisque
811 5175 894 5245 videt,
908 5174 1021 5230 sortasse
1037 5185 1089 5245 ter,
1102 5194 1166 5230 nam
1219 5180 1382 5275 'spiritus’
1405 5182 1480 5276 ipse
1496 5183 1634 5252 viderit,
2124 5193 2131 5205 '

210 5254 494 5404 *diriiiniiipm
531 5243 711 5300 ‘mm
726 5250 749 5300 t.
762 5246 830 5301 Μ’
866 5293 876 5316 “
1182 5354 1184 5358 .
1321 5278 1375 5352 Te
1389 5307 1464 5353 non
1480 5306 1557 5355 sum
1568 5277 1796 5353 vehementer
1809 5279 2018 5360 adhortatus
2032 5294 2079 5363 ad
2095 5294 2205 5389 palm-

209 5420 281 5486 am)
299 5415 385 5471 Mica.
401 5411 543 5483 notingo..
1189 5490 1193 5499 ι
1219 5384 1359 5470 odiam,
1394 5384 1450 5455 vel
1471 5387 1517 5456 ob
1540 5388 1577 5455 id
1591 5387 1688 5480 quod
1704 5385 1828 5455 scirem
1842 5411 1900 5458 me
1917 5385 1986 5463 boc
2004 5419 2136 5487 operae
2154 5400 2205 5469 lo-
