4500 5782
162 206 257 287 :m
741 198 1190 283 rmoronaaun
1237 205 1452 285 nrarv.
1498 140 1661 287 esea.
1813 310 1818 317 ³
2131 208 2196 285 m

176 376 415 473 Evangelium
434 378 695 470 magistramm,
729 390 765 451 et
783 377 938 473 reliquas
964 376 1168 449 civilesor-
1207 380 1397 453 discedere
1411 380 1693 466 a'fncultntibns,
1714 402 1843 474 easque
1856 380 1896 451 in
1915 400 2198 455 communesne

157 483 391 566 dictationes,
414 479 464 551 its
478 480 584 550 etiam
597 478 823 571 emptionem,
847 479 1103 564 venditionem,
1128 502 1177 561 ac²
1202 483 1336 571 fer-re:i
1357 507 1441 577 nam
1471 482 1610 553 etiarnsi
1637 480 1871 563 vendidisset,
1904 494 1985 553 crat
2006 493 2130 555 nmen
2148 510 2199 579 ps-

163 582 506 678 ·legitimam'rerum
520 581 744 652 divisionem.
786 577 828 650 ld
843 578 1072 667 vultPaulus,
1086 601 1167 650 cum
1217 576 1457 673 c'nniafutura
1470 607 1579 676 penes
1592 583 1797 668 dominum,
1821 607 1899 653 non
1914 582 2050 657 collata
2063 584 2103 655 in
2118 610 2201 659 nom-

178 685 314 782 inquit:
349 678 524 752 Ementes
546 690 726 781 tanquam
747 703 821 751 non
841 677 1006 756 teneatis.
1061 679 1169 755 Licet
1218 711 1338 759 mune.
1403 683 1454 757 Et
1477 699 1530 757 est
1551 682 1773 775 Augustinus
1799 683 2047 779 interrogatus
2070 685 2201 763 alicnh’:

130 816 137 823 ·
179 792 317 872 unere,
347 808 474 876 augere
494 784 770 877 possessionem,
799 786 857 853 sed
878 783 953 857 sine
976 782 1168 875 cupiditate
1217 780 1394 859 Liceatne
1426 778 1659 858 Christianis
1698 782 1847 855 retinere
1885 778 2075 857 divititis?
2131 787 2203 863 Nan

180 916 220 964 ac
235 887 393 959 avaritia.
442 882 491 955 Et
506 885 697 955 adsimiles
712 908 811 955 casus
826 886 919 955 vitae
931 879 1039 955 huius
1053 883 1168 961 civilis
1217 891 1327 962 tama}
1341 890 1434 959 enim
1452 883 1518 958 hac
1534 890 1577 959 de
1594 912 1633 959 re
1646 886 1891 963 dissensiones
1914 886 1959 955 in
1972 882 2135 961 Ecclesia
2153 916 2203 963 aa.

180 992 352 1089 pertinet,
376 988 473 1081 (1¹¹0d
495 987 674 1080 ⁸²q115l11r²
708 979 1168 1065 Ulmftsmvnd081'021tl
1218 1007 1274 1063 tae
1289 1005 1383 1067 sunt.
1434 988 1493 1060 Sic
1511 990 1619 1081 igitur
1634 1002 1775 1072 enarrat
1790 982 1888 1058 hunc
1905 989 2033 1059 locctm
2046 986 2203 1083 Augeiai

181 1116 256 1165 non
269 1085 499 1169 abutamini,
523 1083 591 1160 hoc
608 1101 674 1172 est,
694 1088 803 1179 gerite
818 1089 1058 1178 magistratus,
1083 1111 1170 1155 con·
1220 1117 1307 1174 nus,
1332 1092 1585 1184 perfectionem
1605 1091 1784 1185 quendam
1803 1112 1877 1161 esse
1900 1089 2015 1171 sentit
2036 1091 2204 1165 &cedere

166 1189 311 1269 trahite
330 1189 575 1289 matrimonia,
609 1190 786 1273 laborate,
820 1202 975 1261 exercete
999 1188 1060 1258 alii
1083 1186 1180 1257 alias
1207 1221 1240 1267 a
1265 1194 1507 1272 facultatibus,
1545 1192 1637 1263 sicut
1661 1204 1696 1263 et
1717 1189 1902 1283 virginitas
1927 1193 2109 1285 quaedam
2134 1218 2204 1288 par.

170 1310 293 1379 artes,
319 1289 604 1376 doceteliberos,
630 1303 748 1361 curate
767 1290 816 1359 eis
832 1291 985 1375 victum,
1008 1284 1170 1359 sedhaec
1219 1296 1324 1367 sectio
1341 1309 1404 1368 est.
1454 1290 1530 1365 Aut
1548 1293 1639 1363 sicut
1660 1294 1796 1361 donum
1816 1291 2027 1383 linguarum
2043 1298 2206 1389 quaedam

182 1421 263 1470 cnm
285 1395 412 1466 timore
431 1390 501 1464 Dei
534 1391 667 1463 aclide
695 1390 814 1481 gerite.
877 1386 944 1461 Est
972 1404 1089 1462 autem
1116 1413 1171 1459 se-
1221 1397 1475 1491 perfectiora,
1495 1390 2205 1469 etinhancsententiamiutlicatClnisti

182 1499 323 1595 quenda
345 1494 547 1567 Salomonis
575 1492 695 1582 regula
719 1493 758 1561 in
785 1486 1024 1578 Oeconomia,
1064 1516 1169 1585 quam
1221 1501 1355 1569 dictum
1380 1498 1624 1588 accipiendum
1648 1517 1743 1579 esse,
1769 1490 1813 1573 „si
1830 1482 1896 1591 31⁶⁸.
1914 1484 2204 1593 perfectus-esse.

181 1600 308 1683 tradit,
334 1621 415 1668 cum
429 1596 562 1688 inquit:
595 1590 691 1663 Bibe
707 1616 846 1691 apuam
861 1617 878 1663 e
894 1590 969 1663 tuis
982 1590 1170 1692 sentibus,
1220 1601 1406 1672 Caeterum
1422 1622 1523 1692 posse
1534 1591 1931 1673 esseChristianossine
1943 1589 2013 1667 hac
2027 1599 2204 1691 perfectio

182 1711 214 1773 et
238 1697 295 1771 tui
309 1695 436 1798 sentis
457 1690 595 1766 rivulos
612 1692 710 1776 bibe,
729 1694 858 1793 sontes
873 1692 1053 1794 tuisoms
1075 1689 1171 1763 deri·
1221 1727 1284 1787 ne,
1309 1703 1401 1772 sicut
1422 1701 1613 1769 sinadam
1635 1698 1850 1788 linguarum.
1883 1742 1886 1747 -
1909 1692 2007 1767 Nam
2027 1721 2111 1773 veta
2132 1724 2205 1794 pa.

184 1811 325 1881 venter,
348 1807 380 1870 el
403 1796 476 1869 rt'vt'
490 1806 638 1867 manent
655 1794 695 1866 fn
711 1793 871 1893 plateas·
921 1792 970 1866 Αἰ
991 1805 1031 1866 w
1052 1791 1170 1866 domi·
1219 1804 1325 1874 lectio
1348 1798 1648 1873 Christiana‘non
1675 1810 1727 1867 est
1748 1797 1815 1867 sita
1838 1795 1877 1866 in
1897 1796 1975 1867 ulla
1996 1822 2039 1869 re
2062 1802 2204 1887 externa,

184 1929 253 1974 ntes
270 1893 626 1979 estahorumsolus,
652 1921 726 1967 noo
742 1894 1001 1970 alienitatem.
1049 1893 1171 1968 Bene·
1222 1906 1260 1974 in
1277 1902 1434 1989 divitiis,
1458 1917 1520 1973 aut
1539 1901 1679 1993 inopia,
1705 1898 1744 1968 in
1768 1897 1956 1988 coniugio,
1979 1912 2049 1973 aut·
2067 1903 2138 1973 alio
2158 1905 2205 1975 ti.

185 2002 348 2076 dicentur
373 2000 467 2072 enim
483 2000 612 2099 fontes
637 1997 703 2070 tui.
752 1997 819 2070 Est
840 2015 956 2070 autem
980 1995 1067 2070 haec
1090 2022 1172 2068 sen-
1221 2021 1277 2077 tae
1293 2029 1435 2097 genet-e,
1457 2006 1518 2073 sed
1534 2005 1572 2075 in
1587 2004 1730 2085 timore,
1755 1999 1841 2086 fide,
1866 2023 1947 2093 spe,
1971 2001 2123 2075 caritate
2135 2028 2205 2096 par.

183 2107 293 2178 tentia
315 2105 510 2197 praecepti,
539 2126 828 2196 unumquemque
851 2103 907 2172 sui
926 2102 1035 2173 fontis
1055 2100 1172 2172 domi·
1220 2109 1320 2179 secta.
1373 2100 1556 2177 Obiicitur
1581 2116 1615 2173 et
1639 2100 1835 2193 exemplum
1851 2097 2132 2193 Apostolorum,
2153 2107 2206 2200 qui

184 2233 273 2280 num
296 2208 424 2276 debere
446 2228 537 2290 esse,
574 2198 642 2272 hoc
667 2216 736 2289 est,
765 2204 1001 2296 possessiones
1026 2225 1106 2272 suas
1132 2225 1172 2272 ac
1221 2210 1450 2281 contulerunt
1465 2206 1585 2278 omnia
1598 2204 1636 2273 in
1650 2225 1858 2275 commune..
1879 2198 1941 2271 Ad
1953 2206 2056 2297 quod
2069 2229 2206 2299 respou

183 2312 313 2382 fundos
330 2308 481 2379 retinere
496 2307 640 2389 debere,
665 2307 726 2376 sed
742 2306 868 2375 exillis
886 2307 980 2375 foras
995 2305 1173 2375 deducen-
1222 2313 1301 2385 deo.
1359 2309 1433 2379 Nos
1455 2311 1499 2377 de
1521 2317 1706 2399 praecepto
1729 2303 1930 2396 disputare,
1961 2316 2093 2375 utrum
2115 2330 2207 2399 prac-

185 2415 250 2482 dos
269 2433 341 2480 esse
365 2409 479 2494 rivos,
512 2402 581 2477 hoc
605 2420 674 2492 est,
704 2406 928 2498 largiendum
950 2428 1023 2475 eise
1045 2405 1173 2496 egenis,
1223 2425 1360 2503 ceptum
1370 2412 1444 2482 sita
1460 2406 1686 2479 facultatibus
1698 2405 1885 2478 discedere.
1919 2402 2049 2477 Potest
2057 2407 2208 2479 sommis

185 2525 360 2608 quantum
378 2533 462 2581 usus
480 2507 595 2579 nostri
616 2510 805 2599 patiantur.
855 2505 905 2579 Et
922 2520 1100 2599 postremo
1121 2518 1174 2575 est
1222 2514 1354 2585 alicubi
1368 2513 1463 2583 inter
1477 2533 1607 2603 paucos
1620 2507 1701 2578 talis
1716 2504 1994 2577 communicatio
2007 2507 2208 2583 fncrdtatnm

186 2614 305 2686 addita
331 2611 538 2704 promissio,
571 2609 761 2701 pollicetur
782 2609 878 2679 enim
900 2610 992 2694 sore,
1017 2622 1057 2680 ut
1077 2606 1173 2678 Deus
1222 2614 1317 2695 fieri,
1343 2613 1486 2684 sicutin
1502 2612 1615 2705 plima
1629 2606 1786 2679 Ecclesia
1802 2607 1911 2677 fiebat
1927 2602 2209 2683 interChriatia.

185 2713 370 2786 benedicat
383 2712 609 2783 facultatibus
623 2735 765 2796 eorum,
790 2710 852 2804 qui
875 2710 954 2780 illas
977 2703 1045 2780 hoc
1066 2710 1172 2779 modo
1223 2739 1306 2801 nos,
1331 2739 1420 2808 qenes
1444 2715 1589 2805 cogebat
1604 2710 1709 2782 etiam
1726 2703 1811 2778 haec
1829 2730 1950 2793 causa,
1977 2708 2067 2802 quia
2089 2713 2210 2807 eripia-

186 2815 447 2888 administrant.
498 2810 550 2882 lta
568 2813 740 2904 scriptura
763 2812 879 2899 officia
896 2811 1050 2882 caritatis
1071 2834 1174 2903 prae-
1223 2819 1354 2888 bantur
1375 2816 1557 2886 facultates
1577 2808 1651 2897 his,
1682 2833 1771 2904 quos
1793 2810 1979 2897 constabat
1991 2806 2209 2885 Christianus

187 2918 297 3011 cepit,
321 2940 396 2986 non
415 2927 455 2986 ut
472 2915 656 3006 perturbet
669 2913 789 2985 civiles
803 2913 1045 2984 ordinationes
1061 2915 1104 2983 de
1117 2936 1175 2981 re-
1223 2942 1297 2989 esse
1326 2920 1454 3003 factos,
1492 2939 1601 3010 quare
1633 2914 1701 3004 ipsi
1728 2924 1831 2981 antea
1860 2908 2133 2997 distrahebant,
2170 2938 2209 2985 nc

186 3044 268 3090 rrrm
297 3016 472 3089 divisione
512 3030 573 3087 aut
601 3017 704 3101 alias,
743 3015 804 3085 sed
827 3029 867 3087 ut
895 3028 1078 3086 conservet
1105 3037 1173 3085 eas.
1223 3022 1372 3112 praedae
1390 3032 1505 3088 essent
1521 3016 1693 3111 tyrannis.
1735 3008 1949 3103 Exemplum
1966 3038 2055 3085 vero
2072 3015 2210 3087 illorum

187 3122 259 3193 Sed
274 3120 442 3191 obiicitur
456 3117 553 3188 locus
570 3117 608 3186 in
622 3114 835 3206 Evangelio:
862 3111 910 3185 Si
925 3113 977 3187 vis
994 3115 1173 3215 perfectus
1224 3145 1298 3190 non
1319 3119 1473 3213 imponit
1491 3118 1733 3187 necessitatem
1757 3112 1852 3183 aliis:
1885 3113 2080 3187 sicnt'non
2102 3119 2210 3213 sequi-

187 3245 279 3308 ase,
303 3215 413 3298 vade,
440 3213 567 3298 vende,
593 3240 687 3316 quae
709 3210 843 3313 habes,
876 3226 907 3288 et
930 3210 979 3287 da
1000 3213 1175 3313 paaperi-
1224 3237 1302 3308 cur,
1325 3222 1537 3291 coelibatum
1556 3215 1844 3311 praecipiendum
1863 3237 1938 3284 esse
1953 3217 2133 3290 ministris
2147 3215 2209 3289 lle·

178 3322 275 3402 -bus,
302 3330 333 3390 et
349 3313 503 3388 habebis
523 3313 735 3389 thesauram
752 3316 791 3389 io
808 3316 922 3402 coelo,
946 3326 978 3388 et
995 3316 1092 3399 ceni,
1117 3340 1175 3387 se·
1224 3323 1365 3407 clesiae,
1391 3320 1474 3415 quia
1494 3316 1776 3391 Paulus-vixerit
1798 3314 1948 3391 coelebs.
2001 3316 2090 3389 Non
2111 3319 2210 3411 igitur

189 3447 295 3520 petere
319 3444 383 3490 me.
434 3419 540 3490 Hunc
560 3423 677 3491 locum
701 3422 826 3493 leviter
854 3420 1176 3512 interpretabimur,
1224 3412 1416 3495 necessaria
1439 3436 1491 3494 est
1512 3421 1575 3491 illa
1596 3417 1867 3490 communicatio
1894 3418 2128 3507 facultatum,
2155 3424 2210 3492 sed

189 3550 235 3595 ne
256 3526 362 3613 longa
385 3522 623 3612 disputatione
649 3546 705 3592 res
728 3523 788 3593 fiat
811 3524 1005 3596 obscurior.
1068 3520 1176 3592 Prae-
1225 3528 1336 3597 libera
1353 3525 1445 3595 inter
1462 3547 1609 3615 paucos,
1635 3520 1809 3615 quirdtro
1826 3541 1982 3590 suescas
2000 3520 2044 3589 in
2059 3546 2209 3594 mmu-

190 3641 329 3719 ceptnm
347 3638 398 3694 est
416 3625 615 3714 personale,
641 3625 736 3718 quod
753 3627 798 3693 ad
817 3624 915 3695 illurn
937 3623 1078 3715 proprie
1096 3646 1174 3714 per·
1217 3652 1271 3698 m
1294 3628 1492 3698 conserunt.
1560 3622 1717 3694 Ananias
1748 3645 1832 3691 vero
1858 3620 2001 3693 occisus
2023 3636 2098 3704 est,
2135 3626 2209 3719 quta

191 3751 314 3799 sonam
330 3725 519 3816 pertinuit,
545 3749 618 3794 non
632 3727 677 3795 ad
691 3749 823 3795 omnes.
872 3722 940 3796 Est
962 3724 1056 3795 enim
1079 3723 1177 3795 adie—
1226 3727 1395 3800 mentitus
1410 3739 1494 3811 erat,
1512 3750 1588 3795 non
1603 3725 1686 3818 quia
1697 3722 1891 3795 retinuerat
1899 3723 2106 3815 pecuniam.
2128 3722 2208 3797 Nan

191 3844 302 3899 ctum:
342 3823 386 3894 V
381 3823 456 3908 eni,
490 3848 633 3924 sequere
653 3849 726 3907 me,
760 3851 849 3921 quae
868 3826 972 3896 verba
995 3840 1178 3911 testantur,
1225 3829 1352 3901 Petrus
1376 3827 1496 3920 aperte
1524 3827 1591 3911 a'it,
1635 3826 1791 3895 futuram
1820 3821 1929 3893 fuisse
1958 3825 2208 3918 pecnniamin

193 3954 272 4000 eum
289 3929 333 3998 ad
350 3950 481 3997 munus
498 3927 649 3997 docendi
667 3951 739 3999 esse
753 3941 935 4014 vocatum,
952 3941 986 3999 et
999 3927 1089 3999 sicut
1104 3952 1178 3996 non
1227 3933 1337 4025 ipsius
1362 3942 1545 4022 potestate.
1594 3922 1645 3996 Et
1664 3927 1744 3995 ideo
1763 3948 1800 3994 se
1821 3924 1943 4009 irasci,
1969 3925 2114 4020 inquit,
2137 3928 2208 4021 qnia

191 4053 313 4102 omnes
329 4031 374 4099 ad
388 4052 517 4100 munus
528 4028 679 4101 docendi
691 4030 851 4100 accersit:
869 4030 918 4101 ita
932 4054 1048 4124 neque
1060 4030 1179 4099 omni·
1227 4030 1385 4104 Ananias
1399 4030 1573 4101 mentitus
1586 4041 1662 4097 erat
1682 4051 1757 4096 non
1774 4021 2002 4111 hominibus,
2028 4028 2094 4097 sed
2108 4028 2208 4122 spiri

190 4134 259 4204 bus
274 4131 445 4225 praecipit
458 4131 640 4200 facultates
653 4126 859 4201 distrahere.
909 4129 1006 4202 Haec
1021 4146 1082 4216 est,
1097 4154 1177 4200 meo
1228 4136 1280 4206 tui
1298 4145 1418 4203 sancto
1440 4145 1513 4202 etc.
1559 4124 1742 4200 Obiicitur
1764 4141 1800 4198 et
1821 4127 1930 4211 illud,
1959 4122 2012 4195 de
2036 4130 2142 4201 omni
2156 4153 2208 4228 pe·

191 4235 346 4318 indicio,
371 4232 631 4324 simplicissima
645 4233 901 4326 interpretatio.
950 4231 1043 4305 Nam
1059 4245 1093 4300 et
1109 4233 1179 4301 cir·
1228 4232 1320 4305 tenti
1326 4248 1394 4307 etc.
1445 4230 1515 4303 Sed
1528 4231 1631 4300 facile
1646 4229 1798 4319 intelligi
1812 4240 1946 4320 potest,
1968 4224 2210 4305 hanc'senten·

192 4336 423 4407 cnmstantiae
453 4347 638 4420 testantur,
677 4359 751 4403 non
774 4335 935 4425 generale
955 4346 1178 4425 praeceptum
1229 4339 1315 4408 tiam
1335 4359 1408 4404 non
1427 4333 1628 4427 postulare,
1651 4344 1692 4402 ut
1709 4330 1929 4401 discedamus
1952 4332 2210 4406 afacultatibns

193 4437 298 4522 tradi,
323 4438 384 4507 sed
395 4435 626 4507 temeritatem
644 4436 740 4506 illius
756 4435 895 4506 iuvenis
910 4436 1091 4527 castigaris
1102 4457 1181 4526 spe-
1229 4440 1303 4507 sive
1319 4435 1608 4528 possessionibus.
1655 4429 1747 4504 Cum
1769 4430 1864 4499 enirn
1881 4430 1985 4501 iubet
1997 4434 2108 4520 dare,
2131 4452 2210 4507 certe

194 4539 277 4609 ciali
288 4541 396 4608 modo
412 4534 617 4610 vocationis.
668 4535 760 4609 Cum
780 4539 874 4609 enim
892 4538 1120 4628 gloriaretur,
1145 4559 1181 4605 se
1229 4541 1381 4610 retinere
1406 4536 1641 4628 possessiones
1661 4532 1853 4627 permittit,
1878 4552 1921 4601 ex
1946 4536 2086 4626 quibus
2106 4561 2212 4609 sums-

135 4700 139 4707 .
194 4640 313 4711 simnia
332 4653 514 4730 praecepta
531 4662 695 4719 servasse,
711 4635 874 4713 Christus
886 4640 1068 4731 significat,
1085 4641 1181 4731 quod
1231 4657 1305 4726 tur,
1330 4653 1371 4709 ut
1392 4638 1544 4709 subinde
1566 4636 1768 4727 largiamur.
1813 4629 1862 4702 Et
1881 4631 2020 4706 Paulus
2044 4642 2073 4711 2
2093 4637 2213 4717 Geel

195 4767 240 4811 ne
262 4741 419 4833 primum
442 4738 587 4830 quidem
606 4755 830 4832 praeceptum
853 4742 1060 4826 servaverit,
1086 4741 1180 4832 quod
1230 4744 1483 4832 interpretatur
1510 4732 1602 4807 hanc
1633 4734 1863 4814 sententiam,
1902 4730 1961 4803 ita
1984 4733 2213 4833 largiendum

195 4845 295 4917 iubet
308 4839 426 4913 Deum
442 4841 589 4931 diligere
603 4866 643 4911 ex
660 4855 732 4912 toto
749 4845 866 4915 corde.
916 4839 966 4913 At
984 4843 1014 4911 is
1031 4843 1080 4913 ita
1098 4841 1183 4910 dili·
1232 4866 1324 4922 esse,
1346 4863 1388 4909 oe
1409 4838 1458 4909 sit
1480 4829 1582 4908 eliis'
1598 4834 1780 4920 remissio,
1794 4831 1912 4939 'naba
1931 4836 2113 4937 afflictio.
2159 4840 2215 4915 Est

147 4936 152 4941 ⁵
196 4949 246 5036 git
266 4969 346 5015 suas
360 4943 560 5027 facultates,
585 4958 626 5013 ut
641 4959 783 5035 propter
798 4946 878 5014 illas
895 4957 1059 5035 gravetur
1073 4943 1183 5013 susci·
1231 4946 1350 5038 itaque
1366 4943 1416 5012 sic
1431 4941 1635 5033 accipienda
1650 4934 1736 5009 haec
1751 4936 1997 5024 sententiani
2012 4959 2216 5017 nantem

195 5071 278 5139 pere
294 5045 531 5117 ministerium
547 5046 657 5116 verbi.
709 5042 757 5115 Et
770 5042 954 5131 Christus,
980 5070 1060 5115 cum
1077 5045 1185 5116 vellet
1233 5045 1489 5138 eleemosynas,
1512 5044 1573 5111 sed
1590 5040 1747 5131 copiosas
1759 5038 1964 5128 largiamur.
2015 5040 2216 5121 Abutuntur

197 5148 448 5225 eiostendere‚
478 5147 575 5238 qnod
597 5145 738 5216 divitias
760 5149 951 5237 praeferret
964 5144 1058 5231 Deo,
1084 5146 1185 5218 iussit
1233 5142 1300 5218 hac
1322 5144 1515 5223 sententia,
1539 5144 1602 5236 qui
1618 5166 1694 5211 eam
1713 5142 1927 5232 detorquent
1942 5145 1989 5213 ad
2006 5148 2121 5217 talem
2131 5174 2216 5221 min·

197 5273 278 5319 eum
294 5249 372 5317 illas
386 5260 531 5338 propter
541 5244 658 5315 Deum
673 5244 879 5323 distrahere.
928 5247 1111 5320 Praeterea
1127 5244 1185 5321 hic
1234 5246 1509 5319 municatiouem
1540 5244 1763 5329 faurltatum,
1796 5264 1866 5332 qua
1897 5243 2020 5314 civilis
2051 5244 2214 5322 ordinatis

197 5351 296 5423 locus
327 5348 506 5441 praecipit¹
529 5343 682 5419 distrahi
714 5349 914 5437 facultates,
959 5374 1033 5421 non
1067 5365 1183 5422 autem
1234 5352 1280 5423 de
1308 5371 1426 5421 rerum
1455 5346 1629 5416 divisione
1654 5343 1894 5437 perturbatur.
1964 5345 2075 5421 Sicut
2102 5366 2213 5437 autent
