4500 5782
32 220 38 225 ’
161 234 214 309 19
752 227 1406 307 EPISTOLARUMLIB.11.
1469 229 1600 309 1519.
2118 236 2196 310 tou

164 422 239 479 non
264 419 316 476 est
335 403 510 475 reveritus
529 400 576 479 D.
595 398 803 475 Erasmum
823 404 979 476 iudicare
1005 405 1045 473 in
1068 404 1156 475 novi
1205 417 1281 474 tunt
1311 416 1380 490 εει,
1420 396 1533 473 Rern.
1555 403 1737 474 adversari
1760 427 1823 496 per
1853 404 1974 476 omnia
2000 408 2196 480 sententiae

164 507 362 581 testamenti
376 506 532 579 editione
541 498 593 601 ⁶),
606 507 657 579 ita
667 522 703 579 et
714 502 774 579 hic
788 507 916 578 iudicis
929 519 1047 600 partes
1056 528 1156 576 assu·
1204 506 1411 579 lutteranae.

164 611 250 695 mit,
280 609 459 681 diffiniens
479 602 531 705 ε),
562 608 697 680 stetisse
725 611 860 680 salvam
890 600 1157 680 Curlenstodio
1306 606 1342 682 7.
1371 605 1426 678 De
1439 606 1505 677 illo
1522 596 1800 693 ll1utthaei:tu
1816 599 2012 690 ssPetrus,
2037 616 2071 678 ιι
2086 633 2197 709 super

167 711 388 785 seutentiam.
437 707 517 781 Hoc
541 711 633 796 scio,
656 712 805 782 demum.
819 711 1001 782 admisisse
1016 703 1156 781 Curio·
1205 701 1304 779 hane
1328 717 1472 805 petrum
1501 722 1565 783 ete.
1595 733 1678 778 vere
1707 709 1878 802 proponit
1913 711 2123 782 sententiam
2151 709 2199 788 D.

167 807 351 899 studium,
386 813 608 883 voluntatem
631 807 763 883 habere
783 813 996 885 activitatem
1020 815 1067 881 ad
1088 814 1158 882 ho-
1204 804 1355 880 Lutteri
1368 811 1532 903 pluribus
1551 811 1762 882 coniecturis
1776 825 2026 900 monstratam3
2052 814 2116 883 sed
2140 838 2197 884 re-

167 940 256 986 num
281 938 381 1007 opus.
439 909 489 984 At
511 938 574 1005 ego
598 910 693 985 nihil
714 918 886 999 decerno,
920 915 1050 985 etenim
1073 936 1157 1006 pars
1205 913 1305 999 ticet,
1339 914 1437 1007 quod
1454 907 1547 983 hanc
1566 926 1703 1005 petram
1730 936 1804 993 esse
1826 906 1977 983 Petrum
2001 938 2043 985 ex
2063 909 2195 1010 Augu·

168 1042 265 1102 sum,
301 1040 376 1086 non
404 1016 527 1101 iudex;
561 1029 680 1099 tamen
701 1018 895 1088 audaculus
915 1041 991 1086 non
1014 1029 1156 1094 veretur
1204 1013 1323 1097 stino,
1365 1012 1614 1109 Hieronymo,
1655 1009 1868 1101 Ambrosio,
1903 1009 2028 1086 Leone
2059 1032 2094 1088 ct
2118 1018 2198 1087 aliis

168 1119 303 1203 elicere,
342 1141 400 1187 me
428 1118 586 1189 attulisse
608 1116 871 1209 impertinentia
894 1142 937 1188 ex
956 1116 993 1191 S.
1014 1110 1157 1187 Remu.
1205 1116 1367 1209 produxi.
1427 1111 1477 1185 At
1499 1112 1567 1186 hoc
1594 1117 1640 1187 ad
1665 1116 1809 1189 iudices.
1867 1114 1938 1187 Sed
1960 1113 2027 1188 hoe
2050 1118 2196 1203 mirum,

169 1216 271 1291 Olim
293 1242 375 1289 cum
390 1217 674 1315 publicabitur)
696 1221 907 1312 disputatio,
929 1220 1157 1293 manifestum
1205 1221 1301 1312 quod
1327 1220 1462 1288 nedum
1482 1214 1592 1303 mihi,
1612 1219 1677 1288 sed
1693 1232 1729 1288 et
1742 1216 1787 1292 D.
1802 1211 1961 1288 Luttero
1977 1220 2108 1289 falsum
2128 1220 2197 1289 im-

169 1322 252 1407 erit,
277 1345 325 1391 an
338 1344 462 1391 verum
478 1320 608 1393 dixerit
623 1322 881 1412 grammaticum.
1112 1353 1116 1361 ¹
1205 1322 1325 1412 ponit,
1367 1344 1449 1390 eum
1489 1343 1537 1391 sc.
1575 1319 1816 1411 respondisse,
1853 1310 2066 1403 Christum,
2109 1323 2197 1392 dum

270 1422 304 1495 8.
336 1420 429 1493 Cum
449 1422 585 1495 bonum
607 1448 697 1516 opus
714 1424 880 1494 dixissem
904 1437 1020 1494 totum
1042 1445 1117 1492 esse
1136 1445 1155 1491 a
1204 1416 1314 1493 Petro
1335 1421 1496 1507 dixisset,
1521 1414 1638 1491 Pasce
1659 1445 1738 1491 oves
1758 1437 1985 1515 meas,-post
2007 1418 2077 1493 hoc
2095 1420 2197 1515 Apo-

167 1523 262 1610 Deo,
285 1547 362 1595 non
382 1524 554 1610 totaliter,
579 1524 705 1595 irridet
719 1526 957 1616 grammatista
973 1521 1041 1594 hoc
1057 1525 1157 1593 velut
1206 1526 1305 1595 stolis
1319 1547 1441 1616 parem
1456 1522 1661 1614 potestatem
1679 1524 1864 1611 traditam,
1889 1519 2048 1621 Accipite
2055 1520 2144 1593 S.S.
2153 1521 2196 1621 ¹⁰)

168 1637 407 1697 commentum
425 1625 616 1715 indiguum
632 1626 811 1698 maiestate
834 1624 1050 1717 theologica,
1075 1648 1157 1696 cum
1207 1641 1288 1708 etc..
1321 1650 1402 1695 cum
1424 1620 1622 1694 Martinus
1644 1620 1683 1720 ¹¹)
1713 1650 1779 1717 pro
1807 1650 1869 1696 sua
1895 1626 2097 1697 eruditione
2122 1649 2197 1696 non

167 1729 205 1797 in
229 1726 469 1819 disputatione
489 1729 581 1798 clare
601 1752 659 1798 me
679 1730 911 1822 exposuerim.
961 1726 1082 1798 Nescit
1101 1749 1157 1796 es-
1205 1743 1277 1798 tam
1292 1728 1395 1796 foede
1412 1728 1531 1819 lapsus
1548 1751 1620 1797 esse
1631 1727 1753 1817 possit.
1805 1726 1876 1799 Sed
1892 1728 1940 1797 ita
1956 1728 2084 1813 evenit,
2108 1728 2195 1797 dum

167 1829 315 1901 sentiam
335 1825 406 1898 Dei
425 1828 540 1899 videri
562 1843 673 1901 totam
696 1854 717 1900 a
742 1832 864 1915 beato,
902 1844 939 1902 at
967 1830 1052 1923 quia
1081 1851 1155 1897 non
1205 1843 1304 1899 sutor
1328 1830 1422 1898 ultra
1448 1822 1626 1920 crepidam
1652 1827 1795 1898 iudicat.
1860 1826 1940 1899 Hoc
1964 1830 2042 1901 loco
2068 1850 2220 1899 ereum.

166 1925 479 2023 comprehenditur
506 1932 672 2013 abeam,
718 1956 793 2002 non
819 1932 961 2002 videtur
989 1929 1155 2002 totaliter.
1203 1930 1249 2004 D.
1272 1925 1487 2000 Martinam
1512 1926 1572 2026 ¹²),
1606 1953 1762 2000 errorem
1793 1930 1896 2000 illum
1922 1954 1986 2022 per
2014 1954 2098 2001 eum
2122 1952 2197 2000 non

166 2031 357 2121 Quidditas
371 2032 509 2120 generis
525 2046 578 2104 est
593 2046 666 2104 tota
687 2034 729 2101 in
746 2057 820 2104 urta
842 2034 975 2126 specie,
999 2034 1062 2102 sed
1080 2055 1156 2101 non
1204 2033 1409 2103 admissum.

166 2134 338 2216 totaliter,
371 2157 452 2203 cum
476 2135 583 2204 ctiam
608 2134 653 2207 sit
674 2134 715 2203 in
733 2135 815 2208 alia.
879 2134 939 2207 Sic
963 2134 1081 2204 anima
1104 2145 1156 2202 cst
1306 2132 1340 2206 8.
1365 2130 1514 2223 Pungit,
1534 2134 1632 2226 quod
1644 2128 1820 2218 haereses,
1841 2126 2056 2202 Bohcmieae
2071 2132 2196 2205 lactio-

165 2248 237 2307 tota
260 2234 299 2303 in
319 2257 448 2319 manu,
479 2258 554 2304 uon
577 2234 645 2321 sic,
677 2236 766 2329 quin
792 2235 898 2307 etiam
923 2236 969 2307 sit
990 2237 1030 2304 in
1051 2235 1155 2327 pede:
1204 2259 1283 2321 nes,
1306 2248 1341 2305 ct
1357 2234 1394 2303 id
1408 2257 1518 2324 genus
1532 2234 1602 2304 alia
1616 2234 1766 2306 crimina
1779 2229 2195 2331 luerintD.Murlino¹')

165 2336 215 2407 sic
231 2336 367 2405 bonum
386 2359 476 2426 opus
497 2349 548 2407 est
566 2349 681 2407 totum
698 2335 830 2423 aDeo,
854 2362 930 2408 non
952 2352 1071 2407 tamen
1092 2335 1155 2421 sic,
1204 2337 1352 2410 obiecta.
1405 2334 1473 2406 Sed
1492 2335 1633 2421 reticet,
1659 2339 1754 2430 quod
1773 2361 1838 2430 pro
1857 2336 1926 2405 fide
1944 2330 2138 2407 christiana
2158 2337 2195 2407 id

166 2437 254 2531 quin
270 2438 376 2507 etiarn
392 2437 438 2508 sit
453 2439 499 2507 sb
512 2437 576 2511 lib.
590 2440 683 2523 arb.,
708 2439 792 2532 quia
807 2440 913 2510 simul
928 2450 1055 2530 agunt,
1079 2461 1156 2507 non
1203 2439 1317 2509 facere
1342 2463 1421 2508 sum
1443 2453 1601 2522 coactus,
1635 2438 1722 2508 dum
1744 2439 1817 2532 ipse
1837 2452 2023 2523 assereret,
2056 2438 2196 2532 aliquos

165 2538 338 2624 vicissim3
364 2538 524 2622 mixtim,
544 2562 620 2609 non
644 2541 842 2630 sigillatim:
868 2542 907 2612 id
931 2563 1089 2633 expresse
1106 2539 1157 2609 ait
1204 2541 1371 2611 articulos
1381 2535 1543 2610 Ioannis
1551 2534 1655 2609 Huss
1669 2534 1837 2611 haeretici
1847 2537 2091 2613 Constantien.
2099 2536 2197 2610 Con·

165 2632 307 2711 Bernh.
324 2639 620 2732 pertinentissime
639 2643 685 2712 ad
701 2643 932 2735 propositum.
1054 2639 1059 2649 ’
1205 2642 1287 2713 cilio
1302 2639 1343 2737 ¹⁴)
1367 2644 1552 2712 damnatos
1576 2665 1650 2711 esse
1669 2637 1990 2713 Christianissimos
2015 2654 2051 2710 et
2072 2636 2196 2711 Evan-

268 2738 304 2814 4.
336 2739 573 2833 Improperat,
611 2745 710 2836 quod
738 2746 849 2813 multa
879 2743 1069 2814 inciviliter
1098 2742 1156 2811 di·
1204 2744 1350 2835 gelieos,
1374 2746 1471 2837 quod
1488 2768 1594 2837 quam
1610 2743 1963 2836 prudenter-fecerit,
1985 2756 2028 2813 ut
2042 2734 2201 2839 Philip.

164 2843 278 2913 xcrim
304 2856 425 2913 contra
444 2836 659 2925 Delictum,
685 2860 720 2917 et
743 2846 897 2915 breviter
918 2846 1038 2915 omnia
1062 2845 1156 2914 eius-
1201 2868 1273 2943 pus
1287 2845 1354 2932 ait,
1381 2846 1515 2915 iudices
1532 2858 1698 2919 statuent.

164 2944 272 3029 modi,
288 2959 329 3014 ut
344 2944 516 3015 invidiam
523 2941 698 3017 Mortino
713 2942 741 3042 ¹)
759 2946 950 3017 conflarem
963 2948 1057 3038 apud
1074 2946 1154 3016 vul-
1307 2946 1345 3021 9.
1370 2943 1529 3040 Imponit
1551 2942 1660 3031 mihi,
1692 2960 1733 3018 ut
1749 2942 1793 3043 ¹⁵)
1816 2940 2007 3039 Apostolos
2031 2944 2196 3041 aequales

165 3066 260 3137 gum.
311 3044 411 3132 Hoc,
437 3048 601 3140 inquam,
626 3050 753 3119 salsum
777 3071 850 3121 esse
873 3063 1049 3119 noverunt
1071 3072 1155 3118 can·
1204 3048 1243 3118 in
1268 3049 1465 3142 apostolatu
1486 3049 1655 3133 dixerim,
1680 3051 1742 3120 sed
1764 3071 1839 3118 uon
1864 3047 2026 3142 aequales
2043 3042 2196 3140 Episco-

166 3149 241 3219 didi
264 3149 461 3234 auditores,
482 3163 517 3221 et
540 3163 699 3222 truncate
720 3174 835 3221 meam
858 3151 961 3222 affert
980 3150 1154 3221 rationem
1204 3174 1286 3243 p0s;
1324 3146 1392 3221 hoc
1416 3165 1534 3221 autem
1558 3164 1610 3222 est
1637 3150 1818 3221 somnium
1847 3148 2083 3239 grammatici,
2120 3172 2196 3219 non

167 3264 289 3321 contra
303 3243 498 3319 Lutterum
520 3254 564 3321 de
579 3252 692 3345 capite
704 3249 894 3326 Ecclesiae.
1204 3252 1340 3324 dictum
1360 3248 1572 3325 Eckianum.
1636 3250 1721 3323 Dixi
1744 3250 1906 3345 aequales
1925 3250 2033 3320 fuisse
2052 3264 2197 3343 aposto-
2240 3268 2242 3277 '

267 3349 305 3425 5.
335 3348 444 3420 Ponit
465 3347 688 3447 Hieronymi
712 3368 747 3424 et
763 3345 953 3448 Cypriani
970 3355 1066 3425 locos
1088 3378 1154 3446 pro
1203 3356 1300 3439 latu,
1337 3354 1463 3425 ordine
1486 3352 1675 3425 sacerdotii
1697 3367 1732 3425 et
1755 3353 1993 3445 episcopatus,
2031 3352 2093 3423 sed
2120 3374 2196 3425 non

66 3516 72 3529 ,
167 3452 272 3521 certis
288 3474 308 3519 a
324 3474 381 3519 me
397 3453 573 3541 prolatos,
596 3454 659 3546 qui
674 3457 856 3524 tamenin
879 3455 1030 3525 dubium
1051 3479 1156 3523 voca·
1205 3456 1245 3525 in
1260 3456 1506 3526 commissione
1522 3468 1556 3525 et
1573 3454 1879 3526 administratione
1894 3451 2091 3542 regiminis.
2143 3450 2198 3539 ld,

166 3554 308 3625 bantur.
369 3550 463 3620 Vide
486 3576 676 3628 censorem.
733 3552 1000 3649 Hieronymum
1023 3554 1156 3625 adduxi
1205 3559 1302 3650 quod
1324 3555 1361 3627 S.
1380 3550 1477 3637 Leo,
1503 3554 1753 3651 Hieronymus
1776 3569 1811 3627 et
1832 3547 2047 3648 Cyprianus
2071 3554 2198 3626 volue-

167 3654 231 3722 lib.
251 3654 281 3724 1.
302 3666 423 3724 contra
442 3648 641 3723 Iovianum
658 3652 735 3729 Col.
754 3654 812 3725 18.
861 3648 1094 3752 Cyprianum
1117 3657 1155 3724 in
1204 3672 1300 3732 runt.
1351 3656 1457 3729 Unde
1470 3659 1661 3729 literatoris
1675 3658 1914 3729 ratiunculam
1926 3655 2161 3749 parvipendo.

170 3753 316 3846 epistola
339 3757 385 3824 ad
401 3747 632 3852 Pupienum,
659 3757 722 3831 lib.
736 3754 772 3831 4.
797 3758 1035 3851 epistolarum.
1086 3757 1156 3829 Le-
1309 3757 1369 3833 10.
1403 3756 1560 3852 Opinari
1581 3784 1639 3829 me
1662 3759 1802 3845 scribit,
1826 3784 1848 3828 a
1865 3751 2018 3829 Christo
2037 3752 2198 3850 Aposto-

170 3868 228 3946 εει
242 3854 420 3925 studiosus
435 3857 563 3943 lector,
586 3872 620 3928 et
634 3856 784 3949 iudicet,
809 3885 856 3929 an
871 3860 990 3930 locum
1006 3857 1156 3931 dubium
1204 3860 1260 3932 los
1279 3861 1388 3931 lectos
1409 3884 1501 3947 esse,
1527 3863 1586 3931 scd
1611 3886 1632 3931 a
1652 3853 1763 3931 Petro
1784 3860 1967 3931 ordinatos
1985 3854 2198 3951 Episcopus.

170 3956 380 4049 protulerim
396 3958 440 4027 de
456 3959 610 4050 primatu
626 3950 745 4043 Petri,
770 3986 852 4032 cum
871 3960 951 4031 aliis
965 3959 1053 4031 locis
1071 3985 1157 4033 con·
1204 3959 1283 4032 Hoc
1321 3963 1465 4033 enidius
1496 3963 1683 4056 proponit,
1719 3987 1826 4056 quam
1861 3985 1923 4052 ego
1954 3960 2198 4053 expresserim.

171 4057 410 4132 sordentibus.
477 4056 591 4131 lmmo
619 4060 818 4155 syngrapha
839 4058 1009 4133 Martini
1017 4056 1051 4158 .⁹)
1072 4086 1157 4154 pro-
1206 4060 1389 4135 Sententia
1405 4088 1486 4133 mea
1504 4064 1575 4134 fuit
1599 4064 1682 4150 ista,
1710 4088 1787 4134 non
1806 4062 2035 4133 meminime
2060 4060 2199 4153 legisse,

171 4158 270 4244 bavi,
292 4150 526 4256 Cyprianum
541 4184 582 4232 eo
594 4162 673 4232 loco
689 4164 855 4236 arbitrari
863 4162 1057 4235 Ecclesiam
1073 4164 1158 4234 lun·
1204 4164 1270 4234 ubi
1300 4160 1467 4257 Apostoli
1492 4164 1629 4235 suerint
1657 4166 1815 4237 ordinati
1842 4162 2028 4257 Episcopi3
2076 4176 2198 4235 umen

172 4260 290 4331 datam
303 4285 409 4353 super
423 4253 543 4333 Petro.
592 4262 664 4335 Sed
679 4258 764 4336 haec
779 4268 825 4338 ad
840 4266 985 4337 iudices.
1206 4266 1403 4337 communis
1426 4267 1600 4338 sententia
1627 4262 1750 4354 habet,
1784 4290 1843 4339 cos
1867 4267 2051 4337 ordinatos
2076 4265 2118 4334 in
2141 4289 2200 4337 sa-

272 4361 309 4436 6.
342 4360 522 4435 invidiose
546 4364 628 4435 satis
646 4366 752 4454 dicit,
777 4392 833 4438 me
848 4368 1019 4439 iactitasse
1034 4360 1158 4437 Bern·
1206 4369 1364 4437 eerdotes
1389 4369 1428 4436 in
1449 4392 1557 4438 coena
1580 4369 1784 4443 novissima.
1835 4367 1957 4457 Quare
1977 4388 2118 4458 possm
2139 4390 2200 4437 re·

174 4454 291 4531 hardi
318 4464 561 4536 auctoritatem
589 4468 638 4535 sd
658 4458 891 4562 Eugenium,
918 4470 1019 4540 cuius
1039 4482 1158 4539 tamen
1206 4470 1297 4540 serre
1310 4464 1628 4569 ordinationem&
1648 4460 1688 4541 in
1699 4466 1896 4564 Episcopus
1912 4470 1952 4538 in
1964 4459 2115 4538 Petrum
2138 4492 2200 4539 su·

174 4562 277 4633 tacite
298 4564 443 4655 derogat
463 4566 673 4643 auctoritati.
722 4569 809 4641 Plus
830 4594 893 4663 ego
914 4570 1026 4642 tribui
1042 4569 1108 4641 nni
1122 4567 1158 4639 S.

174 4650 418 4747 Bernhardo,
444 4692 551 4760 qnam
566 4660 746 4768 Philippo
768 4686 802 4742 et
821 4672 987 4743 omnibus
1008 4671 1083 4742 suis
1102 4694 1159 4739 as-

176 4766 286 4839 seclis.
336 4761 532 4843 SiBernh.
557 4780 599 4841 to
623 4770 717 4842 libro
744 4774 864 4867 aliqua
883 4773 971 4844 dixit
991 4796 1057 4867 pro
1079 4796 1160 4842 sen·
1258 4780 1301 4847 1⁰)
1320 4777 1349 4831 S·
1364 4777 1407 4844 s.]
1425 4778 1535 4834 tauers
1546 4798 1610 4853 vva·
1624 4777 1836 4849 mesquinus
1851 4775 2132 4847 ⁸t>iri¹¹¹¹¹¹⁸⁸²0¹¹¹¹⁸·
2169 4780 2200 4835 F·

176 4869 287 4939 tentia
296 4860 462 4953 Lami-i,
487 4870 737 4964 imputetsibi’
759 4900 910 4946 turno„
925 4874 1059 4947 appulit:
1083 4898 1160 4946 cer,
1259 4866 1303 4933 11)
1322 4863 1472 4963 Martinus]
1491 4864 1568 4919 tusa.
1582 4882 1662 4937 oppa
1679 4862 1822 4932 lutherus.
1856 4862 1891 4915 F.

1260 4947 1304 5016 12)
1319 4947 1482 5013 Martinam]
1499 4946 1672 5020 Lutlrtopp.=
1690 4945 1848 5001 Lutherum.
1886 4943 1917 4999 F.

1260 5030 1304 5100 13)
1320 5030 1454 5096 Martino]
1475 5028 1554 5084 Loth.
1568 5048 1645 5101 opp:
1664 5027 1790 5084 luthero.
1824 5027 1859 5081 F.

275 5124 426 5193 dilfintem]
451 5126 784 5201 1.ush,0pp,2d.fi„;2m‚
815 5130 853 5185 F,
1261 5115 1305 5179 14)
1325 5112 1420 5167 Const.
1441 5113 1578 5178 Concilio]
1604 5110 1684 5166 Lutls.
1711 5129 1790 5183 oppa
1819 5111 1849 5163 in
1870 5108 2072 5166 Coosuntieusi
2093 5110 2203 5169 Cend-

271 5195 464 5313 ffiblipabitur]
488 5195 566 5251 butt.
580 5214 645 5322 opp.
658 5199 701 5254 ed.
716 5200 788 5253 lema
830 5199 974 5257 ublicelur.
1008 5198 1041 5254 F.
1311 5181 1359 5237 ¹3⁰·
1395 5182 1430 5236 1⁴⁷·

228 5262 256 5331 8)
308 5268 408 5330 aruns]
425 5262 503 5319 tuit.
517 5282 597 5339 oppa
634 5268 740 5321 uthere.
809 5308 817 5325 .
1262 5268 1306 5337 15)
1322 5268 1364 5337 ut]
1383 5266 1463 5324 Lutlr.
1478 5284 1557 5341 oppa
1579 5266 1664 5339 quod.
1700 5267 1734 5322 F.

131 5342 202 5416 ι
228 5328 505 5491 pdfflxlplglsslss
517 5350 595 5471 ⁰923*
612 5334 733 5391 Ῑιῑῑῑῦθΐὶ·
768 5338 803 5392 F·
1264 5352 1539 5475 ¹⁶),⁰i,d,⁵¹¹⁸ii”‘¹”]
1568 5350 1679 5407 lutheri
1702 5368 1782 5425 oppa
1813 5348 2015 5406 ordinationem
2046 5348 2201 5421 Apostolo-
