4500 5782
108 176 231 297 nn
297 220 394 319 §.a
438 220 1297 313 nrsrrroorsnarsrornuou
1328 223 1949 349 usrrorrrsssnxrr.
2123 247 2146 298 1.

109 396 191 465 toria
219 392 376 466 Brenme
412 402 532 469 mense
559 397 639 473 lun.
666 393 777 469 1589.
846 397 1105 469 Praetermissis
1155 401 1339 493 epistolam
1361 398 1509 471 Peuceri
1540 400 1580 469 in
1608 401 1726 469 fronte
1747 399 1892 471 alterius
1913 397 2147 484 collectionis,

109 498 272 567 laudibus
283 496 571 591 Hardenbergii,
596 514 673 571 turn
690 501 761 568 iam
777 499 952 585 defuncti,
975 516 1010 571 et
1024 502 1105 571 Mc·
1153 526 1259 595 quam
1275 500 1410 603 librum
1424 499 1569 571 tertium
1585 501 1686 593 epist.
1702 499 1789 575 Mel.
1806 501 1998 593 inscripsit.

108 594 288 668 teuthonis
318 600 467 695 eiusque
495 602 744 693 epistolarum,
788 602 850 670 illa
874 615 1011 672 tantum
1034 599 1115 691 bue

108 701 343 771 transcribere
357 702 481 784 liceat,
507 728 598 797 qrrae
614 716 771 794 spectant
789 706 833 771 ad
852 699 1035 773 historiam
1060 706 1105 773 li-

106 803 169 872 bri.
224 800 365 872 Scribit
385 818 502 879 autem
526 803 698 875 Perelius:
730 799 898 885 „Mela
910 799 1104 875 ntleonrs

106 897 189 984 „nd
214 900 462 973 albertum
495 902 672 1001 epistolas
702 900 855 975 diversis
882 905 1104 1003 temporibus

105 1005 314 1101 „scriptas,
344 1030 424 1075 cum
446 1016 532 1077 ante
554 1003 691 1077 multos
706 1030 827 1075 annos
843 1006 956 1076 amici
968 1033 1102 1077 mecmn

105 1104 484 1190 „communicassent,
532 1131 579 1179 ea
610 1101 857 1205 autographis
890 1105 1103 1207 descriptas,

106 1202 303 1289 „honestis
323 1202 366 1279 de
387 1207 510 1279 causis
529 1206 673 1307 publici
691 1205 838 1279 tandem
864 1208 957 1280 iuris
975 1210 1104 1311 sacere

106 1307 255 1389 „visum
274 1318 348 1391 est,
378 1308 470 1408 quia
489 1319 520 1381 et
537 1305 693 1404 bocfine
717 1307 774 1381 ad
793 1334 848 1380 me
870 1310 1005 1382 missae
1026 1315 1102 1383 iam

107 1406 278 1507 „pridem
285 1410 460 1510 suerunt,
484 1420 522 1483 ut
537 1408 734 1495 ederentur,
760 1421 792 1483 et
809 1436 878 1507 ego
888 1438 951 1483 eas
966 1412 1104 1509 dignas

108 1536 274 1610 „semper
293 1508 477 1600 iudicari,
510 1538 604 1611 puae
629 1511 742 1584 lucem
762 1511 950 1611 publicam
972 1513 1044 1586 ads
1071 1516 1104 1586 i-

109 1624 271 1699 „cereat‚
303 1624 337 1685 et
369 1612 554 1686 lectionem
584 1608 720 1686 barum
749 1614 856 1687 bonr's
888 1626 920 1685 et
949 1641 1016 1688 can
1046 1615 1104 1689 ide

110 1711 389 1794 „iudicantibus
404 1716 530 1788 utilem
549 1725 580 1789 et
593 1743 742 1788 suarem
750 1716 838 1816 sore
852 1714 1026 1811 confido.''
1053 1761 1099 1775 -

1254 666 1382 738 Insunt
1412 691 1496 737 vero
1528 662 1624 736 libro
1646 663 1750 734 tertio
1782 662 1964 736 aPezelio
1996 666 2144 740 collecto

1072 803 1080 820 .
1154 770 1320 862 epistolae
1354 768 1446 855 198,
1487 770 1531 838 ad
1563 768 1760 861 principes,
1800 768 1957 854 nobiles,
1998 770 2144 855 aulicos,

1153 873 1355 967 episcopos,
1387 871 1572 965 variosque
1598 865 1760 938 homiues
1784 869 1939 939 illustres
1962 868 2062 943 illius
2080 862 2143 941 ¹se-

1154 975 1225 1044 culi
1249 988 1282 1044 et
1306 974 1437 1044 amicos
1459 967 1704 1042 Melantbunis
1724 972 1890 1064 scriptae,
1920 974 2143 1064 quarum'l9

1154 1077 1224 1145 iarn
1255 1076 1293 1144 in
1326 1073 1456 1145 Manlii
1482 1075 1659 1164 lanugine
1689 1076 1803 1143 editae
1834 1074 1986 1147 fuerrcnt.
2050 1072 2144 1147 Sunt

1153 1202 1236 1247 vero
1265 1176 1413 1268 scriptae
1448 1174 1494 1245 19
1518 1178 1562 1245 ad
1588 1170 1833 1265 Sclmeplrurn‚
1874 1175 1921 1245 18
1950 1178 1992 1244 ad
2020 1174 2144 1247 Vitam

1153 1275 1404 1364 Theodorum,
1443 1276 1487 1345 18
1512 1280 1558 1347 ad
1583 1277 1807 1346 Victorinum
1835 1275 2060 1366 Strigelinm,
2097 1280 2144 1349 12

1174 1380 1322 1473 dCasp.
1343 1376 1595 1468 Crneigerum,
1632 1378 1656 1447 9
1687 1380 1731 1447 ad
1763 1376 1812 1449 lo.
1836 1375 2006 1465 Hessum,
2048 1379 2071 1449 9
2098 1384 2144 1450 acl

1153 1483 1238 1554 lust.
1256 1481 1397 1566 Ionam,
1423 1483 1446 1552 8
1464 1483 1508 1550 ad
1522 1481 1624 1553 Paul.
1637 1477 1813 1560 Eberum,
1834 1480 1860 1549 6
1878 1483 1921 1549 ad
1934 1476 2145 1567 anberum,

1152 1582 1175 1655 5
1193 1581 1649 1656 add1nbr0s.lt10ilnnum
1668 1595 1731 1654 etc.
1791 1578 1948 1652 Omnem
1966 1579 2074 1655 huius
2098 1585 2144 1653 li-

1151 1687 1207 1756 bri
1222 1682 1405 1756 historiam
1428 1686 1590 1776 exposuit
1609 1682 1767 1752 Pczelius
1783 1686 1856 1777 ipse
1872 1687 1910 1753 in
1928 1686 2144 1776 praefatione

112 1857 154 1889 ‚.
175 1813 442 1916 „Quanquam
467 1843 547 1889 pm,
568 1843 642 1889 „on
664 1814 820 1919 ἅψῃ(
841 1815 939 1889 mihi
951 1820 1102 1920 suisset,
1152 1791 1197 1858 ad
1221 1766 1464 1858 Christianum
1488 1785 1690 1874 Principem
1717 1781 1975 1869 dobaltinum,
2015 1788 2049 1856 d.
2074 1786 2145 1858 Fa·

112 1916 332 2019 „pleraspue
346 1914 421 1990 bas
439 1917 615 2017 epistulas
637 1916 693 1990 acl
711 1917 877 2008 ordinem
895 1946 958 1991 seu
975 1923 1101 1993 seriem

113 2044 341 2102 „aureorunn
368 2020 503 2119 puibus
516 2022 673 2119 scriptae
686 2031 789 2104 sunt,
815 2021 1103 2095 accommodare:

114 2132 257 2200 „tamen
277 2121 373 2221 prtia
391 2133 423 2193 et
447 2122 608 2193 varietas
630 2124 869 2194 materiarum
890 2124 929 2195 in
952 2119 1021 2196 boc
1037 2152 1103 2221 ge-

114 2248 211 2301 „nere
226 2222 411 2295 librorum
427 2221 623 2295 iucundior
633 2249 706 2295 esse
718 2222 809 2295 solet
818 2278 828 2308 ,
855 2235 887 2296 et
904 2226 1030 2327 cuique
1044 2229 1102 2325 iu-

115 2320 270 2423 „dicium
301 2322 461 2396 liberum
491 2322 767 2425 relinquendum
798 2337 850 2398 est
879 2328 1106 2400 aestimandi

116 2422 177 2502 „de
212 2437 374 2524 ternpore
410 2427 565 2525 scraptae
603 2427 884 2527 uniuscuiusque
920 2430 1104 2528 epistolae,

115 2526 190 2603 „cui
200 2527 252 2599 ab
265 2523 426 2599 authore
438 2538 504 2600 aut
521 2555 710 2627 nunquam
725 2539 790 2600 acet
800 2554 887 2601 raro
900 2533 1103 2632 asscriptus

116 2639 182 2706 „est
198 2655 377 2701 numerus
393 2630 505 2701 anni:
541 2627 766 2701 retinendam
786 2656 866 2701 earn
885 2633 1012 2703 seriem
1030 2661 1102 2732 pu-

116 2733 226 2809 „aaa
263 2756 363 2831 quae
379 2743 457 2802 erat
474 2732 515 2802 in
538 2731 744 2830 exemplari
766 2729 893 2805 adme
914 2736 1028 2806 naisso
1054 2736 1102 2806 ab

117 2832 273 2905 numicis.
330 2831 367 2904 A
386 2834 521 2932 quibus
545 2859 624 2903 cum
649 2845 825 2932 expectem
847 2835 974 2933 plures
999 2836 1102 2907 alias

72 2975 77 2983 ·
116 2933 313 3032 „epistolas
336 2932 453 3006 Dom.
479 2930 670 3034 Pleilippi,
711 2962 870 3034 picarum
900 2937 1101 3010 selectiores

116 3036 321 3133 »peculiari
341 3062 452 3134 opera
475 3033 640 3135 deinceps
662 3034 831 3133 colligere
859 3035 1012 3111 decrevi:
1048 3042 1118 3128 ei-⁴

116 3162 213 3210 „sum
233 3148 288 3209 est
309 3164 408 3211 nunc
431 3138 480 3209 ab
499 3133 562 3209 leis
578 3136 633 3209 ad
642 3137 751 3209 Doet.
767 3138 849 3210 Alb.
864 3139 1100 3212 Hardenber-

116 3238 236 3332 agium
261 3238 399 3310 litteris
424 3236 562 3323 ordiri,
604 3251 641 3310 ut
670 3240 878 3313 institutum
902 3271 1019 3315 rnecem
1042 3245 1101 3314 in-

114 3351 327 3413 nnotesceret
355 3366 435 3411 cum
462 3340 572 3423 aliis,
602 3344 670 3440 pai
683 3342 786 3442 sorte
809 3344 931 3416 simile
953 3342 1106 3445 aliquid

59 3442 61 3447 ’
114 3440 294 3539 „aggredi
313 3442 354 3513 in
375 3444 506 3514 animo
529 3439 683 3526 babent,
709 3455 785 3515 tum
800 3440 959 3517 Clariss.
983 3448 1102 3546 inpri-

114 3546 203 3622 „mis
218 3542 274 3614 D.
293 3539 358 3615 Ca
370 3570 430 3643 sp.
448 3540 508 3616 Pe
516 3570 657 3615 acero.
677 3592 724 3605 -
742 3594 787 3606 -
837 3546 936 3619 Huic
952 3550 1102 3621 institu-

112 3656 206 3721 ‚·tunr
231 3642 340 3716 illud
356 3671 475 3717 meum
495 3645 551 3716 rel
568 3646 739 3744 probari,
774 3647 830 3718 rel
850 3645 922 3721 bac
940 3651 1022 3749 ipsa
1043 3678 1101 3723 oc.-

112 3749 282 3826 „casione
309 3748 470 3819 ercitari
489 3758 598 3846 atpue
618 3748 765 3846 impelli
781 3776 860 3821 eum
879 3744 984 3851 posse
1007 3765 1100 3853 opto,

111 3862 171 3927 „ut
205 3888 258 3907 -
294 3841 471 3947 epistolas
495 3846 840 3922 lllelantbonianas
876 3859 990 3952 (ascias
1024 3857 1101 3928 inre

110 3976 199 4029 „suo
221 3950 274 4021 ab
297 3951 429 4021 amicis
443 3950 634 4049 postulare
650 3962 680 4022 et
698 3953 913 4025 alletoritate
934 3982 1004 4027 scra
1030 3959 1100 4028 im-

110 4064 275 4149 „petrure
302 4052 428 4152 facile
452 4056 587 4150 potest)
617 4053 803 4137 collectus,
844 4082 922 4127 crena
950 4067 1101 4157 priorpr-

110 4152 279 4236 „linnoec
301 4164 355 4235 et,
385 4154 425 4225 si
438 4180 513 4254 pua
528 4154 667 4254 sutura
685 4167 752 4237 est,
777 4160 988 4256 posteritate
1006 4188 1101 4234 eorn-

110 4257 329 4333 „muniret”

203 4462 360 4553 Cognito
383 4459 453 4535 linc
476 4465 569 4534 libro
591 4458 788 4551 Peucerus,
813 4480 888 4537 tum
912 4466 1099 4540 Dessariae

111 4578 283 4649 versatus,
315 4565 494 4656 rescripsit
517 4564 656 4635 Perelio
680 4570 715 4638 d.
738 4567 773 4636 8.
790 4566 893 4641 febr.
914 4568 1029 4653 1590,
1062 4596 1099 4641 se

110 4670 149 4736 de
171 4667 249 4737 eins
270 4690 378 4757 opera
403 4666 561 4755 epistolis
577 4664 822 4739 Melanthonis
846 4688 971 4743 navata
997 4674 1099 4744 valde

111 4770 265 4857 gavisum
285 4791 377 4849 esse,
402 4769 437 4836 ei
458 4793 523 4861 pro
539 4785 699 4861 suscepto
716 4771 755 4839 in
771 4794 808 4840 se
822 4797 931 4844 onere
946 4801 1099 4871 curaque

110 4870 272 4941 editionis
303 4868 533 4959 epistolarum
554 4866 836 4963 Philippicarum
864 4878 1011 4964 gratiam
1034 4873 1099 4947 ha-

71 4974 79 4995 ¹
110 4973 205 5053 bere,
230 4971 411 5062 simulque
427 4986 568 5061 optare,
593 4986 633 5041 ut
648 4997 728 5041 earm
747 4975 815 5051 riri
831 4977 935 5062 boui,
961 4979 988 5047 si
1011 4981 1096 5073 quid

112 5075 232 5142 talium
248 5071 463 5164 scriptorum
478 5074 571 5141 inter
593 5068 759 5166 κειμήλια
783 5074 845 5148 sua
867 5075 1021 5155 habeant
1041 5107 1098 5150 re-

111 5176 236 5265 posita,
267 5177 312 5243 ad
332 5168 431 5244 ltnnc
452 5174 611 5244 laborem
634 5177 888 5266 perficiendum
911 5181 1099 5268 instruant,

112 5300 214 5369 mum
226 5277 464 5367 ipseomnem
480 5275 728 5365 cogitationem
749 5280 794 5348 cle
816 5278 1025 5373 colligendis
1043 5310 1098 5355 re-

116 5376 214 5471 liquis
230 5376 390 5470 epistolis
404 5377 586 5455 abiecerit.
600 5420 650 5437 -
692 5376 819 5457 Edidit
833 5381 992 5457 Perelius
1005 5382 1098 5463 banc

160 5484 335 5549 dlererrr.
350 5482 458 5549 Onu.
485 5481 567 5547 vor.
582 5482 608 5550 Ι.

1165 5226 1169 5231 -
1199 5210 1267 5305 pue
1282 5209 1325 5255 ne
1339 5183 1439 5281 typis
1454 5177 1599 5283 paridem
1620 5180 1783 5276 imprinu
1804 5207 1876 5277 aar,

1192 5283 1316 5368 l'urn,
1340 5310 1436 5384 quae
1455 5310 1568 5355 manu
1587 5282 1744 5380 scripta,
1767 5279 1910 5361 necdu..

1152 1891 1270 1959 birani
1291 1889 1470 1961 Saxonum
1495 1886 1535 1981 (i.
1556 1913 1584 1958 e.
1607 1885 1772 1984 Bremae)
1792 1886 1827 1958 5.
1848 1887 1973 1958 Martii
1997 1886 2145 1983 (1590),

1151 1987 1245 2061 bisce
1261 1993 1378 2061 verbis
1393 1990 1493 2059 usus:

1253 2176 1275 2207 ι,
1284 2118 1450 2198 Dederat
1469 2131 1608 2199 aretem,
1630 2117 1747 2218 paulo
1766 2129 1851 2189 ante
1868 2118 2006 2191 tristem
2023 2147 2066 2194 ac
2085 2120 2144 2194 lu-

1199 2221 1360 2320 gendam
1384 2221 1494 2293 illam
1517 2217 1800 2293 Academiarum
1825 2220 1864 2292 in
1887 2218 2042 2293 Misnia
2065 2221 2144 2294 disa

1202 2326 1440 2425 sipationcm,
1470 2319 1717 2396 Clarissimus
1738 2320 1793 2393 D.
1824 2318 2050 2395 Peueerus
2081 2351 2145 2397 ne-

1201 2429 1360 2523 gotium,
1386 2425 1614 2497 Doctissimo
1636 2423 1731 2499 Viro
1747 2421 1810 2495 M.
1840 2426 1895 2499 Vl
1898 2423 1932 2497 'o
1942 2425 1959 2495 l
1955 2427 2045 2526 fga
2057 2453 2080 2497 n
2088 2455 2144 2523 gn

1203 2526 1238 2601 C
1246 2528 1387 2601 rellio
1407 2554 1539 2623 genero
1558 2552 1645 2609 meo,
1668 2525 1769 2598 tertii
1780 2547 1924 2626 'meoque
1943 2526 2146 2629 libriEpi-
2187 2526 2190 2531 ’

1202 2630 1383 2702 stolarum
1401 2627 1785 2728 Philippicarum
1803 2626 2019 2724 colligendi:
2044 2628 2145 2731 Sup-

1200 2730 1376 2833 peditatis
1408 2731 1497 2829 ipsi,
1536 2726 1970 2830 parlimautogrupbis,
2004 2733 2144 2832 partim

1187 2830 1444 2933 ,antigraphis
1493 2833 1684 2904 literarum
1736 2830 2143 2919 Melanctbonis,

1203 2964 1298 3036 paras
1328 2961 1374 3008 en·
1401 2934 1554 3006 dirersis
1583 2934 1673 3005 locis
1700 2933 1790 3006 Viri
1814 2932 1912 3005 docti
1939 2933 2145 3009 liberaliter

1204 3066 1282 3111 carn
1298 3036 1352 3109 D.
1373 3034 1460 3108 Peu
1471 3063 1585 3118 cero,
1620 3037 1660 3107 in
1675 3032 1773 3108 barac
1790 3063 1918 3115 restem,
1945 3049 1983 3108 ut
2000 3036 2145 3113 ederen-

1202 3152 1280 3230 tur,
1305 3138 1685 3211 comacendarerana'*

1253 3239 1362 3325 „Sed
1387 3268 1465 3312 cum
1492 3267 1637 3339 operam
1664 3235 1762 3311 barac
1786 3240 1957 3338 publicae
1987 3240 2148 3315 utilitati
2227 3238 2234 3243 ’

1203 3344 1268 3416 ille
1284 3368 1421 3414 narare
1438 3344 1623 3441 coepisset,
1649 3340 1777 3413 incidit
1795 3336 1906 3441 (prob
1923 3338 2067 3435 dolort)
2084 3371 2146 3431 ca-

1204 3446 1357 3519 lamitas
1372 3445 1445 3516 illa
1454 3443 1599 3545 fatalis
1619 3440 1932 3516 Academiarunr.”

1253 3545 1596 3631 „Ea-calamitate,
1624 3557 1700 3617 tum
1718 3543 1825 3629 baec,
1852 3558 1928 3619 tum
1942 3547 2144 3649 aliaeope·

1205 3667 1265 3721 'rae
1280 3661 1462 3748 susceptae
1474 3659 1622 3748 propter
1638 3648 1826 3747 publicam
1843 3649 2058 3733 utilitatem,
2084 3652 2146 3723 in-

1203 3762 1385 3851 terruptae
1403 3762 1512 3850 atpue
1527 3748 1722 3849 impeditae
1729 3751 1906 3850 scierunt:
1935 3749 2144 3825 Academiis

1204 3854 1351 3926 dcecrbus
1378 3852 1539 3924 onmium
1562 3851 1841 3953 florentissinn's
1872 3853 1912 3925 in
1936 3849 2142 3942 Germania

1203 3955 1363 4027 clesiectis
1378 3982 1422 4026 nc
1438 3951 1675 4026 disturbatis:
1708 3953 1761 4024 Et
1781 3953 1888 4029 Viris
1909 3951 2025 4027 doctis
2045 3958 2144 4031 mal-

1201 4059 1268 4140 tis,
1295 4053 1551 4152 acheologis
1569 4056 1759 4155 inprimis,
1786 4057 1825 4126 in
1840 4055 1995 4129 exilium
2009 4057 2143 4156 pulsis,

1203 4160 1416 4231 incitatione
1433 4155 1665 4258 perorandum
1685 4155 1731 4229 ea*
1748 4153 1918 4229 bostibus
1937 4171 2047 4260 atque
2067 4162 2143 4235 ini·

1202 4262 1307 4334 mieis
1325 4258 1949 4361 l’bilippilll'elanctbonis‚
1977 4259 2141 4347 decuius

1202 4362 1383 4437 demortui
1406 4364 1521 4461 capite
1542 4374 1574 4434 et
1597 4361 1783 4447 doctrina,
1817 4372 1922 4433 tanto
1948 4363 2024 4435 iarn
2053 4376 2141 4437 tern-

1198 4494 1283 4565 pore
1297 4467 1346 4538 ab
1363 4466 1535 4565 inspicietis
1550 4476 1581 4535 et
1598 4460 1815 4566 turbulentis
1831 4465 1914 4536 istis
1930 4461 2143 4540 bominibus

1198 4569 1429 4668 potissimum
1445 4569 1601 4662 agitur.'''

1251 4669 1350 4755 „Ex
1377 4670 1509 4769 peribus
1538 4680 1645 4740 tanta
1672 4666 1884 4767 crlr'puorum
1917 4670 2025 4768 ὕβρις
2040 4676 2077 4782 g(
2135 4734 2137 4738 ,

1200 4785 1376 4875 tantaque
1398 4769 1478 4844 odii
1502 4771 1701 4855 acerbitas,
1737 4781 1776 4840 ut
1799 4769 1893 4884 acite.
1919 4766 2042 4881 ,prpi
2075 4779 2105 4851 ὁ

1199 4877 1323 4975 lippi
1344 4886 1494 4947 aeterna
1520 4872 1701 4945 oblivione
1716 4860 1846 4965 oar-pt
1869 4850 1989 4966 ,pl'ptl

1200 4978 1306 5078 lipua
1324 4980 1400 5050 eius
1413 4977 1551 5075 scripta
1568 4976 1644 5047 iam
1660 4976 1792 5058 created
1817 4946 1952 5085 giloni
1996 5070 1999 5075 .

1169 5114 1172 5119 ·
1197 5082 1371 5153 monibus
1395 5076 1606 5151 dissentirem
1629 5061 1762 5175 eripere
1774 5057 1976 5149 ffel-rum
1994 5080 2012 5103 ‘⁴

1779 5180 1786 5195 ·
1835 5136 2035 5206 'llectaneis
2050 5150 2134 5209 hal·

1882 5232 1988 5307 honis
2003 5240 2134 5333 episto-

1199 5398 1253 5459 ter
1268 5384 1421 5461 cleartas
1437 5384 1660 5459 eruditorum
1684 5382 1871 5456 restabant
1882 5355 1979 5538 :¹⁰23
1998 5345 2136 5514 ‘mgr

1269 5488 1328 5588 (a)
