4500 5782
125 160 225 291 iusi

127 484 239 564 1529.

133 626 148 633 ·*
443 587 483 662 (t.
499 587 537 679 ῧ.
555 584 601 661 D.

694 643 697 650 Ι
739 684 958 780 uoteabtoige

633 786 813 862 Martinus
827 785 973 862 Luther.

634 887 823 986 Philippus
838 882 1110 962 Melanchthon.

902 1270 905 1277 ·
952 1230 1008 1294 16.
1026 1224 1085 1288 Iul.

931 1315 1102 1346 Μ

347 1386 597 1478 ,Studiosis
617 1378 862 1473 ‘literarum
932 1453 935 1459 .

128 1225 199 1298 No.
215 1228 302 1300 622.

124 1321 297 1351 Μ

189 1607 265 1679 ’1111
282 1606 435 1679 apographo
455 1606 483 1666 in
499 1605 567 1662 cod.
589 1603 700 1667 Monac.
725 1602 769 1658 90.
793 1598 845 1654 No.
859 1598 921 1653 Vll.
944 1617 971 1670 p.
984 1597 1046 1655 ³98.
1073 1632 1109 1649 .-

170 1717 173 1720 -
221 1675 359 1744 Pertinet,
376 1683 499 1746 utputo,
519 1673 552 1726 ad
567 1690 632 1726 sno.
652 1671 743 1739 1529,
761 1687 816 1740 quo
830 1667 931 1740 prodiit
944 1668 1034 1723 denuo
1049 1668 1107 1722 dia-

221 1744 316 1799 lectica
337 1742 530 1797 Melantbonis.
580 1740 660 1793 illum
682 1758 746 1792 vero
766 1737 861 1792 codem
879 1754 951 1791 suno
969 1755 1108 1791 enarrasse

222 1812 374 1866 orationem
394 1809 536 1866 Ciceronis
561 1828 611 1877 pro
630 1809 762 1878 Murena,
790 1804 920 1860 discimus
945 1823 975 1856 er
994 1804 1105 1860 Riccio:

224 1882 253 1934 ln
281 1877 436 1934 selectiores
454 1880 494 1932 Μ.
516 1876 550 1931 Τ.
571 1875 712 1931 Ciceronis
739 1873 877 1929 orationes
902 1872 1019 1944 Philippi
1040 1873 1108 1931 Mel.

216 1950 408 2002 enarrationes
429 1948 472 2002 ed.
493 1964 541 2018 per
561 1945 601 2001 St.
621 1942 762 2016 Riccium,
793 1941 828 1994 Τ.
844 1942 866 1996 l.
895 1960 922 2014 p.
937 1936 996 1995 160.
1024 1942 1107 2014 (Lips.

225 2017 302 2070 1568.
320 2016 357 2082 d.)

116 2185 380 2287 Philippus
420 2183 703 2260 Melanthos
750 2186 790 2257 in
830 2181 1106 2282 praelectionem

343 2290 568 2378 dialectices,
603 2287 661 2361 die
690 2287 747 2361 15.
771 2285 879 2362 lotii.

117 2423 205 2514 Deo
234 2444 377 2513 iuvante
405 2438 512 2512 hodie
536 2465 658 2511 rursus
680 2437 856 2510 inchoabo
879 2437 1107 2524 Dialecticen,

117 2546 200 2638 quia
219 2561 363 2638 propter
377 2557 532 2613 recentes
547 2543 725 2612 auditores
745 2555 778 2611 et
794 2541 951 2610 iuniores
967 2541 1105 2609 assidue

116 2650 308 2737 repetenda
330 2658 390 2717 est.
442 2644 674 2715 Decreveram
698 2658 815 2714 autem
839 2643 987 2711 alterum
1011 2641 1105 2710 diem

116 2745 247 2819 harum
267 2745 542 2839 praelectionum
566 2745 723 2814 tribuere
745 2767 877 2834 organo
894 2737 1105 2827 Aristotelis,

115 2851 224 2943 idque
247 2850 374 2918 faciam
397 2848 601 2940 aliquando.
666 2843 771 2914 Nunc
794 2869 874 2913 cum
901 2840 1012 2915 allata'
1034 2845 1105 2912 sint

116 2951 274 3042 exempla
289 2950 461 3019 orationis
482 2971 547 3039 pro
564 2946 717 3016 Murena
735 2959 768 3016 et
791 2969 811 3014 a
829 2944 952 3016 multis
977 2957 1103 3039 empta

114 3066 150 3121 et
165 3051 385 3123 familiariter
399 3064 519 3119 notam
537 3071 609 3116 esse
628 3046 911 3117 adolescentibus
932 3047 1020 3116 utile
1043 3059 1106 3130 est,

114 3177 192 3222 cras
214 3176 377 3221 enarrare
399 3175 474 3218 earn
496 3148 671 3243 incipiam.
723 3145 846 3217 Postea
875 3161 1012 3240 tempus
1038 3146 1104 3216 ali-

114 3257 203 3348 quid
230 3253 369 3323 consilii
398 3252 538 3336 afferet,
572 3265 612 3320 ut
634 3251 673 3317 iu
696 3249 806 3317 veteri
831 3272 934 3318 vorsu
956 3248 1102 3318 dicitur:

113 3348 329 3450 σύμβουλος
342 3346 462 3433 οὐδεὶς
476 3347 553 3421 ἐστὶ
566 3345 725 3444 βελτίων
740 3342 891 3442 χρόνον.
943 3344 1020 3419 Oro
1039 3374 1103 3419 au-

113 3457 315 3546 temfilium
333 3451 418 3538 Dei,
443 3445 556 3550 tdyou
572 3447 698 3523 ἀϊδίου
712 3445 867 3546 πατρὸς,
892 3463 933 3521 ut
947 3455 1026 3523 τῶν
1042 3443 1102 3521 λό-

112 3582 198 3656 γων
214 3556 308 3628 θεοῦ
328 3554 445 3625 studia
465 3567 575 3642 regat.

943 3844 1078 3964 sam.

927 3984 1099 4018 W

427 4059 611 4145 Eobono
637 4056 791 4142 Hesso.
903 4086 911 4093 ·

120 3890 188 3965 No.
203 3893 290 3964 623.

119 3988 291 4020 Μ

180 4258 260 4314 Edita
273 4259 306 4312 sb
323 4256 391 4312 Eob.
403 4255 490 4310 Hesso
502 4253 532 4309 iu
544 4249 656 4308 libellos
681 4249 829 4321 „Psslmus
841 4251 954 4306 cxvttt
967 4270 998 4306 er
1017 4253 1101 4326 ipsius

216 4328 257 4386 Μ.
277 4325 385 4387 botheri
408 4322 535 4378 scholiiss
565 4330 702 4394 praeterea
720 4318 784 4373 xvt
808 4319 854 4373 alii
872 4319 956 4375 latino
980 4325 1102 4378 carmine

213 4396 311 4451 redditi
326 4414 373 4467 per
384 4391 494 4447 Helium
505 4390 645 4453 Eobaoum
660 4387 782 4442 Hessum.
820 4387 947 4443 Eiusdem
960 4391 993 4443 de
1007 4390 1100 4447 fructu

214 4461 520 4518 lectionisPsslmorum
533 4457 632 4527 Elegia.
656 4455 778 4526 Epistola
790 4456 958 4513 M.1.utheri,
981 4458 1003 4511 E
1023 4461 1101 4515 {31012

140 4570 145 4580 ·
213 4529 505 4586 Pumetsnehihoois.
530 4523 740 4595 taeobiMieytti
774 4524 848 4578 salmi
866 4528 930 4579 duo.
965 4479 1100 4583 Ebchola

213 4601 325 4668 Norica,
344 4617 437 4651 mense
450 4595 597 4650 Februario
610 4592 650 4645 M.
658 4592 692 4644 D.
700 4544 802 4673 Xth'
819 4594 924 4665 (plagg.
937 4595 962 4650 4.
982 4596 1011 4649 in
1023 4598 1098 4664 8vo.)

213 4698 248 4712 -
273 4666 427 4736 (Descripta
447 4685 461 4719 s
484 4663 605 4731 Lunam,
635 4678 698 4713 cum
725 4660 843 4714 editione
867 4663 924 4735 ipsa
951 4663 1052 4720 collata
1073 4676 1101 4720 et

214 4736 354 4791 emendata
370 4753 385 4787 s
400 4731 638 4798 Foerstemanuo.)
932 4741 935 4746 ·

108 4878 727 4991 PhilippusMelonchtlson
748 4881 1100 4987 EobanoHesso
1150 4925 1159 4943 ·

586 4984 626 5059 S.

105 5115 268 5206 Mirifice
291 5126 425 5220 placuit
443 5122 605 5193 Psalmus
626 5133 709 5191 tuus
731 5145 846 5213 nuper
868 5117 938 5192 huc
960 5124 1098 5212 missus,

696 207 1133 288 EPISTOLARUM
1184 205 1302 287 LIB.¹
1328 209 1392 288 IV.
1445 204 1579 288 1629.

120 384 162 472 8.
193 383 240 459 D.
271 383 423 479 ttegieces
457 390 521 458 unt
550 386 659 459 teitu.
719 383 831 458 torro.
891 329 994 457 viu.
1027 378 1119 500 Iulii⁴

2052 208 2151 308 tete

1162 379 1268 465 bus,
1291 381 1590 472 legunt'studiosi
1621 376 1780 460 01111111.Ι
1827 385 1964 458 Scitum
1993 401 2063 472 est,
2096 373 2150 458 ds

1161 482 1277 550 alieno
1292 484 1440 572 gratiam
1457 486 1560 561 inire.
1612 484 1654 555 Id
1671 480 2040 583 quoque'consequor,
2055 512 2148 559 -cum

1160 580 1232 650 illis
1250 585 1384 675 copiam
1403 587 1493 656 facio
1512 589 1565 659 tui
1582 589 1762 679 poematis.
1812 585 1902 659 Nam
1928 587 2019 659 mihi
2040 589 2146 660 etiam

1160 683 1287 753 debere
1309 710 1345 754 se
1367 690 1570 777 praedicant
1597 689 1789 759 liberaliter
1816 691 2033 782 impartienti
2062 689 2147 783 ipsis

1160 786 1246 854 tales
1283 786 1436 858 delicias.
1511 787 1588 881 Ego
1623 816 1707 861 vero
1741 792 1967 884 cupidissime
1997 793 2148 878 ostendo

1160 879 1367 967 huiusmodi
1389 890 1535 982 scripta,
1567 906 1608 962 ut
1628 895 1673 961 ad
1695 889 1780 962 haec
1803 893 1919 964 studia
1943 893 2090 964 colenda
2112 906 2149 962 et
2219 942 2225 959 .

1159 989 1204 1056 ad
1218 986 1450 1060 imitationem
1465 994 1589 1063 talium
1606 989 1845 1085 exemplorum
1860 996 1999 1089 aliquos
2022 1018 2146 1066 accen-

1158 1089 1251 1162 dam.
1302 1088 1440 1160 Eodem
1454 1096 1602 1164 consilio
1619 1120 1739 1164 versus
1763 1095 1942 1166 interdum
1964 1097 2038 1187 ipse
2059 1097 2147 1166 scri-

1158 1190 1224 1274 bo,
1249 1184 1317 1261 hoc
1331 1205 1383 1262 est
1397 1190 1482 1275 ὄνος
1496 1191 1698 1291 ardealio,
1722 1211 1762 1266 ut
1774 1195 1901 1267 Graeci
1917 1199 2058 1282 dicunt3
2081 1198 2144 1266 sed

1159 1291 1262 1383 cupio
1279 1295 1426 1364 excitare
1441 1296 1676 1383 iuventutem,
1702 1320 1747 1366 ne
1765 1294 1833 1367 hoc
1851 1322 1961 1388 genus
1977 1300 2146 1369 exercita·

1158 1392 1265 1460 tionis
1278 1393 1500 1470 intermittat.
1552 1398 1718 1489 Magnam
1736 1401 1831 1467 enim
1849 1401 1921 1470 vim
1937 1401 2146 1495 qualiacun-

1159 1518 1226 1586 que
1244 1498 1402 1588 exempla
1418 1523 1492 1568 non
1509 1514 1647 1572 tantum
1661 1503 1700 1569 in
1714 1495 1780 1571 hac
1800 1525 1839 1568 re
1859 1496 2002 1572 habent.
2028 1496 2031 1501 ’
2052 1501 2145 1572 Nam

1158 1608 1192 1663 et
1213 1592 1390 1669 Hesiodus
1415 1599 1548 1693 inquit,
1581 1603 1717 1671 vicinos
1740 1603 1939 1672 vicinorum
1962 1603 2145 1693 diligentia

1158 1696 1312 1770 excitari.
1364 1698 1483 1788 Quare
1503 1726 1666 1792 magnam
1684 1700 1751 1772 tibi
1773 1705 1920 1792 gratiam
1942 1701 2055 1775 habeo
2080 1728 2144 1795 pro

1157 1797 1262 1866 misso
1286 1797 1437 1876 P'salmo.
1496 1801 1611 1894 Digna
1637 1807 1742 1895 plane
1768 1805 1889 1875 divina
1917 1806 1977 1875 illa
2003 1807 2056 1874 vis
2087 1807 2144 1873 in·
2228 1850 2233 1857 =

1157 1900 1252 1986 genii
1268 1901 1320 1999 tui
1335 1915 1397 1986 est,
1414 1928 1508 1997 ⁴quae
1524 1918 1682 1975 versetur
1698 1907 1956 1994 ingratissimo
1972 1903 2144 1998 propheta

1157 1999 1380 2072 illustrando.
1457 2005 1530 2075 Nos
1566 2031 1681 2097 nuper
1712 2022 1891 2100 utcunque
1923 2009 2144 2077 reddidimus

1156 2099 1352 2172 Psalmum:
1379 2103 1476 2176 Deus
1491 2098 1584 2179 stetit
1599 2108 1638 2176 in
1651 2131 1824 2202 synagoga
1835 2111 2003 2182 Deorum.
2037 2107 2143 2178 Hunc

1157 2198 1395 2295 typographus
1416 2206 1628 2278 Dialecticae
1658 2233 1754 2278 meae
1787 2234 1901 2300 nuper
1937 2207 1994 2280 hic
2031 2211 2144 2279 editae

1049 2360 1052 2364 .
1157 2304 1313 2388 addidit,
1350 2331 1430 2377 euni
1456 2310 1599 2403 quidem
1618 2335 1694 2379 non
1717 2324 1804 2379 esset
1827 2311 1866 2379 in
1891 2308 1957 2382 hoc
1983 2313 2144 2402 scriptus,

1155 2417 1202 2475 ut
1218 2406 1467 2496 publicaretur.
1534 2411 1593 2482 Tu
1616 2413 1646 2479 si
1668 2413 1810 2503 quando
1837 2413 1875 2480 in
1902 2413 2004 2484 illum
2029 2413 2144 2483 obiter

1156 2506 1307 2593 incides,
1340 2512 1481 2580 veniam
1502 2514 1603 2582 dabis
1618 2508 1705 2580 mihi
1732 2536 1858 2604 parum
1874 2530 2030 2586 assecuto
2046 2515 2143 2606 quod

1156 2622 1302 2677 conatus
1324 2634 1414 2684 sum.
1479 2610 1579 2686 Nihil
1601 2627 1740 2707 praeter
1764 2615 1920 2684 studium
1946 2621 1987 2684 iu
2008 2611 2077 2684 hac
2103 2639 2146 2684 re

1155 2711 1299 2799 probari
1321 2713 1480 2802 postulo,
1511 2740 1628 2810 neque
1651 2717 1746 2784 enim
1769 2715 1895 2805 ignoro
1919 2717 2144 2787 imbecillita-

1156 2823 1225 2879 tem
1247 2812 1377 2881 virium
1398 2838 1574 2902 mearum,
1607 2840 1697 2909 quae
1716 2815 1820 2906 longe
1844 2818 1972 2888 absunt
1999 2820 2043 2888 ab
2066 2818 2159 2902 illo,

1155 2912 1212 2978 'cui
1227 2907 1401 2983 honorem
1417 2918 1573 2987 nominis
1595 2917 1725 3009 poetici
1747 2915 1859 2988 tribui
1882 2919 2051 3011 permittit
2065 2917 2143 2988 Ho-

1154 3012 1281 3099 ratius3
1317 3016 1377 3083 sed
1406 3018 1541 3090 desino.
1615 3013 1806 3109 Opto,'ut
1830 3019 2031 3090 felicissime
2060 3044 2142 3089 cum
2181 3077 2184 3082 .

1154 3125 1225 3183 tota
1248 3115 1381 3184 familia
1402 3119 1529 3192 valeas.
1591 3117 1867 3210 Vuittenbergae
1891 3122 2009 3214 pridie
2030 3121 2068 3193 S.
2085 3118 2143 3190 la-

1154 3214 1243 3287 cobi.
1271 3213 1517 3291 M.D.XXIX.

1157 3561 1342 3686 Nossa.
1985 3582 2044 3701 „g
2059 3627 2121 3694 1„
2181 3613 2184 3617 ·

1427 3798 1574 3885 Ioaca.
1607 3797 1865 3892 Camerario.

1218 3988 1305 4062 Epist.
1320 3990 1354 4045 ad
1368 3990 1505 4049 Camerar.
1522 4011 1550 4065 p.
1562 3993 1622 4052 127.

1150 4159 1397 4239 Iooclcs‘mo
1435 4156 1712 4247 Camerario
1749 4169 1982 4274 Norc'bergae
2022 4180 2141 4254 amico

1559 4295 1723 4357 summo,

1150 4398 1192 4489 S.
1216 4417 1263 4490 D.
1314 4414 1576 4509 Occupationes
1591 4424 1829 4515 quotidianae,
1849 4453 2000 4522 quarum
2012 4458 2140 4527 magna
2184 4502 2186 4506 .

1151 4534 1204 4591 ost
1226 4521 1395 4604 varietas,
1433 4523 1614 4594 abducunt
1637 4527 1797 4596 animum
1823 4553 1942 4601 meum
1971 4534 2140 4609 nonnihil

1150 4645 1169 4691 a
1187 4635 1376 4712 conspectu
1398 4646 1519 4693 earum
1538 4647 1674 4711 rerum,
1699 4652 1789 4720 quae
1809 4654 1869 4700 me
1890 4637 2097 4708 redeuntem
2120 4665 2139 4711 e

1150 4724 1303 4794 comitiis
1358 4735 1540 4815 tantopere
1587 4729 1784 4816 angebant.-
1854 4731 1977 4828 Itaque
2025 4741 2140 4826 dolor,

1149 4826 1286 4895 tametsi
1302 4824 1406 4894 eximi
1422 4826 1520 4895 nulla
1536 4827 1572 4894 vi
1588 4822 1742 4902 humana
1763 4827 1854 4902 mihi
1868 4836 1995 4926 possit,
2020 4853 2140 4912 mmen

1148 4928 1329 4995 interdum
1357 4939 1408 4994 est
1432 4922 1610 5014 hebetior,
1645 4956 1751 5025 quam
1779 4935 1857 5008 suit.
1921 4934 1970 5007 Et
1991 4964 2030 5010 ea
2055 4962 2139 5017 sunt

1149 5041 1335 5098 consecuta
1363 5028 1511 5114 alicubi,
1554 5044 1595 5100 ut
1625 5036 1825 5104 meminus
1856 5039 2034 5130 poeniteat
2062 5043 2138 5117 non

1147 5128 1420 5222 fuisseprorsus
1442 5123 1646 5227 ὁμόψηφον
1669 5131 1834 5222 ἐκείνοις,
1875 5141 1938 5231 qui
1967 5143 2137 5219 dicuntur

107 5261 186 5307 non.
202 5246 340 5305 tantum
360 5220 467 5309 milti,
493 5226 554 5303 sed
571 5237 604 5294 et
619 5215 810 5327 Lutltero,
831 5219 967 5310 Ionae,
993 5227 1097 5332 deni·
1146 5244 1305 5302 auctores
1330 5255 1403 5318 esse
1434 5233 1519 5301 eius.
1541 5237 1724 5312 tumultus.
1790 5237 1960 5331 intelligo
1988 5248 2136 5318 consilia

108 5361 178 5433 que
195 5335 366 5405 universo
384 5324 547 5398 sodalitio
569 5338 702 5400 nostro.
754 5324 898 5417 Habent
920 5327 960 5397 in
979 5330 1095 5417 mani-
1146 5333 1265 5404 omnia
1287 5334 1435 5406 istorum
1457 5359 1499 5406 eo
1522 5350 1709 5428 spectasse,
1749 5354 1823 5411 tum
1846 5356 1887 5416 ut
1908 5369 1974 5415 nos
1996 5350 2041 5419 ab
2066 5345 2134 5435 his,
