4500 5782
89 213 179 314 aar
643 200 1094 299 ,aristomenon
1140 202 1246 277 sla.
1283 202 1346 280 ιν.
1372 272 1378 282 ,
1401 188 1533 279 asan
2004 202 2107 283 rasa
2164 274 2169 279 ,

95 436 101 449 ·
117 393 224 460 -Testis
237 394 335 454 adhuc
349 401 445 450 exstat
459 385 642 450 miserandae
654 382 790 443 Francia
807 384 909 462 cladis,

95 556 101 571 ,
176 496 257 583 Ῑοῐι
271 494 460 556 cadaveribus
475 487 609 573 squalida
623 486 702 547 iacta
718 489 804 564 suis,

124 597 254 683 lpsaque
267 597 416 659 fertilibus
432 588 549 652 laudata
565 588 691 648 Alsotiu
711 592 834 670 campis,

178 699 267 780 Quae
280 700 340 759 tuit
354 700 387 756 in
401 698 505 756 multis
522 692 611 755 caede
626 701 747 751 cruenta
762 693 848 751 locis.

125 800 173 864 At
185 825 253 884 pars
270 805 332 861 ulla
344 818 412 858 meo
429 819 467 857 ne
481 800 576 878 possit
591 795 692 854 abesse
707 792 817 867 dolori,

180 902 308 985 Insuper
322 915 445 963 externo
460 919 540 961 nunc
556 908 584 956 et
598 897 633 954 ab
650 895 737 954 hoste
749 905 844 974 petor.

93 1048 110 1055 -·
129 1004 230 1081 'surra
242 1007 331 1067 ferox
344 1014 459 1064 nostras
473 998 649 1062 descendere
662 996 756 1056 fertur
770 995 804 1055 in
822 1014 898 1067 oras,

181 1107 317 1170 Alterius
332 1107 420 1165 nobis
434 1107 524 1163 altera
538 1120 625 1161 causa
643 1100 726 1157 mali.

130 1207 251 1273 Infestis
266 1213 320 1292 qui
331 1229 400 1268 cum
411 1219 457 1266 tot
471 1224 562 1284 regua
576 1203 725 1280 subegerit
738 1201 838 1273 annis,

181 1312 272 1376 Posse
287 1330 344 1391 ¹sno
358 1320 521 1390 speratsne
538 1324 660 1387 quoque
676 1298 772 1363 Marte
790 1301 867 1380 capi.

129 1413 168 1478 Si
187 1435 245 1498 qua
262 1411 387 1494 proinde
404 1429 486 1469 rneae
500 1418 632 1467 remanet
646 1405 704 1463 tibi
717 1423 787 1462 eura
801 1403 915 1476 salutis,

101 1528 105 1539 '
183 1504 328 1593 Adibrin
344 1513 472 1573 adversis
485 1511 533 1571 his
548 1508 625 1567 mihi
638 1507 727 1564 rebus
742 1524 849 1585 opem:

120 1618 198 1698 ¹Ne,
215 1624 304 1680 toties
320 1618 497 1695 clarisquae
512 1632 580 1671 snm
594 1612 677 1689 prius
693 1618 778 1665 aucta
793 1603 965 1683 triumphis,

154 1754 158 1789 ς
184 1720 330 1787 Hostibus
346 1717 405 1777 hoc
415 1720 488 1774 ham
503 1726 638 1793 tempore
653 1708 760 1789 praeda
774 1710 858 1767 meis.

89 1870 91 1875 ·
133 1823 214 1893 Nem
227 1825 283 1885 tibi
300 1827 326 1882 si
341 1839 441 1879 rerum
455 1828 526 1877 sunt
542 1816 660 1892 cognita
678 1822 758 1890 gesta
773 1829 917 1881 mearum,
957 1872 960 1877 ·

187 1923 315 2005 Cognita
331 1942 408 2003 quae
422 1920 535 1980 cunctis
551 1912 685 1993 Regibus
702 1933 765 1971 esse
778 1924 866 1992 puto,

135 2026 263 2108 Semper
277 2023 375 2084 adhuc
389 2023 499 2081 invicta
514 2018 578 2092 ini,
605 2018 765 2095 nullosque
780 2035 833 2095 per
850 2032 943 2072 annos

138 2166 142 2173 ·
186 2129 287 2191 Ullius
300 2127 433 2186 invenies
448 2142 496 2181 me
512 2121 636 2189 subiisse
649 2120 765 2195 iugum.

137 2230 255 2308 Βοιιια,
281 2231 342 2289 suis
356 2238 456 2285 totum
471 2221 590 2282 domuit
605 2238 681 2301 quae
694 2218 806 2277 viribus
824 2216 936 2287 orbem,

96 2360 128 2397 ι..
188 2330 329 2395 Nominis
346 2339 389 2387 est
403 2321 711 2406 nunquam'laudibus
725 2330 812 2378 aucta
822 2322 896 2378 mei.

134 2433 249 2518 Meque
261 2432 408 2493 lacessivit
416 2429 536 2510 quaties
550 2422 709 2493 hostilibus
724 2423 824 2493 aruris,

126 2570 130 2591 ·.
189 2536 277 2598 Hane
292 2536 387 2615 liquet
400 2531 515 2608 ince'pti
534 2527 718 2606 paenituisse
733 2525 790 2581 sni.

92 2638 98 2647 ’
113 2670 117 2675 ·
135 2637 174 2703 lu
188 2661 237 2699 me
252 2640 298 2697 nii
315 2634 414 2716 potuit
428 2635 523 2692 virtus
539 2630 674 2687 animosa
687 2620 826 2695 Neronis,

107 2789 114 2797 .
189 2739 307 2802 Funere
322 2738 376 2818 qui
387 2731 491 2795 Rheni
502 2731 673 2790 nobilitavit
685 2745 788 2808 aquas.
850 2757 854 2765 ·

137 2842 193 2906 -Nil
207 2841 332 2923 potuere
345 2850 431 2911 tuae,
458 2830 587 2913 Quintili
602 2826 701 2897 Vuis,
725 2826 873 2897 cohortes,

192 2941 277 3022 Quas
293 2961 378 3002 ruens
393 2935 545 2995 Armiruics
558 2932 673 3012 depulit
690 2950 758 2999 ense
771 2944 856 2989 suu.x

138 3044 203 3111 Nee
221 3048 312 3106 maris
324 3040 451 3111 Adriani
466 3049 529 3098 tota
542 3054 612 3095 cum
628 3031 716 3114 plebe
732 3042 849 3091 senatus
866 3088 871 3097 ‚

92 3148 96 3153 ¹
191 3145 301 3211 Nostra
315 3163 369 3204 suo
387 3145 489 3220 potuit
500 3135 625 3198 subdere
637 3135 715 3195 calla
728 3133 811 3211 iuga.

139 3252 284 3332 Denique
298 3267 353 3305 uec
369 3245 470 3321 magni
486 3248 650 3320 potueruut
661 3236 727 3295 lilia
739 3228 835 3305 Galli,

193 3350 276 3414 Lilia
292 3368 377 3426 saepe
391 3364 458 3404 mea
472 3339 614 3421 languida
629 3339 707 3397 i'acta
719 3354 821 3396 manu.

144 3455 232 3536 Quin
246 3471 344 3531 aequa
358 3445 525 3509 ancururn
541 3462 596 3501 tros
611 3443 672 3499 iam
687 3437 891 3517 superabimur
906 3441 1004 3511 armis,

92 3600 98 3617 .
196 3554 326 3617 Auxilio
342 3554 369 3610 si
386 3568 440 3609 uos
455 3548 565 3606 iuveris
581 3548 645 3624 ipse
660 3553 725 3603 tuo.

139 3660 243 3725 Ducat
256 3660 289 3715 in
303 3652 478 3731 exemplum
494 3647 616 3705 celebris
634 3655 662 3703 te
676 3639 758 3701 fama
773 3631 911 3708 Camilla

198 3756 277 3822 Nem
292 3757 405 3835 patriae
419 3748 530 3808 vindex
548 3759 576 3806 et
587 3745 648 3804 suit
660 3746 714 3802 ille
727 3760 807 3801 suae.

146 3862 256 3926 sectus
270 3859 352 3916 nulla
360 3868 453 3913 tuum
465 3870 576 3911 nornen
588 3858 712 3906 ventura
726 3844 856 3903 silebunt

199 3960 387 4038 lni'eriorque
402 3967 454 4014 tua
472 3952 560 4013 laude
573 3936 800 4009 Camillur‘erir.

147 4066 200 4129 Tu
212 4062 305 4126 modo
320 4078 374 4139 pro
391 4057 477 4116 nobis
493 4066 522 4114 et
535 4053 669 4112 libertate
686 4064 824 4107 meorum

180 4162 236 4228 ‘ln
251 4160 507 4237 Mahometigenas
531 4155 648 4231 suscipe
672 4151 751 4209 bella
766 4140 866 4217 Getas,

148 4269 258 4332 Totius
273 4264 396 4324 inlestas
413 4257 525 4339 Christi
540 4275 616 4338 quos
631 4252 762 4313 nominis
778 4248 878 4307 hostes
915 4285 919 4291 -

199 4358 365 4440 Novimus,
391 4361 529 4421 adversus
544 4375 683 4437 armaque
696 4352 773 4413 iens
788 4345 898 4408 Deum.

148 4471 267 4537 flenda
283 4478 369 4547 gente
384 4464 448 4523 iera
459 4455 598 4527 Danielis
613 4449 901 4536 scriptal‘rcphetae

199 4570 298 4635 Multa
320 4577 447 4639 canunt,
474 4564 575 4641 paucis
591 4559 640 4618 hic
655 4551 845 4617 memoranda
860 4549 945 4609 mihi.

147 4674 276 4736 Viderat
292 4674 316 4729 is
331 4680 458 4750 quatuor
473 4665 527 4722 sab
543 4664 672 4739 imagine
686 4677 775 4737 regua
791 4653 936 4727 terarum,

203 4774 350 4854 (Aspice,
378 4786 445 4827 vera
458 4760 531 4840 tibi,
557 4783 619 4821 non
631 4780 687 4841 ego
701 4761 767 4818 fieta
784 4751 907 4836 loquar)

150 4878 283 4958 Regibus
301 4870 453 4946 Assyriis,
481 4868 584 4945 primis
599 4864 661 4922 fera
676 4865 773 4941 prirna
788 4853 968 4916 monarchis.

206 4981 311 5057 Altera
328 4973 379 5034 sed
394 4969 495 5028 Persis
508 4968 677 5027 assimulata
690 4962 758 5020 fuit.

153 5081 257 5143 Tertia
272 5054 435 5135 Graiorum
453 5068 598 5127 referebat
611 5066 703 5125 bestia
715 5072 876 5142 sceptrum,

206 5178 321 5261 Quarta
338 5185 532 5261 potestatem,
558 5165 682 5235 iiius-tia
698 5163 811 5231 Romo,
824 5173 931 5239 tuam.

154 5284 254 5348 Huius
272 5280 335 5341 dira
350 5280 430 5339 i'erae
445 5273 537 5333 i'acies
554 5264 749 5331 truculentior
764 5267 836 5337 illis,

209 5383 428 5462 Dissimilisque
439 5368 762 5453 tribusconspiaienda
776 5366 845 5427 init

107 5486 286 5552 Marassa.
303 5482 408 5548 Orrn.
433 5475 516 5539 Vor..
529 5471 555 5536 Ι.
632 5474 635 5479 ’

1169 381 1304 445 Ferratus
1319 384 1442 461 dentes,
1467 387 1513 445 bis
1527 344 1641 447 cornua
1655 385 1788 465 quinque
1806 384 1933 464 gerebat,

1218 483 1259 547 Et
1277 487 1403 571 pedibus
1418 486 1543 569 plodens
1557 486 1747 547 concutiebat
1762 486 1902 571 humum,

1167 581 1325 667 Exiguum
1339 610 1409 649 vero
1424 611 1517 650 cornu
1531 590 1585 649 sub
1599 589 1698 647 i'ronte
1711 589 1831 667 latebat,

1219 686 1267 751 De
1281 692 1387 752 mediis
1401 704 1501 774 ortruu
1514 693 1653 752 cornibus
1668 686 1838 753 illuderet:

1168 785 1282 876 Inque
1307 798 1440 854 terrificis
1457 796 1552 855 oculis
1577 795 1723 873 uultuque
1746 796 1892 874 minaci„
1926 830 1932 841 ·

1220 894 1355 955 Humani
1369 900 1473 977 capitis
1489 896 1586 965 ianua
1603 893 1728 955 videnda
1745 893 1814 956 init.
2001 884 2004 889 ¹
2028 872 2032 887 Ι
2084 878 2089 887 ’

1170 994 1240 1058 Ηοο
1256 1020 1324 1059 cum
1336 1001 1492 1058 coelitibus
1509 998 1585 1057 divis
1600 990 1730 1057 violenta
1748 999 1867 1076 gerebat
1974 1034 1978 1041 ·

1220 1096 1354 1172 Proelia,
1374 1101 1564 1181 blasphemos
1583 1120 1634 1159 ore
1649 1101 1792 1180 loquente
1808 1121 1906 1163 sonos.

1170 1202 1269 1265 Tu'rca
1282 1201 1369 1262 ferox
1386 1216 1486 1265 autern
1501 1214 1589 1283 caput
1605 1212 1648 1262 est
1668 1204 1817 1277 immane,
1839 1205 1922 1287 quod
1936 1184 2021 1270 audis

1223 1300 1376 1365 Adversus
1395 1326 1547 1366 summum
1560 1306 1640 1364 bella
1652 1324 1772 1363 movere
1786 1298 1899 1370 Deum.

1171 1405 1240 1469 Hoc
1256 1407 1311 1466 tibi
1326 1408 1524 1488 iiangendum
1540 1420 1629 1487 caput
1642 1419 1703 1483 est,
1728 1404 1788 1466 hcc
1802 1423 1927 1470 concute
1942 1432 2053 1489 cornu,

1224 1504 1405 1570 Succumbet
1423 1511 1561 1570 munibus
1577 1511 1677 1568 bellua
1694 1510 1771 1567 victa
1787 1514 1856 1571 tuis,

1171 1606 1252 1691 Ergo
1268 1630 1338 1692 age,
1358 1609 1450 1688 -Rex,
1474 1617 1575 1671 animo
1591 1614 1738 1693 praesenti
1751 1616 1869 1693 suscipe
1882 1615 2005 1687 bellum,

1222 1711 1283 1772 Hei
1305 1715 1382 1773 mihi
1403 1735 1475 1796 quas
1489 1734 1600 1794 poenas
1619 1715 1711 1794 impie
1723 1709 1823 1775 Tusca
1839 1692 1923 1779 dubii
1932 1717 1939 1777 Ξ

1173 1811 1243 1875 Νοιι
1256 1817 1311 1875 tibi
1328 1828 1485 1875 consuetae
1501 1819 1581 1875 mitti
1594 1828 1662 1895 past
1677 1828 1757 1894 terga
1774 1821 1906 1895 sagittae,

1223 1914 1294 1978 Nou
1309 1921 1365 1977 tibi
1379 1921 1491 1979 velocis
1507 1918 1641 1998 proderit
1655 1938 1727 1977 usus
1744 1922 1825 1999 equi.

1175 2016 1240 2081 Aut
1255 2022 1332 2079 ultra
1349 2017 1476 2081 Tanaim
1490 2022 1593 2100 patriis
1610 2025 1720 2080 eiectus
1739 2021 1776 2078 ab
1794 2026 1863 2097 oris,

1224 2116 1409 2182 Ludibrium
1423 2128 1537 2183 curratis
1553 2124 1693 2203 gentibus
1705 2124 1777 2181 exul
1791 2129 1856 2182 eris.

1175 2222 1242 2285 Aut
1257 2236 1309 2283 tua
1323 2227 1497 2286 submittens
1513 2226 1628 2285 iniectis
1645 2226 1722 2282 colla
1739 2230 1859 2301 catenis,

1225 2322 1309 2385 Ante
1323 2327 1517 2407 triumphales
1531 2323 1624 2406 Regis
1639 2327 1735 2384 abibis
1751 2347 1855 2408 equos.

1175 2423 1294 2507 inclyta
1305 2431 1457 2491 nobilibus
1471 2428 1611 2509 gaudebit
1624 2426 1759 2486 Graecia
1773 2424 1880 2505 Musis,

1225 2526 1367 2590 Praebuit
1385 2536 1493 2592 inritas
1513 2552 1589 2612 quae
1603 2531 1659 2589 tibi
1675 2532 1752 2588 ricta
1766 2551 1882 2605 inauras,

1173 2627 1379 2716 Exultansque
1397 2636 1457 2693 suis
1472 2635 1629 2693 laetabitur
1644 2632 1783 2692 omnibus
1798 2628 1882 2709 Ister,

1229 2728 1331 2810 Quem
1343 2747 1414 2795 tuus
1425 2735 1571 2821 infestum
1586 2733 1714 2819 reddidit
1729 2746 1796 2794 ante
1809 2736 1905 2797 lutor.

1177 2832 1245 2895 Hoc
1259 2857 1364 2916 precor
1379 2859 1441 2899 esse
1454 2822 1552 2898 'ritum
1566 2828 1688 2897 edelesti
1705 2841 1828 2896 numine
1844 2835 1988 2916 Christus,

1229 2936 1297 3016 Hoc
1311 2944 1383 3001 velit
1400 2942 1590 3019 omnipotens
1602 2958 1716 3024 rexque
1730 2951 1874 3022 paterque
1885 2937 1979 3006 Deus.

1179 3036 1240 3102 Sed
1254 3045 1337 3122 prius
1353 3053 1491 3101 externos
1507 3061 1596 3123 quam
1614 3040 1812 3121 progrediaris
1826 3046 1859 3102 in
1874 3042 1982 3120 hostes,

1232 3137 1318 3204 Gerra
1329 3147 1385 3204 tibi
1398 3162 1459 3223 pax
1472 3157 1513 3202 est
1528 3131 1734 3217 conitituenda
1752 3142 1847 3219 domi,

1182 3243 1372 3329 Sedandique
1389 3264 1490 3325 graves
1504 3245 1540 3303 de
1557 3247 1702 3324 religione
1716 3247 1872 3305 nrmulrus.

1232 3350 1301 3410 Hoc
1315 3346 1431 3428 Regem
1444 3358 1575 3423 tantum,
1602 3356 1729 3428 quantus
1744 3367 1774 3406 es
1788 3350 1870 3427 ipse,
1894 3351 1986 3413 decet.

1181 3452 1244 3518 Nec
1260 3455 1360 3523 minor
1377 3454 1519 3531 ingenuas
1536 3448 1640 3531 studiis
1655 3448 1835 3510 florentibus·
1844 3464 1929 3528 artes,
1982 3522 1985 3527 ,
2039 3506 2042 3511 .
2094 3474 2099 3503 ι

1233 3554 1283 3617 Ac
1297 3554 1408 3615 iuvisse
1422 3572 1515 3612 sacras
1528 3553 1566 3610 sit
1580 3552 1635 3609 tibi
1651 3569 1721 3608 etna
1732 3549 1812 3610 deas.

1183 3658 1270 3743 Quae
1287 3669 1400 3737 spretae
1414 3658 1478 3715 siue
1495 3653 1610 3733 ΙΙιοιιοιιι
1625 3656 1721 3713 iacent
1735 3651 1795 3711 hoc
1810 3664 1943 3734 tempore
1959 3662 2079 3738 passim,
2152 3632 2157 3639 ἢ

1234 3754 1300 3820 Hac
1317 3781 1348 3817 re
1364 3760 1445 3817 nulla
1462 3757 1519 3815 tibi
1535 3758 1630 3835 gloria
1645 3757 1741 3813 maior
1756 3757 1823 3821 erit.

1175 3862 1273 3926 ,Τιιιιο
1285 3856 1368 3920 Deus
1384 3858 1562 3933 indomitas,
1587 3856 1643 3917 tibi
1657 3851 1752 3916 Marte
1768 3854 1904 3934 livente,
1929 3862 2067 3923 cohortes

1236 3962 1462 4042 Tarentumque
1478 3960 1560 4019 debit
1576 3963 1694 4019 vincere
1709 3978 1795 4037 posse
1811 3978 1927 4021 manus.

1186 4067 1293 4142 Tune,
1322 4085 1393 4146 quas
1407 4065 1491 4122 nulla
1504 4064 1561 4122 tibi
1575 4063 1686 4142 poterit
1701 4060 1797 4121 delere
1812 4074 1952 4139 vetustas,
2050 4094 2056 4099 ·

1237 4164 1357 4228 Laudes
1372 4187 1487 4244 semper
1503 4176 1608 4237 erunt,
1634 4165 1729 4242 gloria
1745 4184 1860 4243 semper
1878 4168 1942 4226 erit.

1093 4269 1099 4280 ⁶
1188 4267 1327 4349 Longior
1340 4269 1494 4328 immensis
1510 4288 1549 4325 ue
1563 4276 1673 4326 arescat
1687 4261 1823 4345 Epistola
1839 4268 1946 4344 verbis,

1239 4368 1353 4433 Desino
1364 4418 1375 4450 ,ι
1398 4383 1430 4431 tu
1445 4368 1521 4429 felix
1537 4370 1757 4449 incolumisque
1772 4369 1846 4427 vale.

1875 4763 1967 4840 (med.
1981 4765 2099 4851 April.)

1864 4856 2124 4896 Q&

1556 4928 1706 5026 Nih

2207 3750 2230 3781 Ι

1211 5160 1289 5233 ssu.
1307 5178 1358 5230 q„
1378 5155 1465 5224 ferras·
1484 5160 1512 5209 a
1535 5153 1596 5207 aas.
1614 5154 1677 5207 nav.
1701 5130 1762 5205 ver.
1778 5149 1812 5204 ιι.
1831 5110 1863 5223 ’μ
1876 5151 1936 5204 rao.
1965 5164 1992 5207 a
2013 5155 2041 5209 sn
2066 5158 2126 5211 eor.
2231 5180 2237 5223 r

1246 5226 1341 5283 Mebn.
1375 5227 1407 5279 ll.
1424 5243 1451 5307 p.
1465 5221 1537 5291 aab,
1557 5224 1604 5275 nbi
1617 5218 1745 5291 inscripta
1759 5228 1813 5272 este
1831 5223 1870 5272 ud
1883 5225 2033 5288 quosdam.
2070 5225 2126 5279 lis.

1124 5316 1128 5335 ι
1225 5326 1228 5335 ·
1248 5301 1327 5351 bernr-
1349 5296 1479 5362 descripta
1498 5296 1579 5345 etiarn
1598 5292 1627 5343 in
1646 5287 1708 5341 aod.
1727 5285 1850 5344 vindob.
1862 5288 1939 5359 487„
1962 5291 2008 5345 ubi
2028 5293 2127 5346 insari-

1248 5367 1339 5436 ptione
1356 5371 1438 5417 earet.

1316 5439 1365 5510 ot
