4500 5782
152 217 199 293 ,1
303 230 308 237 -
738 182 1171 307 uets'aonauuu
1220 197 1328 276 nm.
1367 199 1414 273 n
1468 197 1672 306 1519„
2007 292 2013 305 ,
2139 214 2191 288 ⁹2

154 396 313 458 constare
340 381 424 468 tibi,
458 377 543 473 quid
575 378 618 447 de
649 376 903 470 disceptatione
931 373 1147 460 convenerit,
1200 370 1304 465 uide,
1328 398 1498 468 quorsum
1514 374 1740 446 contentione
1761 379 1854 471 rapti
1872 379 1961 467 sint,
1986 398 2020 456 et
2040 383 2080 454 in
2101 410 2193 481 quoa

155 485 334 568 videlicet,
366 496 408 553 ut
433 495 593 572 ageretur
616 494 736 551 caussa
763 477 1018 572 excipientibus
1043 490 1148 547 nota-
1201 478 1363 568 scopulos
1379 474 1602 570 impegerint.
1653 473 1725 569 Agi
1740 479 1909 568 debebat,
1934 485 2022 578 quid
2037 508 2102 578 per
2118 508 2194 557 sese

154 589 236 673 riis,
268 590 374 679 atque
403 586 441 654 id
467 584 638 675 scriptum
663 581 883 671 evulgaretur
898 574 957 676 ¹⁸),
989 592 1146 673 essetque
1202 578 1287 648 citra
1303 578 1449 668 gratiam
1466 593 1583 670 posset
1598 581 1764 650 voluntas
1778 597 1913 670 nostra3
1931 585 2001 678 ipsi
2015 591 2195 683 quaestio·
2231 663 2233 668 ,

155 687 327 761 indicium
367 710 474 780 penes
516 685 692 777 optimum
702 728 708 751 .‹
732 707 908 777 quenque.
983 680 1148 751 Primum
1201 704 1284 749 nem
1314 681 1384 749 alio
1415 682 1578 772 rapiunt,
1623 695 1657 752 et
1687 697 1840 778 quatuor
1867 688 1972 769 credo
2004 693 2194 762 continuos

155 786 296 864 Ecleius
314 802 491 860 caussatus
506 802 558 857 est
570 789 665 879 apud
682 809 758 870 eos,
785 785 847 879 qui
862 784 1034 875 designati
1049 796 1149 853 erant
1201 782 1278 852 dies
1294 773 1331 878 ⁴⁵)
1357 783 1397 851 in
1420 807 1460 852 eo
1479 783 1690 875 disceptant:
1713 808 1765 853 an
1783 783 1955 858 voluntas
1973 799 2119 863 tantum
2137 816 2194 863 re·

154 896 200 967 ab
225 892 357 965 lllustr.
378 889 547 982 Principe
572 882 826 972 GEORGIO,
852 885 1025 957 Saxoniae
1049 887 1148 968 duce,
1203 881 1314 980 cipiet
1338 881 1471 953 bonum
1497 908 1605 982 opus,
1631 883 1819 985 ipsumque
1842 886 1975 959 bonum
1997 918 2088 991 opus
2109 893 2193 965 sula

155 994 361 1069 Maecenate
392 988 632 1063 humanorum
654 984 694 1085 ¹⁹)
727 989 946 1074 studiorum,
982 986 1149 1080 praefecti
1203 981 1341 1085 efficiat
1356 985 1498 1081 gratia.
1549 984 1590 1089 ln
1606 983 1669 1058 has
1680 988 1932 1083 Symplegadas
1948 991 1991 1090 ²⁸)
2005 1012 2193 1088 coegemnt

155 1095 421 1190 disputationis,
445 1107 566 1163 contra
583 1116 690 1186 quam
706 1092 927 1175 condixerat,
950 1090 1065 1160 videri
1079 1088 1149 1158 sibi
1203 1112 1359 1159 caussam
1381 1114 1456 1159 non
1474 1089 1522 1159 ita
1535 1093 1689 1160 multum
1704 1095 1935 1164 necessariam
1949 1091 2012 1266 ’9,
2039 1114 2073 1170 et
2087 1100 2195 1191 plane

157 1224 199 1271 ex
214 1201 291 1269 iure
311 1196 567 1289 disputantium
584 1218 674 1278 esse,
699 1217 745 1262 ne
764 1193 973 1278 dictaretur,
998 1193 1149 1282 gliscen-
1202 1190 1355 1259 alienam
1381 1188 1424 1286 29)
1464 1194 1508 1260 ab
1553 1192 1713 1262 instituto
1751 1186 1952 1265 Carolosto
1981 1198 2021 1268 ii.
2085 1200 2194 1274 Dedit

155 1316 227 1373 tem
258 1306 381 1369 eoruln
411 1297 503 1379 vim,
547 1295 610 1389 qui
638 1294 916 1384 congrediuntur
947 1291 1148 1385 pugnaturi,
1202 1288 1363 1380 Ecltius,
1388 1293 1428 1361 in
1448 1294 1629 1380 voluntate
1652 1308 1772 1365 nostra
1794 1321 1870 1366 non
1887 1322 1960 1371 esse
1977 1302 2053 1372 vim
2067 1304 2194 1394 genui-

157 1402 288 1474 sensim
304 1423 368 1494 per
384 1398 467 1493 styli
488 1422 627 1467 moram
648 1397 846 1493 defervere,
872 1389 1006 1489 impetu
1027 1394 1149 1485 augeri
1202 1419 1297 1480 nam,
1321 1420 1390 1488 qua
1405 1419 1495 1486 opus
1511 1395 1647 1466 bonum
1663 1398 1846 1489 producat,
1870 1403 1932 1470 sed
1946 1405 2135 1475 ascititiam
2147 1402 2193 1498 ³⁰)

50 1576 53 1581 ,
157 1504 314 1588 animos,
353 1501 528 1571 contendo
556 1499 732 1592 labascere
753 1493 809 1594 ²⁰).
874 1495 916 1566 ld
944 1521 1005 1588 ego
1029 1495 1147 1566 nescio
1203 1508 1357 1581 tantum,
1394 1520 1543 1591 eamque
1565 1523 1671 1591 quam
1692 1499 1849 1570 foeneret
1872 1505 2000 1592 gratia,
2033 1506 2072 1576 id
2096 1511 2194 1601 quod
2238 1592 2243 1598 Ι

157 1630 204 1679 an
222 1630 241 1675 e
258 1603 481 1696 simplicitate
495 1597 694 1692 theologica
715 1600 830 1669 videri
850 1599 981 1691 possit,
1005 1598 1069 1668 ubi
1091 1597 1149 1666 ni·
1202 1599 1358 1690 primum
1374 1597 1562 1669 videbatur
1576 1620 1791 1691 oppugnare.
1842 1599 1982 1675 Deinde
1997 1630 2018 1676 a
2033 1599 2195 1678 Carolu-

157 1705 210 1779 hil
235 1721 307 1777 tam
331 1705 579 1798 praestandum
603 1716 672 1782 est,
699 1726 806 1795 quam
829 1714 870 1771 ut
895 1701 1053 1794 nequid
1079 1698 1149 1768 im·
1202 1695 1327 1769 stadio
1350 1714 1510 1790 rogatus,
1550 1701 1785 1790 largireturne
1807 1718 1922 1775 totum
1943 1732 2033 1801 opus
2054 1712 2194 1781 honum
2233 1738 2240 1745 ·

158 1822 258 1904 petu,
284 1832 328 1876 ne
349 1805 435 1900 quid
459 1819 606 1890 temere,
631 1828 676 1872 ne
699 1803 785 1897 quid
810 1801 1002 1872 immodico
1028 1802 1148 1872 animo
1203 1826 1276 1871 esse
1290 1828 1310 1871 a
1324 1803 1409 1888 deo,
1434 1802 1635 1893 respondit,
1662 1817 1777 1874 totum
1796 1806 1957 1901 quidem,
1981 1834 2057 1881 non
2074 1827 2194 1883 autom

156 1912 292 1983 dictum
308 1908 481 1979 videatur.
530 1903 578 1975 Et
595 1921 635 1976 ut
643 1901 683 2000 ²¹)
699 1905 737 1972 in
752 1904 877 1974 studiis
892 1903 1086 1988 literarum,
1109 1927 1149 1972 ac
1204 1904 1367 1978 totaliter.
1417 1901 1509 1974 Ecce
1531 1918 1666 1991 autem,
1689 1918 1731 1975 ut
1749 1920 1912 1998 argutum
1929 1905 1996 1981 hoc
2012 1938 2195 1985 commen-

156 2010 379 2107 potissimum
402 2006 441 2077 in
463 2006 609 2098 negocio
626 2006 782 2100 pietatis,
808 2000 901 2074 nihil
923 2019 1009 2097 puto
1034 2029 1148 2098 neque
1203 2020 1292 2092 tum,
1308 2001 1709 2102 dignummaiesuti³⁰⁶)
1722 2001 1912 2099 theologici
1921 2014 2089 2103 nonrinis,
2103 2019 2193 2087 adeo

156 2117 256 2211 prins
277 2135 391 2206 neque
415 2108 602 2179 salutarius
626 2131 813 2198 congressu
835 2106 1003 2176 familiari
1025 2107 1149 2176 docto-
1203 2100 1336 2206 λόγους
1359 2103 1527 2201 κυβίζειν
1551 2106 1663 2178 cuivis
1684 2105 1792 2179 hodie
1816 2111 1972 2184 liberum
1991 2131 2052 2190 est.
2111 2116 2211 2189 Pri--

157 2242 238 2289 rum
270 2240 310 2284 ac
342 2214 536 2295 bonorum,
578 2210 643 2279 ubi
673 2208 844 2279 sententia
872 2232 953 2278 cum
976 2207 1149 2281 sententia
1201 2234 1301 2287 mum
1329 2209 1458 2280 fatetur
1481 2204 1639 2297 Eclius,
1666 2213 1886 2283 voluntatem
1909 2240 1929 2284 a
1953 2217 2020 2286 deo
2044 2224 2193 2308 moveri,

156 2316 306 2413 placidis
333 2339 373 2384 ac
403 2311 625 2406 tranquillis,
664 2310 882 2403 minimeque
910 2310 1170 2403 pertinacibus
1203 2312 1348 2397 deinde,
1373 2325 1414 2380 ut
1432 2312 1709 2397 consentiamus,
1734 2314 1773 2382 in
1788 2328 1908 2384 nostra
1922 2340 1996 2387 esse
2011 2333 2193 2413 potestate,

157 2417 285 2491 animis
323 2415 519 2497 confertur,
563 2413 628 2484 ubi
662 2434 777 2505 neque
807 2410 904 2482 vinci
939 2412 1148 2481 indecorum
1203 2412 1331 2506 inquit.
1408 2411 1449 2482 ld
1479 2406 1767 2501 Carolostadius
1804 2419 2023 2508 oppugnavit
2056 2408 2192 2517 aliquot

131 2504 211 2592 'est
231 2515 295 2614 Μ),
334 2538 449 2609 neque
481 2515 622 2584 vincere
651 2510 856 2606 plausibile:
898 2512 946 2581 ita
966 2513 1025 2581 vix
1050 2512 1148 2582 aliud
1201 2508 1408 2608 Augustini
1433 2502 1537 2601 locis,
1572 2530 1606 2586 et
1633 2510 1701 2585 hoc
1720 2509 1840 2586 Paula·
1862 2521 2068 2599 fortissime:
2105 2519 2194 2597 deus

157 2645 280 2694 censeo
305 2616 537 2711 perniciosius
562 2615 795 2709 popularibus
824 2614 896 2683 illis
923 2614 1150 2707 disceptatio·
1203 2610 1315 2716 efficit
1335 2613 1376 2687 in
1401 2612 1508 2686 nobis
1533 2612 1621 2687 velle
1642 2625 1674 2686 et
1692 2612 1875 2714 perfioere,
1897 2633 2002 2715 atque
2022 2618 2127 2711 haec,
2153 2630 2192 2696 ui

157 2725 282 2807 nibus,
308 2721 371 2790 ubi
389 2743 461 2787 non
478 2732 592 2810 potest
609 2716 836 2812 quantumvis
857 2715 962 2786 bonis
986 2741 1060 2785 uon
1084 2716 1150 2784 ob-
1201 2719 1333 2803 fallor,
1383 2718 1557 2789 sententia
1601 2719 1705 2797 salva¹
1739 2714 2005 2793 Carolostadio
2049 2731 2192 2804 mansit,

158 2840 311 2919 strepere
325 2821 494 2890 victoriae
512 2844 605 2893 cura.
657 2817 734 2889 Scis
749 2831 789 2887 tu
804 2842 911 2912 quam
928 2817 1040 2887 multa
1061 2842 1149 2909 pru-
1203 2819 1387 2909 Quaedam
1414 2844 1479 2910 pro
1513 2821 1675 2910 dogmate
1703 2844 1767 2892 suo
1792 2847 1833 2893 ex
1854 2819 2054 2897 Bernardo
2076 2843 2193 2903 traus-

157 2931 283 2999 denter
297 2924 336 2992 in
351 2918 443 2992 hanc
459 2920 669 2990 sententiam
683 2914 1148 3013 scribatNazianzenus²³)‚
1202 2921 1386 3015 scripserat
1397 2917 1520 2991 Elatus
1536 2923 1581 2991 a'd
1595 2947 1670 2991 rem
1684 2946 1810 3013 parum
1825 2926 2021 3002 attinentia.
2073 2926 2192 3025 Atque

159 3054 271 3125 quam
289 3027 402 3095 multa
422 3023 506 3092 item
525 3018 711 3090 Erasmus
736 3038 855 3093 noster
869 3014 918 3118 *).
971 3018 1046 3090 lam
1064 3045 1146 3089 vero
1202 3020 1288 3094 hacc
1317 3024 1390 3093 fere
1416 3038 1515 3106 sunt,
1547 3048 1636 3117 quae
1666 3050 1747 3094 cum
1769 3018 2035 3099 Corosostadio
2055 3026 2191 3107 Eleius.

159 3143 372 3202 convenerat
397 3126 440 3194 de
464 3122 642 3209 Notariis,
679 3147 793 3216 neque
823 3123 1045 3205 animaliter
1067 3147 1148 3214 per·
1203 3124 1380 3216 Integranr
1408 3128 1513 3195 credo
1537 3121 1796 3196 hebdomadam
1819 3130 2041 3219 perdidimus
2061 3134 2103 3203 in
2125 3131 2191 3221 his,

159 3231 298 3304 suaderi
315 3241 448 3321 poterat
461 3218 765 3306 Carolostadius,
791 3226 871 3319 qui,
898 3224 1148 3316 cumprimum
1202 3252 1353 3324 quormn
1377 3228 1491 3319 capita
1515 3220 1710 3320 συντόμως
1729 3231 1860 3303 notavi.
1919 3228 1987 3301 llis
2007 3236 2191 3308 autoribus

51 3378 54 3383 -
158 3346 357 3424 susceptum
379 3342 430 3398 est
452 3343 648 3412 certamen,
673 3326 725 3394 ibi
747 3343 860 3398 certos
886 3350 1027 3421 quoque
1052 3324 1148 3396 iudi·
1200 3331 1358 3423 primum
1377 3328 1504 3414 didici,
1526 3330 1614 3422 quid
1637 3329 1699 3413 sit,
1722 3332 1818 3423 quod
1838 3346 1973 3403 veteres
1994 3332 2191 3432 σοφιστεύ-

159 3459 214 3507 ces
247 3429 422 3521 designari
448 3427 492 3525 ²⁴)
524 3431 639 3499 voluit
668 3424 825 3512 Eclius,
867 3453 941 3497 non
974 3426 1148 3497 recusavit
1203 3427 1568 3526 εσθαι”)ι1ἰιιειιιῃῑ.
1618 3428 1756 3501 Mirum
1779 3428 1865 3503 baec
1889 3435 2009 3505 omnia
2034 3456 2107 3531 quo
2134 3453 2190 3510 tu-

159 3524 458 3610 Carotostadins.
509 3528 632 3624 Itaque
655 3530 712 3600 die
733 3527 885 3603 XXVIl.
901 3529 1037 3599 Mensis
1052 3526 1149 3599 lunii
1202 3534 1334 3616 multu,
1360 3556 1466 3624 quam
1483 3533 1612 3621 tragice
1629 3546 1772 3604 tractata
1785 3534 1874 3620 sint,
1898 3560 1969 3628 quo
1984 3538 2106 3609 minus
2121 3542 2192 3615 mi.

160 3635 441 3728 congrediuntur
472 3625 664 3701 Iohannes
697 3626 837 3700 Eclius
866 3645 900 3700 et
929 3622 1148 3700 Carolosta-
1201 3652 1283 3703 rum
1301 3647 1368 3718 est,
1392 3657 1520 3724 parum
1541 3634 1737 3724 profectum
1758 3659 1848 3720 esse;
1874 3661 1937 3707 sua
1963 3640 2059 3709 enlm
2084 3642 2192 3712 silen-

161 3734 256 3810 dius.
307 3714 361 3805 De
383 3735 497 3804 libero
522 3733 668 3803 arbitrio
689 3732 910 3825 propositum
936 3747 1002 3817 est,
1033 3756 1079 3800 an
1104 3731 1150 3800 sit
1202 3736 1252 3806 tia
1275 3748 1368 3805 amat
1385 3734 1548 3825 spiritus,
1572 3760 1635 3826 per
1658 3761 1748 3828 quae
1764 3738 1868 3806 uobis
1884 3739 2063 3825 illabitur,
2085 3767 2191 3839 seque

160 3839 306 3935 aliquod
332 3837 435 3905 nobis
460 3828 687 3931 αὐθαίρετον
704 3830 761 3930 ²⁵),
793 3836 929 3904 bonum
949 3857 1056 3927 opus,
1081 3827 1149 3901 hoc
1201 3836 1359 3907 insinuat
1386 3837 1526 3928 cupidis
1551 3860 1626 3907 non
1653 3838 1805 3928 gloriae,
1838 3841 1895 3908 sed
1928 3848 2191 3932 cognoscendae

162 3956 229 4026 est,
261 3952 302 4010 ut
330 3937 398 4031 ipsi
428 3937 565 4022 dicunt,
599 3961 643 4006 an
663 3938 707 4005 de
730 3930 775 4031 ²⁶)
808 3960 963 4026 congruo
995 3958 1150 4004 ouerca-
1200 3939 1370 4011 veritatis.
1429 3935 1513 4007 Non
1541 3953 1677 4030 prostat
1700 3940 1739 4008 in
1760 3941 1957 4032 porticibus
1976 3966 2106 4035 sponsa
2130 3947 2191 4017 illa

108 4058 109 4062 ’
161 4068 244 4115 mur
261 4038 304 4137 ²⁷)
324 4039 487 4129 gratiam,
514 4063 594 4109 cum
609 4038 776 4122 facimus,
802 4040 898 4131 quod
916 4037 955 4105 in
970 4037 1074 4107 nobis
1090 4033 1150 4106 cst'.
1202 4042 1328 4111 dilecta
1344 4034 1505 4123 Christo,
1527 4041 1587 4108 sed
1611 4041 1651 4109 iu
1674 4042 1819 4110 domum
1841 4043 1965 4111 matris
1983 4068 2067 4116 suae
2084 4071 2191 4141 spon.

161 4144 252 4219 Utor
268 4142 364 4212 enim
381 4140 539 4233 ipsorum
553 4140 681 4212 verbis.
732 4137 810 4208 Hoc
829 4164 909 4208 cum
924 4138 981 4229 agi
999 4139 1151 4223 deberet,
1202 4167 1280 4233 sum
1306 4141 1509 4212 introducit.
1561 4139 1675 4211 Immo
1698 4167 1813 4238 neque
1833 4144 1903 4215 ulli
1917 4169 1983 4215 nos
1999 4148 2191 4241 sapientiae

171 4321 441 4345 Μ

1202 4354 1502 4375 Μ

215 4407 258 4471 18)
276 4366 459 4474 evolgaretur]
477 4398 643 4454 Litselrerus:
664 4397 857 4467 divulgaretur.
896 4462 900 4469 Ι

217 4475 261 4537 19)
281 4473 476 4534 humanorum]
499 4467 665 4520 Liischerus:
686 4465 885 4524 humaniorum.
1253 4474 1298 4540 28)
1317 4471 1524 4554 Symplagadas]
1537 4470 1618 4527 Lutlt.
1631 4490 1696 4545 opp.
1709 4482 1735 4528 et
1747 4471 1793 4528 la:
1813 4472 1918 4546 symple
1938 4476 2010 4532 adas.

214 4544 260 4608 20)
280 4543 428 4605 labascere]
447 4537 611 4592 biiscberuss
632 4535 776 4590 labascere.
1252 4543 1300 4610 29)
1323 4559 1500 4595 necessariam
1513 4575 1543 4586 -
1554 4541 1682 4608 alienam]
1701 4542 1781 4597 Luth.
1796 4562 1860 4616 opp.
1875 4552 1901 4596 et
1951 4564 1959 4599 a
1980 4544 2145 4604 nomast„
2158 4577 2191 4591 ..

213 4612 260 4681 21)
277 4610 318 4679 ut]
337 4606 501 4662 Ldscberus:
521 4614 606 4657 utne.
857 4628 862 4656 ;
1305 4608 1414 4662 „pem

214 4680 259 4749 ἃ)
276 4676 427 4731 Lttscherus
442 4672 579 4748 praeteriit
593 4671 686 4724 verbaa
704 4686 791 4742 neque
805 4669 879 4726 rinei
892 4670 1052 4730 indecorum
1067 4687 1115 4733 est.
1255 4676 1299 4745 30)
1320 4677 1473 4742 ascititiam]
1491 4676 1658 4730 Lllscberusa
1678 4679 1826 4733 adscitiam.

215 4748 262 4818 ts)
279 4745 480 4815 Nazianzenus]
498 4742 658 4812 Exemplum
670 4739 731 4795 llal.
750 4749 775 4793 et
788 4740 880 4796 berol.
899 4753 924 4797 et
943 4742 1051 4800 Ltatberi
1069 4766 1149 4819 opp:
1255 4747 1323 4809 SOb)
1342 4744 1484 4813 ntaiestati]
1506 4746 1624 4818 Exempl.
1643 4748 1749 4802 Iterat:
1768 4751 1911 4803 maiestate.

267 4814 453 4870 Naaaozenus.
1257 4815 1301 4881 st)
1320 4810 1551 4886 ooqtoutaoam]
1573 4814 1681 4884 Lutheri
1696 4836 1760 4888 opp.
1777 4828 1803 4871 et
1817 4818 1863 4872 ln:
1882 4815 2070 4888 aequoreum.

217 4899 264 4969 24)
283 4894 429 4968 designari]
451 4892 616 4948 L'dacberua:
639 4890 786 4962 designare.
1239 4901 1264 4969 *)
1282 4900 1309 4952 d.
1322 4899 1365 4951 27.
1378 4907 1403 4949 et
1417 4897 1460 4950 28.
1474 4917 1511 4951 ro.
1527 4897 1611 4957 lonii,
1639 4910 1666 4952 et
1686 4898 1729 4952 die
1751 4902 1774 4953 1.
1795 4909 1821 4952 et
1837 4900 1863 4954 8.
1879 4920 1916 4955 m.
1929 4901 2002 4956 lulii.
2048 4902 2193 4963 lutiam

217 4984 262 5053 25)
283 4980 462 5049 adiutamur]
488 4976 563 5049 Opp.
574 4973 653 5030 Lutb.
664 4973 708 5029 ed.
723 4973 843 5032 leneus:
862 4975 1031 5053 ἆνιαιρεῐὸν.
1274 4976 1386 5037 rogante
1411 4967 1567 5047 Borm'mo,
1595 4966 1768 5049 pomeraniae
1788 4968 1866 5051 Duce
1887 4980 1911 5023 et
1934 4971 2099 5035 Academiae
2117 4972 2190 5030 Viae.

274 5073 278 5079 ·
349 5066 364 5090 »ι
382 5064 420 5117 pp,
452 5062 468 5116 b
501 5081 516 5113 u
567 5059 638 5113 „5531
749 5046 753 5059 ¹
1005 5066 1008 5071 ·
1275 5038 1348 5104 b'erg.
1373 5035 1503 5099 llectore,
1520 5036 1564 5088 dre
1583 5035 1652 5088 festo
1665 5034 1737 5089 Petra
1751 5047 1776 5088 et
1791 5037 1866 5091 Pauli
1880 5038 1933 5104 (29.
1949 5040 2049 5108 lunii),
2066 5062 2125 5117 quo
2137 5064 2192 5099 110„

215 5069 264 5221 {gi
278 5067 455 5213 ζ’[ἒίωωξξ]
471 5079 589 5198 tilithi&
601 5097 666 5215 opi).
679 5150 706 5196 eg
718 5138 765 5195 LA
791 5160 954 5200 mereamur·
1275 5105 1441 5186 disputatum
1455 5115 1506 5188 est,
1525 5104 1641 5156 eundern
1658 5105 1749 5187 locum
1762 5103 1873 5187 Lipsiae
1892 5106 1920 5160 ta
1939 5109 2050 5192 aedibuq
2070 5112 2192 5182 palatinis

200 5244 227 5310 a)
248 5242 388 5294 Erasmus
407 5238 436 5290 in
456 5232 573 5308 epistolia
596 5232 698 5313 amieos
720 5228 844 5286 bortatur
866 5236 974 5305 quidem
1001 5237 1154 5310 saepissime
1274 5174 1448 5307 pppquaqsqta
1463 5172 2193 5321 lippnqppoqqqqqedqthgquslqsqprgotqpptrqrffiqlfipapqz

234 5326 344 5381 pamma
365 5317 392 5360 at
406 5307 462 5411 ipse
474 5314 608 5392 quantum
620 5319 726 5373 saeptus
741 5319 756 5353 a
769 5318 835 5371 pace
851 5303 1016 5368 discesserit,
1031 5306 1093 5378 quis
1106 5318 1154 5368 est,
1276 5309 1455 5380 disputarunt.
1493 5311 1566 5364 ldem
1579 5310 1607 5363 d.
1621 5310 1740 5361 axundo
1755 5328 1792 5363 ιιι.
1808 5310 1868 5364 lulii
1883 5310 1987 5368 fartum
2007 5324 2062 5376 est,
2078 5332 2136 5390 quo
2146 5317 2190 5370 Vr-

233 5398 314 5451 quem
331 5377 430 5448 fugiat.
467 5375 503 5429 1⁴.
1092 5442 1095 5447 Ι
1275 5378 1364 5432 aitatio
1379 5377 1411 5430 Β.
1424 5377 1526 5432 Mariae
1538 5376 1656 5449 Virginis
1668 5377 1827 5437 celebratur.
1862 5381 1894 5433 F.

1615 5572 1626 5608 t
