4500 5782
518 192 534 252 ⁵
579 232 1010 317 satsrouaaou
1056 244 1164 319 ιιιι
1198 244 1283 323 ιιι-,ε
1313 244 1450 323 esec
1950 244 2040 319 auo

89 408 178 493 tius,
216 430 346 501 rugam
368 411 494 506 ecquid
521 411 630 482 velim
656 414 701 483 ad
730 436 795 483 vos
823 411 988 487 scribere.

89 526 118 585 tt
134 526 245 585 erant
266 537 358 605 quae
379 514 581 605 cupiebam,
621 517 683 585 sed
706 514 781 607 ipse
800 514 988 585 videbatur

89 630 110 679 s
142 612 188 681 ad
226 636 290 683 vos
317 630 499 689 venturus.
577 614 700 710 ltaque
733 630 873 693 tantum
905 616 989 685 dedi

89 710 124 781 ai
163 714 381 805 erernplum,
429 719 474 785 dc
507 742 578 809 quo
616 742 732 810 nuper
768 719 986 809 scripseram.

89 817 176 884 moti
196 818 396 906 exemplum
416 841 491 886 non
511 814 687 889 habebam
702 813 758 916 *),
783 832 818 889 et
839 821 991 908 dignum

93 916 195 1007 quod
213 917 360 1005 periret.
425 916 464 989 0
484 944 542 989 me
565 919 724 1011 ineptum
747 920 864 1011 magis
881 944 989 1013 qoam

89 1014 193 1109 psius
211 1040 371 1110 unquam
397 1015 684 1092 tuit-Philoxeno
706 1036 869 1115 poemata
896 1019 988 1091 rcci-

89 1168 93 1195 ,
120 1115 307 1209 qui-vohis
328 1120 441 1191 audeo
462 1144 559 1193 meos
579 1146 702 1193 versus
724 1124 881 1205 mittere,
915 1122 988 1191 ele-

89 1217 208 1287 mimis
234 1214 454 1291 ¹hominibus
486 1222 620 1295 insulsa
661 1239 832 1316 poemata.
914 1222 986 1293 Sed

89 1342 153 1389 tres
170 1314 279 1406 mihi,
299 1322 352 1391 mi
367 1317 574 1411 Inachiam,
598 1327 661 1418 qui
682 1348 764 1397 cum
784 1320 876 1394 mihi
897 1348 985 1393 cano

105 1418 241 1511 ingenii
284 1424 438 1509 tamam,
488 1428 548 1495 sed
597 1427 723 1497 solatia
762 1427 985 1497 miseriarum

89 1542 156 1607 tos,
190 1546 265 1593 non
289 1548 432 1615 possum
456 1538 574 1597 tamen
594 1529 726 1612 facere,
757 1530 846 1620 quin
869 1541 984 1598 tecum

89 1624 268 1709 muricem,
315 1627 379 1719 qni
409 1651 491 1699 cum
522 1630 614 1697 seria
643 1631 810 1722 iocosque
838 1628 985 1697 miscere

89 1764 102 1797 ι
150 1722 206 1795 De
222 1722 469 1820 Sr'ga'smando
488 1730 604 1822 placet
618 1744 678 1801 tua
698 1731 925 1817 deliberatio,
951 1742 985 1798 et

89 1838 150 1897 cto
173 1852 231 1897 me
253 1832 374 1899 utilem
397 1854 483 1901 cura
506 1833 632 1905 tenuit.
694 1829 772 1923 Ego
795 1856 851 1901 me
872 1834 984 1924 λεπτῇ

89 1941 305 2021 ppsusteuto.
358 1930 457 2005 Vale.
489 1929 628 2008 dielll.
643 1928 806 2024 Augusti.

735 2031 931 2117 Φίλιππος.

89 2372 175 2461 alth.
622 2395 960 2489 (fores-ean.)

89 2566 102 2680 i
141 2580 203 2687 ’.,
287 2594 441 2719 Ambe.
474 2536 690 2695 Mothone.

89 2770 367 2917 &ammaon
385 2796 452 2875 eoa.
470 2796 559 2852 aeae.
584 2796 644 2855 va.
658 2798 692 2857 v.
715 2803 848 2877 aescepe
868 2825 883 2860 ι
904 2804 934 2867 s.
951 2782 984 2860 v.

220 3008 784 3135 estrumentum..
877 3012 884 3025 '

89 3184 114 3261 ’,·
148 3178 315 3276 Accipio,
330 3194 381 3255 'te
405 3200 550 3261 uxo'r'em
573 3194 712 3265 duxisse
728 3187 799 3295 **).
855 3197 918 3285 ld,
940 3213 981 3270 ut

91 3278 236 3387 'jectan
271 3284 388 3356 Deum
419 3296 483 3361 oro
514 3310 692 3366 auctorem
719 3295 980 3388 pulcherrimae

89 3382 176 3459 tatis.
225 3384 299 3457 Nec
316 3402 352 3457 tu
370 3392 532 3464 dubitare
548 3397 672 3482 debes,
697 3402 784 3492 quin
800 3397 903 3497 (qnia
922 3403 980 3471 di-

89 3496 125 3591 is
145 3488 327 3559 coniuncti
350 3493 450 3578 estis,
474 3496 577 3569 sicuti
598 3500 769 3594 scriptum
793 3516 862 3573 est:
888 3528 979 3605 quos

89 3615 95 3687 3'
122 3586 330 3685 coniunxit)
364 3590 460 3663 Deus
487 3598 531 3667 'in
565 3612 638 3671 tam
671 3604 779 3675 variis
811 3604 979 3699 periculis

89 3690 113 3763 is
129 3692 231 3761 v'obis
250 3694 439 3765 adfuturus
455 3698 511 3768 sit.

89 3788 376 3907 Ferdinqndus,
410 3825 450 3887 ut
470 3814 596 3902 audio,
626 3819 780 3909 graviter
810 3821 977 3897 minatur.

89 3922 130 3981 :et
154 3933 215 3979 cor
236 3909 347 3999 regis,
372 3925 414 3982 ut
434 3915 519 4002 scis,
544 3915 584 3989 in
607 3944 716 3990 manu
735 3919 807 3993 Dei
823 3938 893 4011 est,
918 3927 977 3997 cui

89 4035 169 4097 urae
184 4033 258 4087 csse
276 4012 435 4098 confido,
460 4018 592 4112 quique
615 4046 678 4091 vos
697 4024 799 4093 omni-
817 4018 975 4098 humano

89 4112 136 4183 lio
163 4112 350 4183 destitutos
379 4118 553 4190 desendet.
610 4119 731 4209 Pater,
761 4124 881 4219 inquit
903 4128 964 4200 ille

964 4182 975 4215 5

89 4228 151 4285 tter
163 4213 418 4307 derelinquunt
432 4244 506 4305 me,
531 4223 698 4295 dominus
719 4239 837 4297 autern
857 4253 976 4307 nisce*

89 4340 126 4397 te.
184 4308 427 4407 Ligniceuses
457 4315 513 4389 his
542 4324 668 4395 diebus
690 4320 750 4399 hic
771 4323 975 4403 habuerunt

89 4424 154 4487 'um
169 4409 262 4511 ***).
312 4416 446 4492 Dicunt
460 4424 502 4491 de
518 4448 610 4497 nova
633 4429 901 4518 congregatione
919 4434 984 4503 sa·-

90 4543 110 4589 a
137 4542 211 4587 sen
242 4543 335 4611 nova
369 4523 522 4596 ccclesia.
565 4576 568 4583 -
602 4523 699 4597 Mihi
727 4530 818 4601 illud
849 4556 972 4605 eorum

88 4619 174 4689 lium
206 4621 412 4714 nentiquam
442 4648 485 4695 ex
518 4629 583 4697 deo
607 4652 679 4699 csse
701 4630 853 4709 videtur.
918 4634 982 4715 Dc¹

89 4930 127 4987 id.
140 4916 222 5007 'sopra
235 4930 261 4989 d.
273 4930 299 4989 4.
315 4922 366 4991 tut.

94 5030 256 5087 Ambrosias
283 5033 447 5110 Moibautn,
482 5036 719 5113 vetuariensis,
755 5064 867 5103 uxorem
896 5049 972 5109 detta

89 5100 214 5185 *qim
253 5101 316 5157 Vid.
332 5103 435 5159 Adami
450 5105 501 5163 Vit.
521 5108 542 5162 l.
559 5130 585 5179 p.
604 5112 660 5165 124.

101 5182 157 5253 i.'e.
173 5194 878 5329 ValentinusKrautwald'etCasparScbwrnkseld.
911 5216 968 5273 Mi·
1076 5250 1079 5261 ·

89 5276 140 5321 unt
156 5264 275 5348 luthero
294 5267 377 5322 libros
397 5289 478 5343 snos,
494 5273 612 5329 verisimi
625 5288 678 5333 tter
690 5298 741 5353 per·
755 5282 897 5359 nuntiam,
920 5286 968 5342 iis·

89 5334 257 5405 ererpomlrt
268 5332 400 5391 botherus
414 5340 439 5394 d.
457 5344 498 5395 ll.
511 5346 581 5413 eleg.
595 5346 671 5401 1526.
708 5348 772 5405 Vid.
788 5371 849 5427 epp.
858 5354 968 5425 tutet

97 5406 444 5477 utrumqueap.deWett
472 5410 519 5467 ΙΙΙ.
540 5414 688 5489 p.122sq.'
806 5472 809 5479 ,

1037 417 1198 507 dogmate
1223 414 1467 491 Eucharistiae
1493 412 1587 487 nihil
1618 416 1693 486 sani
1717 417 1840 486 dicunt
1861 426 2027 487 aut-:sas

1037 518 1142 589 tiunt.
1206 512 1266 591 Tu
1287 534 1405 603 teneto
1428 520 1485 605 id,
1514 519 1609 615 qnod
1640 531 1775 613 veteres
1804 516 2027 589 ecclesiastici

1037 620 1225 710 scriptores
1238 632 1438 693 senserunt:
1463 642 1591 712 corpus
1604 612 1738 706 Christi
1751 643 1824 689 esse
1840 618 1887 717 in¹
1896 613 2026 691 eucha-

1037 722 1146 797 ristia.
1198 722 1274 795 Hac
1290 727 1333 795 de
1347 749 1403 809 rc,
1429 723 1458 793 si
1475 736 1590 817 petes,
1615 721 1766 819 scribam
1788 720 1854 805 tibi
1873 720 2026 823 longius.

1038 820 1137 897 Vale.

1798 1200 2035 1309 (masan.)-

1046 1314 1215 1347 Μ
1808 1320 2022 1359 m

1309 1423 1466 1505 Ioanni
1492 1406 1749 1543 Agricolae,

1102 1630 1178 1699 tEr
1199 1628 1410 1755 spofinpbisin
1432 1631 1528 1685 codiee
1545 1630 1640 1684 bavari
1661 1628 1725 1686 Vol.
1739 1630 1776 1687 ll.
1808 1650 1837 1703 p.
1856 1612 1935 1705 tto,
1962 1632 2027 1691 cot.

1136 1699 1230 1755 Mrha.
1274 1701 1339 1771 hp.
1356 1698 1399 1756 88.
1418 1698 1810 1771 armanalanam.

1142 1866 1271 1951 Phil.
1296 1868 1409 1946 Mat.
1443 1870 1625 1946 Ioanni
1644 1869 1918 1971 Agricolae

1032 2016 1200 2113 Tametsi
1228 2036 1323 2111 nihil
1351 2034 1545 2127 habebam,
1581 2042 1679 2135 quod
1699 2045 1744 2113 ad
1767 2054 1801 2114 te
1825 2041 2027 2127 scriberem,

1033 2161 1117 2217 nam
1137 2157 1217 2236 post
1238 2157 1339 2217 tuum
1357 2136 1552 2215 ¹discessum
1573 2167 1616 2213 ex
1636 2143 1752 2236 patria
1775 2139 1870 2213 nihil
1895 2144 1939 2215 ad
1967 2165 2026 2213 me

1035 2244 1088 2312 tui
1101 2237 1396 2319 tuotcttoaeata
1418 2245 1651 2339 scripserunt3
1675 2260 1793 2317 tamen
1809 2246 1892 2341 quia
1904 2258 2025 2317 noster

1034 2346 1168 2416 amicus
1184 2338 1405 2419 Benedictus
1425 2348 1471 2421 ad
1489 2360 1523 2420 te
1545 2348 1767 2439 profecturus
1785 2361 1859 2419 erat
1872 2342 1921 2445 ¹),
1940 2346 2024 2419 (ledi

1034 2447 1067 2516 ei
1089 2444 1184 2519 hanc
1206 2449 1407 2542 epistolam,
1441 2450 1553 2541 magis
1578 2464 1620 2527 ut
1646 2448 1896 2533 consuetudini
1910 2454 2026 2521 'meae

1033 2550 1220 2637 servirem,
1245 2574 1353 2645 quam
1369 2552 1467 2645 quod
1488 2552 1601 2643 multa
1615 2544 1782 2637 haberem
1806 2550 1913 2643 digna
1933 2572 2025 2645 quae

1034 2651 1297 2742 perscriberem.
1362 2652 1441 2725 Scis
1468 2654 1674 2745 enim„me
1704 2652 1840 2724 nullam
1869 2652 2024 2741 occasio-

1033 2776 1136 2839 nem„
1164 2767 1278 2837 tecum
1304 2778 1367 2847 per
1389 2755 1509 2827 literas
1527 2754 1780 2827 contabulandi
1793 2750 1846 2851 '],·
1866 2768 2023 2847 praeter·

1032 2854 1183 2929 mittere.
1221 2852 1293 2931 'Jd
1319 2856 1352 2925 si
1374 2870 1540 2931 mutuum
1560 2858 1677 2943 tieret,
1707 2852 1875 2937 haberem
1897 2856 1960 2925 abs
1987 2868 2022 2943 te

1031 2956 1209 3027 sexcentas
1236 2958 1306 3037 iarn
1328 2953 1482 3055 eSpira,
1504 2960 1686 3052 epistolas,
1719 2956 1801 3027 cum
1822 2976 1880 3027 res
1902 2954 2021 3026 variae

1031 3056 1256 3131 comitiorum
1299 3058 1459 3153 quotidie
1492 3060 1680 3130 innumera
1714 3070 1919 3149 argumenta
1952 3056 2021 3147 tibi
2147 3122 2152 3127 .

1030 3158 1280 3251 suppeditent..
1342 3158 1483 3249 Quaeso
1515 3174 1633 3241 autem
1653 3173 1719 3247 te,
1753 3172 1795 3230 ut
1824 3158 2019 3253 aliquando

1031 3260 1143 3330 nostri
1157 3263 1277 3331 veniat
1292 3260 1330 3331 in
1348 3276 1520 3347 mentem,
1542 3286 1607 3333 nec
1628 3258 1755 3332 veteris
1776 3259 1921 3331 amiculi
1942 3282 2020 3331 me·

1030 3362 1198 3447 moriam,
1246 3365 1332 3434 dum
1362 3363 1456 3435 inter
1485 3386 1647 3456 proceres
1680 3360 1908 3451 obambulas,
1955 3362 2020 3433 dc-

1029 3484 1153 3555 ponas.
1215 3462 1349 3535 Verum
1371 3479 1466 3536 extra
1487 3467 1604 3543 iocum
1627 3478 1788 3555 rogote,
1823 3478 1865 3535 ut
1891 3464 1937 3533 ad
1960 3486 2018 3533 mc

1029 3564 1176 3651 scribas,
1208 3590 1286 3635 cum
1312 3566 1380 3635 erit
1402 3568 1548 3639 occasio.
1591 3656 1594 3661 Ι
1614 3564 1830 3661 Quanquam
1851 3588 2017 3656 auguror,

1029 3666 1115 3758 quid
1140 3669 1307 3749 anostris
1322 3664 1509 3739 Centauris
1534 3669 1611 3753 fiat,
1640 3692 1731 3761 quae
1754 3661 1907 3738 habeant
1930 3690 2016 3737 con-

1028 3768 1126 3853 silia,
1151 3793 1258 3862 quam
1280 3766 1373 3839 nihil
1394 3774 1572 3841 moderate
1595 3771 1748 3858 cogitent
1755 3795 1765 3857 ;
1796 3782 1916 3840 tamen
1936 3782 2017 3840 tuas

1027 3869 1146 3939 literas
1172 3871 1294 3940 videre
1316 3872 1438 3962 capio,
1488 3871 1572 3967 quia
1601 3866 1694 3939 mihi
1721 3872 1919 3941 iucundum
1952 3884 2016 3955 est,

1027 3994 1107 4041 cum
1129 3972 1233 4047 aliter
1251 3997 1327 4042 non
1348 3975 1499 4064 possim,
1530 3997 1611 4051 cum
1634 3972 1748 4041 amico
1772 3967 1841 4043 hoc
1859 3972 1966 4042 modo
1984 3967 2014 4066 ⁸)

1026 4074 1192 4166 colloqui.
1254 4074 1401 4146 Utinam
1426 4076 1527 4145 liceat
1551 4074 1618 4143 tibi
1648 4072 1794 4164 aSpira
1821 4072 2013 4165 aliquando

1024 4173 1303 4270 Hcydelbergam
1329 4190 1363 4247 et
1385 4176 1424 4245 in
1447 4192 1604 4249 nostram
1626 4175 1778 4269 patriam
1802 4172 2011 4267 exspatiari!

1023 4274 1088 4345 Est
1111 4278 1206 4345 enim
1228 4279 1266 4346 in
1288 4277 1488 4371 propinquo
1503 4293 1693 4369 utrumque
1710 4277 1894 4367 oppidum.
1945 4274 2013 4347 Sa·

1023 4380 1097 4448 luta
1115 4393 1316 4448 reverenter
1329 4379 1422 4451 meir
1434 4374 1800 4471 verbisSpatatmum
1815 4392 1851 4450 et
1862 4369 2012 4476 Caspa-

1024 4503 1104 4548 rum
1121 4475 1332 4550 Multarum
1350 4478 1391 4577 ⁴).

1058 4820 1088 4889 1)
1106 4818 1169 4883 ωδ.
1182 4820 1247 4883 Bar,
1258 4828 1342 4879 emt.

1053 4934 1088 5004 2)
1105 4934 1168 5001 coti.
1183 4936 1215 4992 Β.
1227 4936 1415 5009 ualebatpn‘.
1437 4940 1442 4951 “

1053 5030 1275 5121 orosae.
1289 5040 1360 5113 a...
1532 5124 1540 5136 ‚
1632 5092 1636 5101 .
1880 5082 1898 5097 ..

1050 5154 1084 5241 'ii
1100 5166 1165 5235 coh
1176 5144 1242 5237 ,ban
1256 5152 1370 5241 aaa,
1385 5180 1417 5224 et
1428 5140 1497 5225 ibirt.¹
1507 5140 1674 5251 {irruptum
1688 5176 1744 5221 ests
1765 5162 1836 5223 158
1845 5166 1917 5235 dats.

1198 5412 1224 5439 ι,
1312 5408 1315 5413 ·
1440 5402 1531 5441 3,·
1610 5380 1613 5387 Ι
