4500 5782
125 90 255 205 m.

123 274 277 394 stupor
297 312 339 371 te·
359 290 405 373 de
418 324 459 373 ra
472 299 663 392 Acadeania
677 296 927 371 adSenatores
940 296 1126 391 quosdam.

124 416 277 489 vestros,
303 404 365 497 qui
380 406 561 489 nondum,
587 403 684 497 qnod
700 402 819 484 sciam,
841 403 1112 492 responderunt.

124 505 164 577 Si
179 505 267 600 quid
279 518 398 598 potes,
422 520 581 594 rogote,
607 503 765 574 utillum
787 502 922 571 bonum
947 503 1111 573 iuvenem

123 607 281 701 adiuves.
344 603 409 677 Est
437 607 532 705 enim
564 606 667 674 valde
695 603 893 687 studiosus,
934 617 966 673 et
996 622 1113 671 mores

123 708 251 798 digitos
264 704 372 778 habet
387 708 530 799 optimis
550 705 686 779 studiis.
737 704 814 776 Scis
835 728 925 799 qarae
950 728 1047 775 1111111
1067 702 1113 772 sit

698 118 1138 216 arasroaanuu
1171 60 1418 205 ernau:
1440 76 1577 207 1111

2055 130 2166 215 101111

1980 304 2171 389 ’11011-κ,

1976 393 2147 461 *⁴⁹⁸¹*-

1439 482 1587 567 Ioecb.
1622 480 1879 568 Curnerom'u

1232 670 1318 746 Epist.
1336 674 1370 729 ad
1383 674 1522 730 Gamerae.
1547 697 1574 750 p,
1590 676 1649 733 109.

121 812 267 881 fortuna
284 811 397 879 nostri
412 810 561 879 ordinis.
610 807 688 879 Nisi
705 807 912 877 enimatui
934 805 1112 873 similibus
1162 826 1715 925 [oachimocammrpm
1748 835 2156 930 Bambergmsiamiw

120 912 288 981 defensae
313 912 435 981 literae
456 911 591 980 luerint
616 922 650 979 et
673 906 860 994 excitatae,
902 910 989 1001 quid
1014 908 1112 976 lutu-

121 1036 205 1084 mm
228 1026 280 1084 est
300 1014 415 1096 aliud,
446 1013 517 1081 nisi
537 1026 579 1082 ut
600 1005 763 1105 Scythica
785 1012 957 1105 quaedam
983 1008 1113 1078 barba·
1185 1046 1188 1051 -

120 1116 212 1199 ries,
237 1128 298 1185 ant
313 1115 441 1206 siquid
460 1109 526 1181 bae
540 1113 696 1182 deterius
710 1126 777 1194 est,
800 1111 1030 1183 Germaniam
1046 1132 1112 1199 op-

120 1216 265 1307 primat.
317 1213 451 1287 Ductor
471 1211 612 1285 Hieron
641 1236 723 1287 mus
742 1215 849 1285 etiam
872 1213 990 1283 orabit
1012 1211 1112 1280 urbis

119 1331 258 1389 vestrae
287 1314 495 1402 Senatores,
538 1331 578 1388 ut
609 1238 706 1388 bunc
734 1317 898 1386 iuvenem
929 1313 1111 1383 adiuvent.

119 1418 226 1508 Quae
239 1419 279 1487 in
295 1414 362 1488 hoc
372 1432 477 1511 motu
490 1432 611 1490 nostra
626 1418 774 1490 consilia
788 1417 939 1500 fuerint,
963 1413 1112 1513 ἔγραψα

118 1514 211 1593 ποτὲ
239 1515 333 1615 πρὸς
354 1512 550 1613 Ἰωάχιμσν
572 1513 619 1615 *).
687 1520 777 1590 Vale
802 1518 1003 1587 felicissime
1032 1539 1112 1585 cum

119 1646 246 1696 uxore.

135 1717 143 1728 ’
764 1716 950 1812 Philippus
968 1732 1063 1791 tuus.

130 2160 200 2234 No.
217 2155 305 2231 651.
814 2174 817 2179 ·
940 2172 996 2231 11.
1025 2160 1097 2226 oa.

125 2254 297 2286 Μ
932 2252 1104 2283 m

396 2298 617 2428 1111111110
646 2320 833 2429 Abbati.

187 2555 273 2627 Epist.
288 2554 336 2627 lib.
350 2554 397 2610 Vl.
415 2573 443 2626 p.
455 2553 515 2609 tta.
535 2581 567 2597 -
601 2551 715 2610 Contuli
726 2550 914 2626 autographon
923 2552 989 2608 Mel.
1005 2553 1034 2606 iu
1046 2551 1109 2607 cod.

222 2622 337 2681 Monac.
355 2622 375 2682 l.
393 2643 420 2694 p·
433 2623 495 2679 287.

115 2792 329 2871 Reverendo
352 2790 479 2882 Pani,
510 2791 564 2864 D.
585 2732 866 2878 Friderico,·
894 2791 1035 2865 Abbati
1056 2789 1113 2865 ad

351 2893 391 2967 S.
408 2892 605 2991 Aegidium
622 2894 871 2993 Noribergas,

114 3047 159 3138 S.
180 3062 226 3137 D.
284 3058 457 3131 Existimo
481 3061 585 3132 vobis
611 3057 809 3133 exhibitum
840 3086 915 3134 esse
943 3066 1106 3137 libellum

114 3181 239 3237 contra
258 3158 526 3256 Anabaptistas‚
565 3185 670 3258 quem
695 3166 752 3233 edi
778 3188 899 3256 passus
926 3191 1026 3253 sum,
1066 3182 1107 3239 ut

114 3278 266 3338 exstaret
281 3267 324 3335 de
342 3278 439 3334 tauta
458 3289 561 3335 causa
577 3289 697 3335 meum
714 3267 903 3352 iudicium,
927 3292 988 3339 seu
1007 3271 1106 3341 testi-

114 3368 280 3441 monium
299 3390 398 3435 meae
414 3368 507 3437 fidei.
567 3368 620 3436 Ae
647 3390 749 3460 spero
771 3393 827 3438 me
847 3369 950 3439 vobis
972 3368 1106 3453 †rem'’

113 3495 189 3542 11011
204 3470 377 3559 ingratam
387 3468 519 3553 secisse,
539 3471 636 3561 quod
651 3470 753 3540 vobis
770 3471 945 3564 inscripsi.
994 3471 1104 3544 Volui

113 3573 211 3643 enim
234 3570 343 3640 vestri
366 3570 470 3638 etiam
498 3569 656 3640 nominis
678 3574 885 3644 auctoritate
913 3575 1103 3645 factionem

113 3674 213 3743 illam
250 3694 427 3766 premere,
473 3696 491 3742 a
531 3696 600 3767 qua
645 3672 806 3744 videmus
844 3676 957 3746 multa
994 3678 1103 3769 impia

112 3779 277 3865 dogmata
292 3772 475 3865 proficisci.
521 3773 658 3843 Multos
672 3775 765 3860 vidi,
792 3777 853 3870 qui
868 3780 1102 3871 resipuerunt.

111 3874 280 3947 Himera
302 3889 463 3966 portenta
483 3887 648 3959 narrant,
675 3900 763 3970 quae
784 3893 952 3973 tanquam
971 3897 1102 3977 myste·

111 3979 167 4047 ria
181 3977 294 4048 celare
312 3977 427 4045 solent
441 3974 571 4065 †isti”‚
596 3999 642 4045 ue
658 3977 820 4071 impietas
837 4004 960 4052 eorum
976 3985 1103 4076 depre-

110 4076 225 4149 hendi
254 4076 357 4147 facile
386 4080 508 4172 possit.
581 4071 767 4180 Hoffman
795 4084 929 4176 accepit
958 4086 1103 4157 titulum

109 4179 305 4271 magisterii
326 4170 398 4274 ”).
463 4178 568 4251 Nunc
593 4175 702 4251 habet
728 4207 818 4277 opus
840 4199 955 4258 vestra
984 4211 1102 4281 opera,

109 4294 151 4353 ut
174 4282 221 4350 ad
244 4304 321 4349 eam
338 4304 415 4351 rem
438 4296 598 4375 sumptus
619 4282 652 4350 ei
672 4299 824 4360 curetur.
881 4284 1102 4362 Commendo
1133 4324 1136 4331 ·

108 4382 301 4454 vobiscum
318 4404 468 4452 causam.
520 4381 655 4457 Valete.
706 4384 773 4459 Die
794 4387 850 4461 12.
866 4384 1016 4463 Octobr.

228 4498 233 4505 ¹
574 4512 765 4613 Philippus
781 4518 1052 4602 Melanchthon.

106 4714 326 4733 *a*

142 4848 172 4916 *3
194 4845 259 4903 vid.
275 4848 352 4920 epist.
364 4848 397 4902 ad
412 4846 549 4903 Camerar-
563 4849 590 4904 d.
605 4848 648 4904 16.
662 4848 714 4905 lul.
730 4850 807 4909 1528.

140 4946 188 5017 “t
206 4945 269 5003 Vid.
286 4946 365 5006 Lutb.
381 4947 460 5020 epist.
474 4949 501 5003 d.
519 4947 637 5009 11011.
652 4949 680 5005 b.
699 4967 725 5006 1.
789 5032 794 5041 Ι

1409 960 1476 1005 suo
1494 962 1638 1009 summo
1653 937 1903 1033 Noribergae,

1162 1059 1206 1150 s·
1229 1084 1274 1159 D.
1333 1085 1580 1172 Adolescenti,
1621 1114 1727 1183 quem
1752 1085 1844 1158 1111111
1874 1090 2164 1175 commendastis,

1164 1208 1237 1257 non
1260 1212 1338 1258 sum
1365 1190 1565 1275 defuturus,
1597 1191 1712 1261 sicubi
1736 1216 1815 1261 mea
1837 1215 1941 1282 opera
1970 1190 2022 1261 uti
2048 1192 2154 1265 volet.

1163 1287 1267 1359 Nunc
1284 1292 1378 1382 apud
1398 1286 1437 1360 V
1437 1286 1528 1359 ilum
1540 1286 1720 1363 Noricum
1738 1287 1895 1377 habitat,
1921 1292 1983 1386 qui
2004 1292 2035 1360 ei
2055 1293 2153 1393 10111-

1163 1414 1224 1459 rus
1249 1405 1300 1461 est
1320 1393 1417 1464 velut
1438 1416 1625 1482 operarum
1649 1409 1804 1480 exactor,
1842 1394 2026 1464 exercendi
2050 1417 2086 1462 se
2114 1394 2189 1483 ins,

1164 1493 1295 1563 nostris
1314 1494 1451 1566 studiis.
1510 1490 1645 1566 Audiet
1667 1513 1845 1588 praetcrea
1867 1496 2039 1565 elementa
2064 1486 2165 1565 iurii'

1164 1594 1290 1669 civilis.
1343 1593 1385 1666 ld
1409 1595 1505 1669 enim
1526 1596 1601 1666 eius
1622 1599 1817 1692 propinqui
1837 1598 1883 1667 ab
1905 1596 2156 1689 copostulant,

1164 1720 1317 1791 quorum
1349 1696 1537 1767 consilium
1563 1721 1626 1790 ego
1656 1723 1739 1769 saue
1770 1693 2000 1769 uehementer
2027 1700 2164 1790 probo„

1164 1798 1270 1869 Soleo
1288 1798 1384 1868 enim
1405 1812 1445 1868 ut
1465 1799 1533 1868 scis
1554 1798 1700 1871 iuvenes
1716 1794 1872 1884 bertari,
1897 1813 1937 1870 111
1960 1800 2164 1893 sequantur'

1163 1899 1300 1986 literas,
1337 1925 1427 1995 quae
1445 1900 1577 1972 faciant
1594 1898 1686 1999 πρὸς
1705 1901 1876 1999 τᾶλφιτα.
1937 1898 2036 1991 Quid
2055 1901 2161 1970 enim.

1163 2002 1262 2072 aliud
1285 2002 1418 2072 saciant
1442 2002 1482 2071 in
1506 2016 1580 2073 tam
1600 2006 1773 2097 perversis
1788 2000 1976 2074 hominum
2000 2001 2161 2097 iudiciis,
2227 2026 2236 2038 “

1163 2116 1199 2175 11
1227 2117 1299 2173 tam
1329 2103 1468 2176 miseris
1490 2106 1729 2198 temporibus,
1767 2105 1833 2177 ubi
1856 2104 1979 2175 virtuti
2002 2127 2076 2173 non
2100 2118 2153 2174 est

1162 2199 1289 2280 honos.

1262 2305 1317 2377 De
1340 2332 1418 2378 mea
1435 2310 1638 2481 1111οἤ111111ι
1659 2313 1793 2401 gaudeo
1819 2322 1853 2381 te
1873 2311 1964 2380 bene
1985 2308 2152 2381 ominari.

1162 2410 1233 2481 Sed
1249 2400 1394 2479 Crieius
1407 2402 1444 2502 ¹⁶)
1464 2435 1541 2480 erra
1564 2465 1574 2496 ,
1600 2412 1662 2504 qui
1677 2437 1751 2497 me,
1776 2411 1859 2506 quia
1875 2435 1951 2479 non
1965 2409 2151 2494 decumbo,

1160 2511 1333 2582 incolumi
1348 2512 1552 2583 valetudine
1567 2537 1640 2582 esse
1656 2514 1798 2584 iudicat.
1835 2511 1959 2584 Sentio
1975 2510 2152 2581 attenuari

1161 2612 1320 2707 quotidie
1337 2636 1483 2706 corpus,
1507 2639 1547 2684 ac
1566 2616 1738 2707 paulatim
1758 2616 1852 2684 vires
1873 2614 2031 2686 deficere.
2081 2609 2156 2681 Illa-

1161 2716 1266 2785 etiam
1298 2715 1431 2800 diaeta,
1476 2740 1566 2809 quae
1597 2732 1699 2788 antea
1730 2715 1943 2787 conciliabat
1973 2721 2151 2797 somnum,

1160 2842 1257 2886 nunc
1281 2817 1446 2909 impedit,
1480 2831 1514 2886 et
1536 2819 1747 2889 commutari
1774 2833 1893 2889 tamen
1923 2818 1999 2886 sine
2026 2815 2148 2909 aliquo

1160 2919 1386 2987 incommodo
1404 2942 1477 2986 non
1494 2932 1618 3010 potest.
1669 2918 1740 2990 Sed
1759 2915 1845 2989 haec
1858 2942 1915 2987 me
1933 2941 2007 2988 non
2024 2914 2149 2986 admo-

1159 3021 1245 3091 dum
1264 3032 1417 3109 angunt,
1440 3019 1594 3090 libenter
1614 3021 1709 3091 euim
1729 3046 1770 3101 ex
1790 3016 1847 3091 his
1870 3021 1971 3113 quasi
1995 3019 2148 3090 vinculis

1159 3120 1324 3206 evolabo,
1365 3120 1446 3193 cum
1469 3123 1629 3193 evocabit
1651 3121 1767 3209 Deus,
1806 3125 1914 3193 modo
1937 3136 1976 3193 ut
2003 3120 2078 3213 ipse
2101 3120 2148 3190 sit

1157 3217 1247 3291 milti
1268 3221 1459 3315 propicius.
1523 3222 1605 3294 Alia
1633 3240 1716 3297 sunt
1741 3249 1829 3320 quae
1851 3247 1909 3293 me
1934 3218 2146 3313 magis'affi·

1158 3322 1267 3396 ciunt.
1926 3380 1931 3389 ,
2015 3344 2021 3357 ·

1257 3421 1391 3494 Crescit
1420 3420 1597 3497 Ecclesiae
1636 3428 1834 3498 dissidium.
1905 3424 1992 3516 Legi
2030 3450 2147 3517 nuper

1157 3525 1341 3617 epistolam
1350 3521 1548 3609 Billicant
1575 3531 1614 3601 in
1632 3555 1700 3624 qua
1717 3544 1828 3603 totam
1843 3524 2144 3625 Lutberanorum,

1154 3622 1251 3698 κατὰ
1266 3623 1337 3722 τὴν
1348 3624 1437 3701 νυνὶ
1451 3624 1746 3718 ἐπιπολάζουσαν
1758 3626 1991 3723 ἐπωνυμίαν,
2011 3629 2145 3700 doctri·

1155 3752 1239 3798 nam
1256 3728 1496 3801 'condemnat
1578 3731 1708 3825 Incipit
1746 3732 1870 3802 mirari
1906 3729 2145 3826 Dionysium?

1155 3831 1242 3923 quid
1259 3830 1398 3900 dicam?
1418 3827 1509 3905 mibi
1532 3834 1694 3927 quidem,
1720 3835 1880 3929 quisquis
1903 3834 2006 3904 illum
2025 3840 2145 3904 lanto*

1154 3956 1238 4026 pere
1254 3933 1417 4025 suspicit,
1440 3946 1490 4015 ut
1498 3958 1582 4026 prae
1598 3959 1639 4006 eo
1654 3932 1702 4008 ed
1719 3940 1789 4010 τοῦ
1796 3929 2008 4031 Λουθήρου
2024 3935 2144 4004 omnia

1155 4048 1375 4121 contemnat,
1398 4054 1505 4105 sanus
1522 4060 1684 4109 essenon
1699 4041 1853 4110 videtur.
1907 4034 2007 4125 Quae
2024 4037 2063 4104 in
2077 4036 2143 4105 illo

1155 4149 1216 4206 aut
1244 4135 1420 4207 similibus
1443 4137 1544 4208 litera
1566 4140 1610 4208 dc
1634 4140 1897 4225 iustificatione,
1925 4140 1969 4207 de
1990 4137 2143 4227 gratuita

1153 4237 1361 4307 remissione
1376 4255 1616 4331 peccatorum,
1641 4245 1685 4313 de
1704 4244 1786 4312 fidei
1808 4242 1843 4311 vi
1866 4264 1906 4310 ae
1928 4254 2074 4325 natura,
2098 4240 2143 4311 dc

1154 4340 1232 4409 iure
1248 4339 1516 4430 magistratuum
1542 4357 1577 4413 et
1592 4344 1673 4414 aliis
1693 4345 1905 4438 quibusdam
1925 4343 2027 4427 locis,
2054 4363 2143 4436 quos

1154 4436 1350 4514 hic-noster
1365 4444 1527 4533 aperuit?
1570 4441 1618 4515 Et
1633 4460 1749 4517 tamen
1768 4447 1874 4516 audet
1888 4445 2057 4529 scribere,
2076 4466 2145 4512 nee

1154 4556 1441 4636 praeceptorum,
1467 4570 1531 4616 nee
1547 4562 1845 4621 sacramentorum
1862 4548 2034 4618 rationem
2049 4558 2142 4615 recte

1155 4642 1320 4723 traditam
1343 4667 1416 4714 esse
1443 4649 1636 4735 1111011111,
1667 4674 1709 4720 ac
1727 4650 1902 4734 insanire,
1933 4644 2141 4743 qui-Eam:

1154 4742 1243 4815 siam
1266 4744 1361 4840 apud
1383 4769 1448 4817 nos
1471 4772 1544 4819 esse
1565 4750 1775 4828 existiment.
1847 4748 1945 4821 Haec
1965 4750 2045 4818 ideo
2073 4747 2141 4818 tibi

1153 4845 1286 4932 scribo,
1311 4862 1351 4919 ut
1367 4842 1569 4946 Spenglero
1590 4852 1696 4928 dieas.
1746 4840 1842 4924 Nam
1860 4846 1944 4921 huic
1967 4850 2140 4945 quaedam

989 4964 996 4971 ·
1032 4966 1050 5057 ¹.
1087 4966 1097 4973 ··
1151 4973 1233 5019 cum
1247 4949 1311 5019 illo
1324 4961 1377 5019 est
1390 4951 1528 5041 notitia,
1545 4979 1619 5024 non
1634 4969 1674 5026 ut
1689 4955 1790 5026 illum
1806 4956 2004 5038 admoneub
2019 4972 2139 5021 “mm

1151 5050 1246 5120 enim
1270 5051 1413 5124 videtur
1438 5077 1532 5143 esse,
1571 5060 1634 5129 sed
1657 5072 1698 5130 ut
1718 5055 1920 5163 meminerit
1952 5049 2138 5157 προςξχειν

1180 5292 1354 5373 ’1)131111101).
1370 5296 1488 5361 Cneov·
1521 5296 1645 5356 C.W.?
