<?xml version="1.0" encoding="UTF-8"?>
<!DOCTYPE html PUBLIC "-//W3C//DTD XHTML 1.0 Transitional//EN"
    "http://www.w3.org/TR/xhtml1/DTD/xhtml1-transitional.dtd">
<html xmlns="http://www.w3.org/1999/xhtml" xml:lang="en" lang="en">
 <head>
  <title>
</title>
<meta http-equiv="Content-Type" content="text/html;charset=utf-8" />
  <meta name='ocr-system' content='tesseract 3.04.00' />
  <meta name='ocr-capabilities' content='ocr_page ocr_carea ocr_par ocr_line ocrx_word'/>
</head>
<body>
  <div class='ocr_page' id='page_1' title='image "./corpusreformato07melagoog/corpusreformato07melagoog_0203.png"; bbox 0 0 4500 5782; ppageno 0'>
   <div class='ocr_carea' id='block_1_1' title="bbox 707 228 1560 309">
    <p class='ocr_par' dir='ltr' id='par_1_1' title="bbox 707 228 1560 309">
     <span class='ocr_line' id='line_1_1' title="bbox 707 228 1560 309; baseline 0 -4"><span class='ocrx_word' id='word_1_1' title='bbox 707 228 1138 307; x_wconf 78' lang='lat' dir='ltr'>EPISTOLARUM</span> <span class='ocrx_word' id='word_1_2' title='bbox 1187 232 1291 308; x_wconf 86' lang='lat' dir='ltr'>LIB.</span> <span class='ocrx_word' id='word_1_3' title='bbox 1323 232 1372 305; x_wconf 85' lang='grc' dir='ltr'>ΙΙ.</span> <span class='ocrx_word' id='word_1_4' title='bbox 1432 232 1560 309; x_wconf 80' lang='lat'>1520.</span> 
     </span>
    </p>
   </div>
   <div class='ocr_carea' id='block_1_2' title="bbox 103 402 2170 4655">
    <p class='ocr_par' dir='ltr' id='par_1_2' title="bbox 103 402 2170 4655">
     <span class='ocr_line' id='line_1_2' title="bbox 118 402 2153 501; baseline -0.001 -18"><span class='ocrx_word' id='word_1_5' title='bbox 118 438 177 483; x_wconf 90' lang='lat' dir='ltr'>me</span> <span class='ocrx_word' id='word_1_6' title='bbox 191 411 409 484; x_wconf 89' lang='lat' dir='ltr'>audiendum</span> <span class='ocrx_word' id='word_1_7' title='bbox 424 405 679 501; x_wconf 74' lang='lat' dir='ltr'><strong>benignitatem</strong></span> <span class='ocrx_word' id='word_1_8' title='bbox 692 404 892 477; x_wconf 85' lang='lat' dir='ltr'>conciliarit</span> <span class='ocrx_word' id='word_1_9' title='bbox 906 420 942 476; x_wconf 93' lang='lat' dir='ltr'>et</span> <span class='ocrx_word' id='word_1_10' title='bbox 958 406 1108 497; x_wconf 82' lang='lat' dir='ltr'>gratiam</span> <span class='ocrx_word' id='word_1_11' title='bbox 1156 404 1391 477; x_wconf 84' lang='lat' dir='ltr'>servatorem.</span> <span class='ocrx_word' id='word_1_12' title='bbox 1450 403 1555 477; x_wconf 81' lang='lat' dir='ltr'>Tunc</span> <span class='ocrx_word' id='word_1_13' title='bbox 1571 402 1764 499; x_wconf 74' lang='lat' dir='ltr'><strong>Aethiopes</strong></span> <span class='ocrx_word' id='word_1_14' title='bbox 1784 424 2005 481; x_wconf 87' lang='lat' dir='ltr'>evanuerunt</span> <span class='ocrx_word' id='word_1_15' title='bbox 2028 409 2068 479; x_wconf 92' lang='lat' dir='ltr'>in</span> <span class='ocrx_word' id='word_1_16' title='bbox 2090 435 2153 481; x_wconf 87' lang='lat' dir='ltr'>eo·</span> 
     </span>
     <span class='ocr_line' id='line_1_3' title="bbox 120 506 2154 603; baseline -0.002 -16"><span class='ocrx_word' id='word_1_17' title='bbox 120 513 304 587; x_wconf 87' lang='lat' dir='ltr'>diffuderit</span> <span class='ocrx_word' id='word_1_18' title='bbox 324 512 363 580; x_wconf 91' lang='lat' dir='ltr'>in</span> <span class='ocrx_word' id='word_1_19' title='bbox 385 508 491 580; x_wconf 89' lang='lat' dir='ltr'>labiis</span> <span class='ocrx_word' id='word_1_20' title='bbox 513 507 625 592; x_wconf 85' lang='lat' dir='ltr'>meis,</span> <span class='ocrx_word' id='word_1_21' title='bbox 649 506 798 581; x_wconf 85' lang='lat' dir='ltr'>efficiarn</span> <span class='ocrx_word' id='word_1_22' title='bbox 819 529 942 600; x_wconf 86' lang='lat' dir='ltr'>spero,</span> <span class='ocrx_word' id='word_1_23' title='bbox 973 523 1014 579; x_wconf 91' lang='lat' dir='ltr'>ut</span> <span class='ocrx_word' id='word_1_24' title='bbox 1033 507 1112 599; x_wconf 89' lang='lat' dir='ltr'>pri·</span> <span class='ocrx_word' id='word_1_25' title='bbox 1156 508 1388 598; x_wconf 89' lang='lat' dir='ltr'>gitationibus</span> <span class='ocrx_word' id='word_1_26' title='bbox 1409 506 1482 577; x_wconf 90' lang='lat' dir='ltr'>suis</span> <span class='ocrx_word' id='word_1_27' title='bbox 1509 519 1544 577; x_wconf 90' lang='lat' dir='ltr'>et</span> <span class='ocrx_word' id='word_1_28' title='bbox 1562 508 1790 579; x_wconf 87' lang='lat' dir='ltr'>obscuratum</span> <span class='ocrx_word' id='word_1_29' title='bbox 1814 524 1866 581; x_wconf 91' lang='lat' dir='ltr'>est</span> <span class='ocrx_word' id='word_1_30' title='bbox 1890 510 2063 603; x_wconf 73' lang='lat' dir='ltr'>insipiens</span> <span class='ocrx_word' id='word_1_31' title='bbox 2088 534 2154 583; x_wconf 87' lang='lat' dir='ltr'>cor</span> 
     </span>
     <span class='ocr_line' id='line_1_4' title="bbox 103 601 2158 703; baseline -0.003 -14"><span class='ocrx_word' id='word_1_32' title='bbox 103 640 220 689; x_wconf 81' lang='lat' dir='ltr'>mum</span> <span class='ocrx_word' id='word_1_33' title='bbox 244 611 450 702; x_wconf 87' lang='lat' dir='ltr'>intelligatis</span> <span class='ocrx_word' id='word_1_34' title='bbox 468 604 682 679; x_wconf 78' lang='lat' dir='ltr'>Martinam</span> <span class='ocrx_word' id='word_1_35' title='bbox 702 601 903 693; x_wconf 77' lang='lat' dir='ltr'>Laterum,</span> <span class='ocrx_word' id='word_1_36' title='bbox 927 610 1109 681; x_wconf 82' lang='lat' dir='ltr'>tametsia</span> <span class='ocrx_word' id='word_1_37' title='bbox 1158 634 1293 685; x_wconf 87' lang='lat' dir='ltr'>eorum.</span> <span class='ocrx_word' id='word_1_38' title='bbox 1319 607 1486 679; x_wconf 89' lang='lat' dir='ltr'>Dicentes</span> <span class='ocrx_word' id='word_1_39' title='bbox 1500 609 1609 693; x_wconf 88' lang='lat' dir='ltr'>enim,</span> <span class='ocrx_word' id='word_1_40' title='bbox 1625 633 1661 679; x_wconf 86' lang='lat' dir='ltr'>se</span> <span class='ocrx_word' id='word_1_41' title='bbox 1677 634 1751 681; x_wconf 83' lang='lat' dir='ltr'>esse</span> <span class='ocrx_word' id='word_1_42' title='bbox 1764 612 2158 703; x_wconf 81' lang='lat' dir='ltr'>sapientes-et--ruligio··¹</span> 
     </span>
     <span class='ocr_line' id='line_1_5' title="bbox 119 704 2153 803; baseline -0 -16"><span class='ocrx_word' id='word_1_43' title='bbox 119 717 292 789; x_wconf 88' lang='lat' dir='ltr'>nonnulis</span> <span class='ocrx_word' id='word_1_44' title='bbox 318 714 375 784; x_wconf 90' lang='lat' dir='ltr'>vir</span> <span class='ocrx_word' id='word_1_45' title='bbox 400 713 492 783; x_wconf 88' lang='lat' dir='ltr'>sorte</span> <span class='ocrx_word' id='word_1_46' title='bbox 513 711 594 781; x_wconf 90' lang='lat' dir='ltr'>talis</span> <span class='ocrx_word' id='word_1_47' title='bbox 621 707 810 795; x_wconf 78' lang='lat' dir='ltr'>habeatur,</span> <span class='ocrx_word' id='word_1_48' title='bbox 841 711 905 803; x_wconf 89' lang='lat' dir='ltr'>qui</span> <span class='ocrx_word' id='word_1_49' title='bbox 920 712 1047 783; x_wconf 88' lang='lat' dir='ltr'>bonus</span> <span class='ocrx_word' id='word_1_50' title='bbox 1066 711 1122 779; x_wconf 89' lang='lat' dir='ltr'>sit·</span> <span class='ocrx_word' id='word_1_51' title='bbox 1152 704 1235 795; x_wconf 82' lang='lat' dir='ltr'>sos,</span> <span class='ocrx_word' id='word_1_52' title='bbox 1267 711 1368 781; x_wconf 88' lang='lat' dir='ltr'>stulti</span> <span class='ocrx_word' id='word_1_53' title='bbox 1384 724 1487 803; x_wconf 85' lang='lat' dir='ltr'>atque</span> <span class='ocrx_word' id='word_1_54' title='bbox 1511 711 1745 802; x_wconf 76' lang='lat' dir='ltr'>superstitiosi</span> <span class='ocrx_word' id='word_1_55' title='bbox 1766 714 1850 784; x_wconf 83' lang='lat' dir='ltr'>facti</span> <span class='ocrx_word' id='word_1_56' title='bbox 1870 727 1953 785; x_wconf 89' lang='lat' dir='ltr'>sunt</span> <span class='ocrx_word' id='word_1_57' title='bbox 1978 726 2013 787; x_wconf 85' lang='lat' dir='ltr'>et</span> <span class='ocrx_word' id='word_1_58' title='bbox 2028 730 2153 787; x_wconf 79' lang='lat' dir='ltr'>anuto-</span> 
     </span>
     <span class='ocr_line' id='line_1_6' title="bbox 122 812 2153 907; baseline 0 -18"><span class='ocrx_word' id='word_1_59' title='bbox 122 833 158 892; x_wconf 91' lang='lat' dir='ltr'>et</span> <span class='ocrx_word' id='word_1_60' title='bbox 171 820 264 890; x_wconf 87' lang='lat' dir='ltr'>bene</span> <span class='ocrx_word' id='word_1_61' title='bbox 281 816 397 897; x_wconf 89' lang='lat' dir='ltr'>vivat,</span> <span class='ocrx_word' id='word_1_62' title='bbox 422 835 646 907; x_wconf 86' lang='lat' dir='ltr'>nequaquam</span> <span class='ocrx_word' id='word_1_63' title='bbox 663 826 782 891; x_wconf 81' lang='lat' dir='ltr'>tamen</span> <span class='ocrx_word' id='word_1_64' title='bbox 804 812 897 883; x_wconf 88' lang='lat' dir='ltr'>bene</span> <span class='ocrx_word' id='word_1_65' title='bbox 923 813 1112 905; x_wconf 85' lang='lat' dir='ltr'>scripsisse,</span> <span class='ocrx_word' id='word_1_66' title='bbox 1159 826 1287 883; x_wconf 91' lang='lat' dir='ltr'>verunt</span> <span class='ocrx_word' id='word_1_67' title='bbox 1313 812 1462 901; x_wconf 83' lang='lat' dir='ltr'>gloriam</span> <span class='ocrx_word' id='word_1_68' title='bbox 1485 812 1767 904; x_wconf 89' lang='lat' dir='ltr'>incorruptibilis</span> <span class='ocrx_word' id='word_1_69' title='bbox 1788 812 1857 883; x_wconf 91' lang='lat' dir='ltr'>Dei</span> <span class='ocrx_word' id='word_1_70' title='bbox 1878 815 1917 883; x_wconf 92' lang='lat' dir='ltr'>in</span> <span class='ocrx_word' id='word_1_71' title='bbox 1943 815 2153 889; x_wconf 81' lang='lat' dir='ltr'>similitudi·</span> 
     </span>
     <span class='ocr_line' id='line_1_7' title="bbox 122 908 2152 1012; baseline -0.001 -21"><span class='ocrx_word' id='word_1_72' title='bbox 122 943 237 1012; x_wconf 86' lang='lat' dir='ltr'>neque</span> <span class='ocrx_word' id='word_1_73' title='bbox 257 931 298 989; x_wconf 92' lang='lat' dir='ltr'>ut</span> <span class='ocrx_word' id='word_1_74' title='bbox 313 915 542 987; x_wconf 75' lang='lat' dir='ltr'>nobilitatem</span> <span class='ocrx_word' id='word_1_75' title='bbox 563 908 812 984; x_wconf 81' lang='lat' dir='ltr'>Germanicam</span> <span class='ocrx_word' id='word_1_76' title='bbox 836 914 1112 1007; x_wconf 59' lang='lat' dir='ltr'>decuitsueque</span> <span class='ocrx_word' id='word_1_77' title='bbox 1159 939 1242 983; x_wconf 90' lang='lat' dir='ltr'>nem</span> <span class='ocrx_word' id='word_1_78' title='bbox 1271 913 1434 1003; x_wconf 76' lang='lat' dir='ltr'>imaginis</span> <span class='ocrx_word' id='word_1_79' title='bbox 1461 914 1702 1005; x_wconf 88' lang='lat' dir='ltr'>corruptibilis</span> <span class='ocrx_word' id='word_1_80' title='bbox 1722 910 1879 985; x_wconf 88' lang='lat' dir='ltr'>bominis</span> <span class='ocrx_word' id='word_1_81' title='bbox 1902 930 1937 987; x_wconf 93' lang='lat' dir='ltr'>et</span> <span class='ocrx_word' id='word_1_82' title='bbox 1963 917 2152 989; x_wconf 85' lang='lat' dir='ltr'>volucrum</span> 
     </span>
     <span class='ocr_line' id='line_1_8' title="bbox 122 1013 2153 1111; baseline -0.002 -19"><span class='ocrx_word' id='word_1_83' title='bbox 122 1013 438 1111; x_wconf 89' lang='lat' dir='ltr'>utPhilosophum,</span> <span class='ocrx_word' id='word_1_84' title='bbox 451 1039 565 1109; x_wconf 89' lang='lat' dir='ltr'>neque</span> <span class='ocrx_word' id='word_1_85' title='bbox 578 1030 620 1085; x_wconf 91' lang='lat' dir='ltr'>ut</span> <span class='ocrx_word' id='word_1_86' title='bbox 635 1014 1113 1089; x_wconf 81' lang='lat' dir='ltr'>iusserisliteriseruditum:</span> <span class='ocrx_word' id='word_1_87' title='bbox 1159 1030 1195 1084; x_wconf 90' lang='lat' dir='ltr'>et</span> <span class='ocrx_word' id='word_1_88' title='bbox 1214 1017 1485 1109; x_wconf 83' lang='lat' dir='ltr'>quadrupedum</span> <span class='ocrx_word' id='word_1_89' title='bbox 1508 1029 1543 1085; x_wconf 88' lang='lat' dir='ltr'>et</span> <span class='ocrx_word' id='word_1_90' title='bbox 1564 1017 1793 1107; x_wconf 82' lang='lat' dir='ltr'>serpentium.</span> <span class='ocrx_word' id='word_1_91' title='bbox 1844 1016 1919 1086; x_wconf 81' lang='lat' dir='ltr'>Vos</span> <span class='ocrx_word' id='word_1_92' title='bbox 1940 1032 2002 1088; x_wconf 89' lang='lat' dir='ltr'>aut</span> <span class='ocrx_word' id='word_1_93' title='bbox 2023 1019 2153 1089; x_wconf 89' lang='lat' dir='ltr'>invisi-</span> 
     </span>
     <span class='ocr_line' id='line_1_9' title="bbox 122 1114 2152 1211; baseline -0 -19"><span class='ocrx_word' id='word_1_94' title='bbox 122 1123 253 1193; x_wconf 91' lang='lat' dir='ltr'>deinde</span> <span class='ocrx_word' id='word_1_95' title='bbox 275 1120 460 1190; x_wconf 90' lang='lat' dir='ltr'>ostendam</span> <span class='ocrx_word' id='word_1_96' title='bbox 480 1114 674 1187; x_wconf 78' lang='lat' dir='ltr'>Lutetiam</span> <span class='ocrx_word' id='word_1_97' title='bbox 696 1116 762 1187; x_wconf 88' lang='lat' dir='ltr'>ista</span> <span class='ocrx_word' id='word_1_98' title='bbox 784 1116 877 1191; x_wconf 77' lang='lat' dir='ltr'>inter</span> <span class='ocrx_word' id='word_1_99' title='bbox 898 1138 934 1189; x_wconf 88' lang='lat' dir='ltr'>se</span> <span class='ocrx_word' id='word_1_100' title='bbox 952 1141 1114 1209; x_wconf 73' lang='lat' dir='ltr'>:pugnare</span> <span class='ocrx_word' id='word_1_101' title='bbox 1159 1118 1246 1187; x_wconf 88' lang='lat' dir='ltr'>bilia</span> <span class='ocrx_word' id='word_1_102' title='bbox 1262 1115 1327 1186; x_wconf 88' lang='lat' dir='ltr'>Dei</span> <span class='ocrx_word' id='word_1_103' title='bbox 1353 1140 1416 1208; x_wconf 90' lang='lat' dir='ltr'>per</span> <span class='ocrx_word' id='word_1_104' title='bbox 1436 1140 1492 1202; x_wconf 90' lang='lat' dir='ltr'>ea,</span> <span class='ocrx_word' id='word_1_105' title='bbox 1515 1140 1605 1209; x_wconf 76' lang='lat' dir='ltr'>qrrare</span> <span class='ocrx_word' id='word_1_106' title='bbox 1619 1118 1709 1186; x_wconf 82' lang='lat' dir='ltr'>taeta</span> <span class='ocrx_word' id='word_1_107' title='bbox 1725 1132 1824 1204; x_wconf 90' lang='lat' dir='ltr'>sunt,</span> <span class='ocrx_word' id='word_1_108' title='bbox 1849 1118 2152 1211; x_wconf 57' lang='lat' dir='ltr'>itacenspenistis</span> 
     </span>
     <span class='ocr_line' id='line_1_10' title="bbox 124 1216 2152 1319; baseline -0.001 -24"><span class='ocrx_word' id='word_1_109' title='bbox 124 1240 228 1319; x_wconf 85' lang='lat' dir='ltr'>atque</span> <span class='ocrx_word' id='word_1_110' title='bbox 251 1220 370 1291; x_wconf 91' lang='lat' dir='ltr'>nescio</span> <span class='ocrx_word' id='word_1_111' title='bbox 389 1243 461 1313; x_wconf 89' lang='lat' dir='ltr'>quo</span> <span class='ocrx_word' id='word_1_112' title='bbox 479 1219 552 1289; x_wconf 82' lang='lat' dir='ltr'>lato</span> <span class='ocrx_word' id='word_1_113' title='bbox 571 1216 1130 1312; x_wconf 61' lang='lat' dir='ltr'>(crediderimtrsnenaerrorum.</span> <span class='ocrx_word' id='word_1_114' title='bbox 1160 1233 1201 1287; x_wconf 89' lang='lat' dir='ltr'>ut</span> <span class='ocrx_word' id='word_1_115' title='bbox 1221 1219 1472 1309; x_wconf 87' lang='lat' dir='ltr'>sempiternam</span> <span class='ocrx_word' id='word_1_116' title='bbox 1495 1232 1607 1311; x_wconf 86' lang='lat' dir='ltr'>atque·</span> <span class='ocrx_word' id='word_1_117' title='bbox 1620 1219 1796 1291; x_wconf 79' lang='lat' dir='ltr'>infinitam</span> <span class='ocrx_word' id='word_1_118' title='bbox 1811 1220 1899 1290; x_wconf 86' lang='lat' dir='ltr'>eius·</span> <span class='ocrx_word' id='word_1_119' title='bbox 1917 1222 2089 1297; x_wconf 84' lang='lat' dir='ltr'>virtutem</span> <span class='ocrx_word' id='word_1_120' title='bbox 2111 1246 2152 1293; x_wconf 78' lang='lat' dir='ltr'>so</span> 
     </span>
     <span class='ocr_line' id='line_1_11' title="bbox 123 1313 2153 1414; baseline -0.001 -17"><span class='ocrx_word' id='word_1_121' title='bbox 123 1348 270 1397; x_wconf 90' lang='lat' dir='ltr'>suorum</span> <span class='ocrx_word' id='word_1_122' title='bbox 297 1317 440 1414; x_wconf 86' lang='lat' dir='ltr'>poenis)</span> <span class='ocrx_word' id='word_1_123' title='bbox 464 1314 647 1389; x_wconf 89' lang='lat' dir='ltr'>bominem</span> <span class='ocrx_word' id='word_1_124' title='bbox 668 1313 1063 1409; x_wconf 53' lang='lat' dir='ltr'>brecanammere</span> <span class='ocrx_word' id='word_1_125' title='bbox 1092 1345 1124 1389; x_wconf 84' lang='lat' dir='ltr'>a·-</span> <span class='ocrx_word' id='word_1_126' title='bbox 1159 1318 1394 1393; x_wconf 86' lang='lat' dir='ltr'>Divinitatem</span> <span class='ocrx_word' id='word_1_127' title='bbox 1418 1320 1621 1410; x_wconf 90' lang='lat' dir='ltr'>purioribus</span> <span class='ocrx_word' id='word_1_128' title='bbox 1643 1321 1770 1393; x_wconf 85' lang='lat' dir='ltr'>mentis</span> <span class='ocrx_word' id='word_1_129' title='bbox 1790 1336 1928 1393; x_wconf 82' lang='lat' dir='ltr'>vestrae</span> <span class='ocrx_word' id='word_1_130' title='bbox 1951 1322 2153 1393; x_wconf 51' lang='lat' dir='ltr'>oculisaein-</span> 
     </span>
     <span class='ocr_line' id='line_1_12' title="bbox 110 1419 2153 1516; baseline -0 -19"><span class='ocrx_word' id='word_1_131' title='bbox 110 1440 242 1505; x_wconf 69' lang='lat' dir='ltr'>,mentc</span> <span class='ocrx_word' id='word_1_132' title='bbox 257 1423 478 1516; x_wconf 89' lang='lat' dir='ltr'>consilioque</span> <span class='ocrx_word' id='word_1_133' title='bbox 493 1420 639 1505; x_wconf 87' lang='lat' dir='ltr'>deduci,</span> <span class='ocrx_word' id='word_1_134' title='bbox 663 1433 705 1491; x_wconf 84' lang='lat' dir='ltr'>ut</span> <span class='ocrx_word' id='word_1_135' title='bbox 719 1419 868 1493; x_wconf 88' lang='lat' dir='ltr'>minime</span> <span class='ocrx_word' id='word_1_136' title='bbox 879 1422 951 1493; x_wconf 89' lang='lat' dir='ltr'>sibi</span> <span class='ocrx_word' id='word_1_137' title='bbox 968 1435 1132 1501; x_wconf 62' lang='lat' dir='ltr'>nonstetn</span> <span class='ocrx_word' id='word_1_138' title='bbox 1162 1421 1361 1493; x_wconf 87' lang='lat' dir='ltr'>tueremini.</span> <span class='ocrx_word' id='word_1_139' title='bbox 1410 1419 1501 1491; x_wconf 89' lang='lat' dir='ltr'>Nam</span> <span class='ocrx_word' id='word_1_140' title='bbox 1518 1421 1798 1515; x_wconf 84' lang='lat' dir='ltr'>etsialiquorum</span> <span class='ocrx_word' id='word_1_141' title='bbox 1813 1426 1907 1516; x_wconf 91' lang='lat' dir='ltr'>apud</span> <span class='ocrx_word' id='word_1_142' title='bbox 1924 1422 2153 1497; x_wconf 85' lang='lat' dir='ltr'>vosDeernm</span> 
     </span>
     <span class='ocr_line' id='line_1_13' title="bbox 124 1518 2152 1619; baseline -0.001 -19"><span class='ocrx_word' id='word_1_143' title='bbox 124 1527 194 1600; x_wconf 87' lang='lat' dir='ltr'>Sed</span> <span class='ocrx_word' id='word_1_144' title='bbox 216 1540 406 1619; x_wconf 89' lang='lat' dir='ltr'>antequam</span> <span class='ocrx_word' id='word_1_145' title='bbox 422 1524 466 1593; x_wconf 92' lang='lat' dir='ltr'>de</span> <span class='ocrx_word' id='word_1_146' title='bbox 486 1520 560 1613; x_wconf 89' lang='lat' dir='ltr'>ipsa</span> <span class='ocrx_word' id='word_1_147' title='bbox 581 1545 685 1593; x_wconf 76' lang='lat' dir='ltr'>cama</span> <span class='ocrx_word' id='word_1_148' title='bbox 703 1522 819 1593; x_wconf 88' lang='lat' dir='ltr'>dicere</span> <span class='ocrx_word' id='word_1_149' title='bbox 834 1523 1020 1615; x_wconf 86' lang='lat' dir='ltr'>incipiam,</span> <span class='ocrx_word' id='word_1_150' title='bbox 1044 1518 1113 1593; x_wconf 83' lang='lat' dir='ltr'>lsoc</span> <span class='ocrx_word' id='word_1_151' title='bbox 1161 1519 1374 1593; x_wconf 88' lang='lat' dir='ltr'>simulachra</span> <span class='ocrx_word' id='word_1_152' title='bbox 1385 1523 1601 1607; x_wconf 86' lang='lat' dir='ltr'>viderentur,</span> <span class='ocrx_word' id='word_1_153' title='bbox 1616 1546 1754 1615; x_wconf 86' lang='lat' dir='ltr'>semper</span> <span class='ocrx_word' id='word_1_154' title='bbox 1766 1540 1885 1597; x_wconf 88' lang='lat' dir='ltr'>tamen</span> <span class='ocrx_word' id='word_1_155' title='bbox 1903 1548 1968 1595; x_wconf 91' lang='lat' dir='ltr'>nec</span> <span class='ocrx_word' id='word_1_156' title='bbox 1984 1520 2152 1597; x_wconf 84' lang='lat' dir='ltr'>cohibere</span> 
     </span>
     <span class='ocr_line' id='line_1_14' title="bbox 124 1620 2153 1721; baseline -0 -21"><span class='ocrx_word' id='word_1_157' title='bbox 124 1629 265 1700; x_wconf 90' lang='lat' dir='ltr'>avobis</span> <span class='ocrx_word' id='word_1_158' title='bbox 281 1627 350 1696; x_wconf 89' lang='lat' dir='ltr'>viri</span> <span class='ocrx_word' id='word_1_159' title='bbox 363 1621 535 1695; x_wconf 87' lang='lat' dir='ltr'>Germani</span> <span class='ocrx_word' id='word_1_160' title='bbox 553 1620 669 1716; x_wconf 92' lang='lat' dir='ltr'>(quod</span> <span class='ocrx_word' id='word_1_161' title='bbox 689 1623 1026 1721; x_wconf 80' lang='lat' dir='ltr'>aequissimumest)</span> <span class='ocrx_word' id='word_1_162' title='bbox 1049 1649 1113 1715; x_wconf 90' lang='lat' dir='ltr'>po-</span> <span class='ocrx_word' id='word_1_163' title='bbox 1161 1625 1355 1717; x_wconf 89' lang='lat' dir='ltr'>parietibus</span> <span class='ocrx_word' id='word_1_164' title='bbox 1380 1621 1516 1708; x_wconf 82' lang='lat' dir='ltr'>Deum,</span> <span class='ocrx_word' id='word_1_165' title='bbox 1557 1648 1672 1718; x_wconf 89' lang='lat' dir='ltr'>neque</span> <span class='ocrx_word' id='word_1_166' title='bbox 1697 1624 1733 1693; x_wconf 91' lang='lat' dir='ltr'>in</span> <span class='ocrx_word' id='word_1_167' title='bbox 1760 1626 1872 1696; x_wconf 89' lang='lat' dir='ltr'>ullam</span> <span class='ocrx_word' id='word_1_168' title='bbox 1902 1622 2053 1697; x_wconf 86' lang='lat' dir='ltr'>burnani</span> <span class='ocrx_word' id='word_1_169' title='bbox 2079 1628 2153 1699; x_wconf 84' lang='lat' dir='ltr'>oris</span> 
     </span>
     <span class='ocr_line' id='line_1_15' title="bbox 124 1725 2158 1819; baseline -0.001 -18"><span class='ocrx_word' id='word_1_170' title='bbox 124 1731 236 1814; x_wconf 92' lang='lat' dir='ltr'>stulo,</span> <span class='ocrx_word' id='word_1_171' title='bbox 261 1741 302 1799; x_wconf 91' lang='lat' dir='ltr'>ut</span> <span class='ocrx_word' id='word_1_172' title='bbox 321 1728 353 1797; x_wconf 89' lang='lat' dir='ltr'>si</span> <span class='ocrx_word' id='word_1_173' title='bbox 377 1749 464 1819; x_wconf 91' lang='lat' dir='ltr'>quas</span> <span class='ocrx_word' id='word_1_174' title='bbox 484 1725 575 1795; x_wconf 83' lang='lat' dir='ltr'>forte</span> <span class='ocrx_word' id='word_1_175' title='bbox 595 1725 720 1795; x_wconf 87' lang='lat' dir='ltr'>vestris</span> <span class='ocrx_word' id='word_1_176' title='bbox 740 1725 820 1807; x_wconf 87' lang='lat' dir='ltr'>iam</span> <span class='ocrx_word' id='word_1_177' title='bbox 844 1726 1023 1796; x_wconf 89' lang='lat' dir='ltr'>mentibus</span> <span class='ocrx_word' id='word_1_178' title='bbox 1047 1726 1114 1797; x_wconf 88' lang='lat' dir='ltr'>isto</span> <span class='ocrx_word' id='word_1_179' title='bbox 1161 1727 1311 1818; x_wconf 90' lang='lat' dir='ltr'>speciem</span> <span class='ocrx_word' id='word_1_180' title='bbox 1322 1725 1514 1795; x_wconf 89' lang='lat' dir='ltr'>assimilare</span> <span class='ocrx_word' id='word_1_181' title='bbox 1526 1750 1566 1795; x_wconf 82' lang='lat' dir='ltr'>ex</span> <span class='ocrx_word' id='word_1_182' title='bbox 1577 1725 1822 1815; x_wconf 88' lang='lat' dir='ltr'>magnitudine</span> <span class='ocrx_word' id='word_1_183' title='bbox 1835 1728 2044 1799; x_wconf 82' lang='lat' dir='ltr'>coelestium</span> <span class='ocrx_word' id='word_1_184' title='bbox 2054 1728 2158 1801; x_wconf 78' lang='lat' dir='ltr'>arbi·-</span> 
     </span>
     <span class='ocr_line' id='line_1_16' title="bbox 125 1820 2154 1921; baseline -0.002 -19"><span class='ocrx_word' id='word_1_185' title='bbox 125 1834 301 1902; x_wconf 90' lang='lat' dir='ltr'>inserente</span> <span class='ocrx_word' id='word_1_186' title='bbox 322 1827 509 1920; x_wconf 89' lang='lat' dir='ltr'>opiniones</span> <span class='ocrx_word' id='word_1_187' title='bbox 528 1820 863 1916; x_wconf 81' lang='lat' dir='ltr'>comprehendistis,</span> <span class='ocrx_word' id='word_1_188' title='bbox 891 1827 922 1897; x_wconf 90' lang='lat' dir='ltr'>si</span> <span class='ocrx_word' id='word_1_189' title='bbox 942 1850 1001 1897; x_wconf 89' lang='lat' dir='ltr'>eas</span> <span class='ocrx_word' id='word_1_190' title='bbox 1022 1827 1112 1897; x_wconf 89' lang='lat' dir='ltr'>ratio</span> <span class='ocrx_word' id='word_1_191' title='bbox 1161 1826 1364 1898; x_wconf 88' lang='lat' dir='ltr'>trahamini.</span> <span class='ocrx_word' id='word_1_192' title='bbox 1413 1824 1516 1898; x_wconf 67' lang='lat' dir='ltr'>lianc</span> <span class='ocrx_word' id='word_1_193' title='bbox 1536 1828 1582 1897; x_wconf 94' lang='lat' dir='ltr'>ob</span> <span class='ocrx_word' id='word_1_194' title='bbox 1604 1840 1756 1897; x_wconf 90' lang='lat' dir='ltr'>vestram</span> <span class='ocrx_word' id='word_1_195' title='bbox 1778 1830 1827 1898; x_wconf 83' lang='lat' dir='ltr'>da</span> <span class='ocrx_word' id='word_1_196' title='bbox 1842 1827 1986 1899; x_wconf 88' lang='lat' dir='ltr'>Divinis</span> <span class='ocrx_word' id='word_1_197' title='bbox 2007 1828 2154 1921; x_wconf 61' lang='lat' dir='ltr'>religio„</span> 
     </span>
     <span class='ocr_line' id='line_1_17' title="bbox 108 1922 2152 2023; baseline 0 -21"><span class='ocrx_word' id='word_1_198' title='bbox 108 1922 317 2016; x_wconf 57' lang='lat' dir='ltr'>&#39;convellet,</span> <span class='ocrx_word' id='word_1_199' title='bbox 341 1928 371 1999; x_wconf 92' lang='lat' dir='ltr'>si</span> <span class='ocrx_word' id='word_1_200' title='bbox 395 1929 509 2021; x_wconf 91' lang='lat' dir='ltr'>pietas</span> <span class='ocrx_word' id='word_1_201' title='bbox 524 1927 765 2012; x_wconf 77' lang='lat' dir='ltr'>labefactabit,</span> <span class='ocrx_word' id='word_1_202' title='bbox 789 1926 821 2003; x_wconf 81' lang='lat' dir='ltr'>si</span> <span class='ocrx_word' id='word_1_203' title='bbox 844 1928 1115 2023; x_wconf 76' lang='lat' dir='ltr'>deniquaveri-</span> <span class='ocrx_word' id='word_1_204' title='bbox 1161 1929 1332 1997; x_wconf 79' lang='lat' dir='ltr'>sissimam</span> <span class='ocrx_word' id='word_1_205' title='bbox 1357 1928 1564 2019; x_wconf 89' lang='lat' dir='ltr'>opinionem</span> <span class='ocrx_word' id='word_1_206' title='bbox 1587 1929 1801 1999; x_wconf 88' lang='lat' dir='ltr'>crediderim</span> <span class='ocrx_word' id='word_1_207' title='bbox 1824 1954 1887 2020; x_wconf 91' lang='lat' dir='ltr'>ego</span> <span class='ocrx_word' id='word_1_208' title='bbox 1908 1932 2152 2019; x_wconf 65' lang='lat' dir='ltr'>munus-,illud</span> 
     </span>
     <span class='ocr_line' id='line_1_18' title="bbox 123 2026 2158 2125; baseline -0 -19"><span class='ocrx_word' id='word_1_209' title='bbox 123 2050 178 2107; x_wconf 85' lang='lat' dir='ltr'>tas</span> <span class='ocrx_word' id='word_1_210' title='bbox 193 2030 433 2125; x_wconf 86' lang='lat' dir='ltr'>extorquebit,</span> <span class='ocrx_word' id='word_1_211' title='bbox 453 2053 529 2099; x_wconf 91' lang='lat' dir='ltr'>non</span> <span class='ocrx_word' id='word_1_212' title='bbox 549 2028 769 2120; x_wconf 67' lang='lat' dir='ltr'>repugnetis:</span> <span class='ocrx_word' id='word_1_213' title='bbox 798 2030 861 2103; x_wconf 90' lang='lat' dir='ltr'>sed</span> <span class='ocrx_word' id='word_1_214' title='bbox 876 2029 968 2121; x_wconf 87' lang='lat' dir='ltr'>ipsis</span> <span class='ocrx_word' id='word_1_215' title='bbox 988 2029 1119 2107; x_wconf 58' lang='lat' dir='ltr'>timia</span> <span class='ocrx_word' id='word_1_216' title='bbox 1161 2030 1263 2099; x_wconf 86' lang='lat' dir='ltr'>vobis</span> <span class='ocrx_word' id='word_1_217' title='bbox 1278 2026 1387 2109; x_wconf 83' lang='lat' dir='ltr'>aDeo</span> <span class='ocrx_word' id='word_1_218' title='bbox 1403 2027 1500 2102; x_wconf 57' lang='grc' dir='ltr'>Μελ.</span> <span class='ocrx_word' id='word_1_219' title='bbox 1521 2054 1744 2116; x_wconf 88' lang='lat' dir='ltr'>concessum,</span> <span class='ocrx_word' id='word_1_220' title='bbox 1771 2046 1811 2102; x_wconf 90' lang='lat' dir='ltr'>ut</span> <span class='ocrx_word' id='word_1_221' title='bbox 1832 2032 1968 2103; x_wconf 77' lang='lat' dir='ltr'>externi</span> <span class='ocrx_word' id='word_1_222' title='bbox 1983 2030 2101 2123; x_wconf 79' lang='lat' dir='ltr'>Reges</span> <span class='ocrx_word' id='word_1_223' title='bbox 2118 2046 2158 2105; x_wconf 85' lang='lat' dir='ltr'>et·</span> 
     </span>
     <span class='ocr_line' id='line_1_19' title="bbox 124 2127 2163 2225; baseline -0.001 -18"><span class='ocrx_word' id='word_1_224' title='bbox 124 2138 173 2207; x_wconf 86' lang='lat' dir='ltr'>sis</span> <span class='ocrx_word' id='word_1_225' title='bbox 185 2158 269 2206; x_wconf 87' lang='lat' dir='ltr'>vera</span> <span class='ocrx_word' id='word_1_226' title='bbox 283 2135 329 2203; x_wconf 90' lang='lat' dir='ltr'>ab</span> <span class='ocrx_word' id='word_1_227' title='bbox 344 2133 407 2201; x_wconf 89' lang='lat' dir='ltr'>illo</span> <span class='ocrx_word' id='word_1_228' title='bbox 422 2154 522 2201; x_wconf 90' lang='lat' dir='ltr'>sensa</span> <span class='ocrx_word' id='word_1_229' title='bbox 537 2130 576 2198; x_wconf 92' lang='lat' dir='ltr'>in</span> <span class='ocrx_word' id='word_1_230' title='bbox 591 2130 720 2199; x_wconf 92' lang='lat' dir='ltr'>animis</span> <span class='ocrx_word' id='word_1_231' title='bbox 734 2130 860 2201; x_wconf 88' lang='lat' dir='ltr'>vestris</span> <span class='ocrx_word' id='word_1_232' title='bbox 877 2132 963 2223; x_wconf 93' lang='lat' dir='ltr'>poni</span> <span class='ocrx_word' id='word_1_233' title='bbox 980 2130 1116 2216; x_wconf 86' lang='lat' dir='ltr'>sinatis,</span> <span class='ocrx_word' id='word_1_234' title='bbox 1161 2130 1344 2224; x_wconf 89' lang='lat' dir='ltr'>peregrina</span> <span class='ocrx_word' id='word_1_235' title='bbox 1364 2153 1463 2201; x_wconf 87' lang='lat' dir='ltr'>arma</span> <span class='ocrx_word' id='word_1_236' title='bbox 1486 2133 1543 2200; x_wconf 93' lang='lat' dir='ltr'>vel</span> <span class='ocrx_word' id='word_1_237' title='bbox 1561 2156 1747 2225; x_wconf 90' lang='lat' dir='ltr'>nunquam</span> <span class='ocrx_word' id='word_1_238' title='bbox 1762 2127 1992 2203; x_wconf 84' lang='lat' dir='ltr'>Germaniam</span> <span class='ocrx_word' id='word_1_239' title='bbox 2013 2133 2163 2205; x_wconf 73' lang='lat' dir='ltr'>minse-.-</span> 
     </span>
     <span class='ocr_line' id='line_1_20' title="bbox 124 2231 2154 2331; baseline -0.001 -24"><span class='ocrx_word' id='word_1_240' title='bbox 124 2236 187 2331; x_wconf 88' lang='lat' dir='ltr'>qui</span> <span class='ocrx_word' id='word_1_241' title='bbox 207 2234 287 2306; x_wconf 82' lang='lat' dir='ltr'>Lux</span> <span class='ocrx_word' id='word_1_242' title='bbox 307 2232 436 2303; x_wconf 91' lang='lat' dir='ltr'>mundi</span> <span class='ocrx_word' id='word_1_243' title='bbox 459 2246 530 2315; x_wconf 90' lang='lat' dir='ltr'>est,</span> <span class='ocrx_word' id='word_1_244' title='bbox 562 2231 637 2315; x_wconf 89' lang='lat' dir='ltr'>via,</span> <span class='ocrx_word' id='word_1_245' title='bbox 669 2231 799 2313; x_wconf 85' lang='lat' dir='ltr'>veritas</span> <span class='ocrx_word' id='word_1_246' title='bbox 822 2245 857 2304; x_wconf 88' lang='lat' dir='ltr'>et</span> <span class='ocrx_word' id='word_1_247' title='bbox 879 2232 968 2303; x_wconf 84' lang='lat' dir='ltr'>vita:</span> <span class='ocrx_word' id='word_1_248' title='bbox 1010 2246 1115 2325; x_wconf 88' lang='lat' dir='ltr'>atque</span> <span class='ocrx_word' id='word_1_249' title='bbox 1160 2234 1253 2315; x_wconf 91' lang='lat' dir='ltr'>rint,</span> <span class='ocrx_word' id='word_1_250' title='bbox 1285 2232 1342 2301; x_wconf 91' lang='lat' dir='ltr'>vel</span> <span class='ocrx_word' id='word_1_251' title='bbox 1362 2232 1393 2300; x_wconf 91' lang='lat' dir='ltr'>si</span> <span class='ocrx_word' id='word_1_252' title='bbox 1413 2256 1491 2301; x_wconf 92' lang='lat' dir='ltr'>eam</span> <span class='ocrx_word' id='word_1_253' title='bbox 1511 2233 1654 2322; x_wconf 79' lang='lat' dir='ltr'>aggredi</span> <span class='ocrx_word' id='word_1_254' title='bbox 1677 2233 1858 2319; x_wconf 86' lang='lat' dir='ltr'>libuisset,</span> <span class='ocrx_word' id='word_1_255' title='bbox 1892 2235 2154 2328; x_wconf 54' lang='lat' dir='ltr'>nunquamn-</span> 
     </span>
     <span class='ocr_line' id='line_1_21' title="bbox 124 2329 2155 2428; baseline -0.001 -19"><span class='ocrx_word' id='word_1_256' title='bbox 124 2331 469 2417; x_wconf 84' lang='lat' dir='ltr'>omnemlrominem,</span> <span class='ocrx_word' id='word_1_257' title='bbox 486 2332 548 2426; x_wconf 91' lang='lat' dir='ltr'>qui</span> <span class='ocrx_word' id='word_1_258' title='bbox 563 2331 704 2423; x_wconf 89' lang='lat' dir='ltr'>spiritui</span> <span class='ocrx_word' id='word_1_259' title='bbox 718 2346 839 2403; x_wconf 87' lang='lat' dir='ltr'>sancto</span> <span class='ocrx_word' id='word_1_260' title='bbox 850 2356 924 2404; x_wconf 93' lang='lat' dir='ltr'>non</span> <span class='ocrx_word' id='word_1_261' title='bbox 938 2334 1115 2418; x_wconf 85' lang='lat' dir='ltr'>restiterit,</span> <span class='ocrx_word' id='word_1_262' title='bbox 1161 2334 1309 2405; x_wconf 80' lang='lat' dir='ltr'>storiam</span> <span class='ocrx_word' id='word_1_263' title='bbox 1346 2335 1615 2426; x_wconf 86' lang='lat' dir='ltr'>reportaverint.</span> <span class='ocrx_word' id='word_1_264' title='bbox 1684 2329 1803 2427; x_wconf 77' lang='lat' dir='ltr'>Atque</span> <span class='ocrx_word' id='word_1_265' title='bbox 1838 2348 1880 2405; x_wconf 90' lang='lat' dir='ltr'>ut</span> <span class='ocrx_word' id='word_1_266' title='bbox 1913 2360 1990 2407; x_wconf 90' lang='lat' dir='ltr'>non</span> <span class='ocrx_word' id='word_1_267' title='bbox 2007 2359 2155 2428; x_wconf 60' lang='lat' dir='ltr'>apauoos</span> 
     </span>
     <span class='ocr_line' id='line_1_22' title="bbox 124 2432 2154 2533; baseline 0.001 -24"><span class='ocrx_word' id='word_1_268' title='bbox 124 2437 322 2521; x_wconf 91' lang='lat' dir='ltr'>illuminat,</span> <span class='ocrx_word' id='word_1_269' title='bbox 348 2435 467 2506; x_wconf 90' lang='lat' dir='ltr'>omnia</span> <span class='ocrx_word' id='word_1_270' title='bbox 483 2457 624 2527; x_wconf 87' lang='lat' dir='ltr'>quoque</span> <span class='ocrx_word' id='word_1_271' title='bbox 636 2434 738 2505; x_wconf 86' lang='lat' dir='ltr'>utilia</span> <span class='ocrx_word' id='word_1_272' title='bbox 753 2435 874 2505; x_wconf 87' lang='lat' dir='ltr'>edocet</span> <span class='ocrx_word' id='word_1_273' title='bbox 888 2436 932 2505; x_wconf 91' lang='lat' dir='ltr'>ad</span> <span class='ocrx_word' id='word_1_274' title='bbox 955 2437 1113 2509; x_wconf 87' lang='lat' dir='ltr'>salutem.</span> <span class='ocrx_word' id='word_1_275' title='bbox 1162 2436 1324 2507; x_wconf 88' lang='lat' dir='ltr'>omittam</span> <span class='ocrx_word' id='word_1_276' title='bbox 1341 2432 1519 2505; x_wconf 87' lang='lat' dir='ltr'>Barbaros</span> <span class='ocrx_word' id='word_1_277' title='bbox 1534 2432 1650 2523; x_wconf 80' lang='lat' dir='ltr'>Reges</span> <span class='ocrx_word' id='word_1_278' title='bbox 1663 2436 1941 2526; x_wconf 87' lang='lat' dir='ltr'>potentissimos,</span> <span class='ocrx_word' id='word_1_279' title='bbox 1958 2437 2154 2533; x_wconf 60' lang='lat' dir='ltr'>quiquam</span> 
     </span>
     <span class='ocr_line' id='line_1_23' title="bbox 124 2530 2168 2630; baseline 0 -19"><span class='ocrx_word' id='word_1_280' title='bbox 124 2530 414 2611; x_wconf 81' lang='lat' dir='ltr'><strong>AETHIOPAS</strong></span> <span class='ocrx_word' id='word_1_281' title='bbox 435 2535 588 2630; x_wconf 89' lang='lat' dir='ltr'>libycos,</span> <span class='ocrx_word' id='word_1_282' title='bbox 605 2534 875 2628; x_wconf 85' lang='lat' dir='ltr'>quosprirnose</span> <span class='ocrx_word' id='word_1_283' title='bbox 888 2549 981 2611; x_wconf 77' lang='lat' dir='ltr'>tarra</span> <span class='ocrx_word' id='word_1_284' title='bbox 1007 2538 1114 2613; x_wconf 83' lang='lat' dir='ltr'>luisse</span> <span class='ocrx_word' id='word_1_285' title='bbox 1161 2537 1231 2606; x_wconf 91' lang='lat' dir='ltr'>alia</span> <span class='ocrx_word' id='word_1_286' title='bbox 1257 2533 1382 2625; x_wconf 82' lang='lat' dir='ltr'>Regna</span> <span class='ocrx_word' id='word_1_287' title='bbox 1414 2549 1446 2605; x_wconf 91' lang='lat' dir='ltr'>et</span> <span class='ocrx_word' id='word_1_288' title='bbox 1475 2533 1627 2629; x_wconf 89' lang='lat' dir='ltr'>Imperia</span> <span class='ocrx_word' id='word_1_289' title='bbox 1644 2588 1647 2593; x_wconf 85' lang='lat'><em>-</em></span> <span class='ocrx_word' id='word_1_290' title='bbox 1663 2538 1902 2626; x_wconf 76' lang='lat' dir='ltr'>subegissent,</span> <span class='ocrx_word' id='word_1_291' title='bbox 1936 2536 2168 2611; x_wconf 74' lang='lat' dir='ltr'>-Gerannos</span> 
     </span>
     <span class='ocr_line' id='line_1_24' title="bbox 123 2634 2168 2733; baseline 0.001 -22"><span class='ocrx_word' id='word_1_292' title='bbox 123 2639 261 2732; x_wconf 88' lang='lat' dir='ltr'>genitos</span> <span class='ocrx_word' id='word_1_293' title='bbox 281 2637 505 2721; x_wconf 78' lang='lat' dir='ltr'>fabulantur,</span> <span class='ocrx_word' id='word_1_294' title='bbox 537 2634 828 2715; x_wconf 85' lang='lat' dir='ltr'>tantaeinDeos</span> <span class='ocrx_word' id='word_1_295' title='bbox 847 2637 988 2730; x_wconf 85' lang='lat' dir='ltr'>pietatis</span> <span class='ocrx_word' id='word_1_296' title='bbox 1008 2652 1116 2733; x_wconf 86' lang='lat' dir='ltr'>atque</span> <span class='ocrx_word' id='word_1_297' title='bbox 1161 2637 1331 2727; x_wconf 86' lang='lat' dir='ltr'>attingere</span> <span class='ocrx_word' id='word_1_298' title='bbox 1353 2661 1428 2707; x_wconf 75' lang='lat' dir='ltr'>raon</span> <span class='ocrx_word' id='word_1_299' title='bbox 1450 2651 1539 2707; x_wconf 86' lang='lat' dir='ltr'>sunt.</span> <span class='ocrx_word' id='word_1_300' title='bbox 1554 2638 1651 2722; x_wconf 90' lang='lat' dir='ltr'>ausi,</span> <span class='ocrx_word' id='word_1_301' title='bbox 1675 2635 1832 2709; x_wconf 88' lang='lat' dir='ltr'>Romani</span> <span class='ocrx_word' id='word_1_302' title='bbox 1853 2638 2168 2713; x_wconf 52' lang='lat' dir='ltr'>tantum-Prin&amp;-</span> 
     </span>
     <span class='ocr_line' id='line_1_25' title="bbox 124 2736 2164 2832; baseline 0.001 -19"><span class='ocrx_word' id='word_1_303' title='bbox 124 2740 306 2832; x_wconf 88' lang='lat' dir='ltr'>religionis</span> <span class='ocrx_word' id='word_1_304' title='bbox 319 2738 473 2810; x_wconf 83' lang='lat' dir='ltr'>extitisse</span> <span class='ocrx_word' id='word_1_305' title='bbox 488 2739 582 2807; x_wconf 83' lang='lat' dir='ltr'>sama</span> <span class='ocrx_word' id='word_1_306' title='bbox 598 2752 666 2823; x_wconf 87' lang='lat' dir='ltr'>est,</span> <span class='ocrx_word' id='word_1_307' title='bbox 685 2751 731 2809; x_wconf 91' lang='lat' dir='ltr'>-ut</span> <span class='ocrx_word' id='word_1_308' title='bbox 744 2738 838 2831; x_wconf 90' lang='lat' dir='ltr'>apud</span> <span class='ocrx_word' id='word_1_309' title='bbox 855 2754 1116 2829; x_wconf 78' lang='lat' dir='ltr'>omnesgentes</span> <span class='ocrx_word' id='word_1_310' title='bbox 1163 2762 1224 2832; x_wconf 90' lang='lat' dir='ltr'>pes</span> <span class='ocrx_word' id='word_1_311' title='bbox 1247 2751 1350 2809; x_wconf 87' lang='lat' dir='ltr'>testes</span> <span class='ocrx_word' id='word_1_312' title='bbox 1365 2753 1483 2813; x_wconf 80' lang='lat' dir='ltr'>errrnt.</span> <span class='ocrx_word' id='word_1_313' title='bbox 1533 2736 1662 2808; x_wconf 85' lang='lat' dir='ltr'>Nonne</span> <span class='ocrx_word' id='word_1_314' title='bbox 1685 2738 1799 2812; x_wconf 90' lang='lat' dir='ltr'>lulius</span> <span class='ocrx_word' id='word_1_315' title='bbox 1813 2738 1960 2827; x_wconf 90' lang='lat' dir='ltr'>Caesar,</span> <span class='ocrx_word' id='word_1_316' title='bbox 1985 2739 2164 2817; x_wconf 84' lang='lat' dir='ltr'>Tiberius-</span> 
     </span>
     <span class='ocr_line' id='line_1_26' title="bbox 124 2835 2155 2939; baseline 0 -24"><span class='ocrx_word' id='word_1_317' title='bbox 124 2838 342 2934; x_wconf 86' lang='lat' dir='ltr'>Aetbiopum</span> <span class='ocrx_word' id='word_1_318' title='bbox 358 2863 453 2910; x_wconf 90' lang='lat' dir='ltr'>sacra</span> <span class='ocrx_word' id='word_1_319' title='bbox 469 2835 550 2909; x_wconf 88' lang='lat' dir='ltr'>Diis</span> <span class='ocrx_word' id='word_1_320' title='bbox 566 2839 759 2917; x_wconf 86' lang='lat' dir='ltr'>admodum</span> <span class='ocrx_word' id='word_1_321' title='bbox 776 2854 875 2929; x_wconf 81' lang='lat' dir='ltr'>grata</span> <span class='ocrx_word' id='word_1_322' title='bbox 898 2864 971 2911; x_wconf 88' lang='lat' dir='ltr'>esse</span> <span class='ocrx_word' id='word_1_323' title='bbox 986 2842 1114 2930; x_wconf 81' lang='lat' dir='ltr'>vulga·</span> <span class='ocrx_word' id='word_1_324' title='bbox 1162 2854 1198 2911; x_wconf 94' lang='lat' dir='ltr'>et</span> <span class='ocrx_word' id='word_1_325' title='bbox 1221 2838 1460 2931; x_wconf 85' lang='lat' dir='ltr'>Vespasianus</span> <span class='ocrx_word' id='word_1_326' title='bbox 1491 2840 1673 2911; x_wconf 89' lang='lat' dir='ltr'>nationem</span> <span class='ocrx_word' id='word_1_327' title='bbox 1698 2838 1948 2913; x_wconf 87' lang='lat' dir='ltr'>Germanicam</span> <span class='ocrx_word' id='word_1_328' title='bbox 1983 2856 2155 2939; x_wconf 79' lang='lat' dir='ltr'>tauquam</span> 
     </span>
     <span class='ocr_line' id='line_1_27' title="bbox 124 2936 2155 3035; baseline 0 -19"><span class='ocrx_word' id='word_1_329' title='bbox 124 2943 301 3016; x_wconf 88' lang='lat' dir='ltr'>tissimum</span> <span class='ocrx_word' id='word_1_330' title='bbox 322 2941 440 3014; x_wconf 80' lang='lat' dir='ltr'>fuerit.</span> <span class='ocrx_word' id='word_1_331' title='bbox 491 2936 734 3029; x_wconf 84' lang='lat' dir='ltr'>Quamobrem</span> <span class='ocrx_word' id='word_1_332' title='bbox 752 2940 988 3035; x_wconf 83' lang='lat' dir='ltr'>antiquissimi</span> <span class='ocrx_word' id='word_1_333' title='bbox 1003 2958 1040 3017; x_wconf 83' lang='lat' dir='ltr'>et</span> <span class='ocrx_word' id='word_1_334' title='bbox 1055 2966 1117 3017; x_wconf 79' lang='lat' dir='ltr'>ex·</span> <span class='ocrx_word' id='word_1_335' title='bbox 1163 2938 1332 3011; x_wconf 89' lang='lat' dir='ltr'>humanis</span> <span class='ocrx_word' id='word_1_336' title='bbox 1367 2940 1505 3011; x_wconf 90' lang='lat' dir='ltr'>viribus</span> <span class='ocrx_word' id='word_1_337' title='bbox 1539 2942 1813 3033; x_wconf 89' lang='lat' dir='ltr'>insuperabilem</span> <span class='ocrx_word' id='word_1_338' title='bbox 1852 2944 2155 3023; x_wconf 75' lang='lat' dir='ltr'>refonnidartmtl</span> 
     </span>
     <span class='ocr_line' id='line_1_28' title="bbox 124 3038 2156 3139; baseline 0 -21"><span class='ocrx_word' id='word_1_339' title='bbox 124 3042 366 3119; x_wconf 88' lang='lat' dir='ltr'>cellentissimi</span> <span class='ocrx_word' id='word_1_340' title='bbox 396 3040 617 3113; x_wconf 88' lang='lat' dir='ltr'>Graecorum</span> <span class='ocrx_word' id='word_1_341' title='bbox 630 3040 765 3133; x_wconf 47' lang='lat' dir='ltr'>,Poetae</span> <span class='ocrx_word' id='word_1_342' title='bbox 791 3038 913 3117; x_wconf 85' lang='lat' dir='ltr'>Iovem</span> <span class='ocrx_word' id='word_1_343' title='bbox 940 3043 1124 3137; x_wconf 66' lang='lat' dir='ltr'>reliquos-2</span> <span class='ocrx_word' id='word_1_344' title='bbox 1162 3042 1292 3113; x_wconf 91' lang='lat' dir='ltr'>Nonne</span> <span class='ocrx_word' id='word_1_345' title='bbox 1313 3038 1504 3113; x_wconf 89' lang='lat' dir='ltr'>Octaviani</span> <span class='ocrx_word' id='word_1_346' title='bbox 1525 3043 1735 3117; x_wconf 82' lang='lat' dir='ltr'>fortissimae</span> <span class='ocrx_word' id='word_1_347' title='bbox 1756 3045 1933 3134; x_wconf 84' lang='lat' dir='ltr'>legiones,</span> <span class='ocrx_word' id='word_1_348' title='bbox 1957 3046 2156 3139; x_wconf 75' lang='lat' dir='ltr'>‹puae-reli-</span> 
     </span>
     <span class='ocr_line' id='line_1_29' title="bbox 124 3138 2155 3242; baseline 0 -25"><span class='ocrx_word' id='word_1_349' title='bbox 124 3173 194 3242; x_wconf 86' lang='lat' dir='ltr'>que</span> <span class='ocrx_word' id='word_1_350' title='bbox 213 3171 285 3219; x_wconf 94' lang='lat' dir='ltr'>uua</span> <span class='ocrx_word' id='word_1_351' title='bbox 300 3142 394 3217; x_wconf 87' lang='lat' dir='ltr'>Deos</span> <span class='ocrx_word' id='word_1_352' title='bbox 416 3144 648 3215; x_wconf 89' lang='lat' dir='ltr'>introducunt</span> <span class='ocrx_word' id='word_1_353' title='bbox 667 3142 709 3215; x_wconf 86' lang='lat' dir='ltr'>in</span> <span class='ocrx_word' id='word_1_354' title='bbox 721 3138 1134 3237; x_wconf 62' lang='lat' dir='ltr'>Aethiopiae-1turn·ad=,</span> <span class='ocrx_word' id='word_1_355' title='bbox 1159 3158 1280 3239; x_wconf 73' lang='lat' dir='ltr'>‘quum</span> <span class='ocrx_word' id='word_1_356' title='bbox 1298 3146 1420 3215; x_wconf 91' lang='lat' dir='ltr'>orbem</span> <span class='ocrx_word' id='word_1_357' title='bbox 1443 3147 1489 3221; x_wconf 90' lang='lat' dir='ltr'>ad</span> <span class='ocrx_word' id='word_1_358' title='bbox 1498 3157 1624 3215; x_wconf 85' lang='lat' dir='ltr'>ortum</span> <span class='ocrx_word' id='word_1_359' title='bbox 1638 3143 1855 3237; x_wconf 85' lang='lat' dir='ltr'>usque-Solis</span> <span class='ocrx_word' id='word_1_360' title='bbox 1869 3148 2155 3237; x_wconf 77' lang='lat' dir='ltr'>perdomueraut,</span> 
     </span>
     <span class='ocr_line' id='line_1_30' title="bbox 125 3245 2167 3341; baseline 0.002 -22"><span class='ocrx_word' id='word_1_361' title='bbox 125 3272 241 3332; x_wconf 88' lang='lat' dir='ltr'>sacra,</span> <span class='ocrx_word' id='word_1_362' title='bbox 265 3270 356 3341; x_wconf 89' lang='lat' dir='ltr'>quae</span> <span class='ocrx_word' id='word_1_363' title='bbox 377 3246 428 3315; x_wconf 92' lang='lat' dir='ltr'>eis</span> <span class='ocrx_word' id='word_1_364' title='bbox 445 3246 491 3313; x_wconf 88' lang='lat' dir='ltr'>de</span> <span class='ocrx_word' id='word_1_365' title='bbox 506 3269 605 3317; x_wconf 85' lang='lat' dir='ltr'>ruore</span> <span class='ocrx_word' id='word_1_366' title='bbox 626 3245 944 3332; x_wconf 54' lang='lat' dir='ltr'>bebantffltutad</span> <span class='ocrx_word' id='word_1_367' title='bbox 964 3248 1133 3329; x_wconf 65' lang='lat' dir='ltr'>odonam.</span> <span class='ocrx_word' id='word_1_368' title='bbox 1159 3246 1556 3331; x_wconf 63' lang='lat' dir='ltr'>afflietibrrs,.nostris</span> <span class='ocrx_word' id='word_1_369' title='bbox 1568 3246 1737 3325; x_wconf 75' lang='lat' dir='ltr'>lund-itus</span> <span class='ocrx_word' id='word_1_370' title='bbox 1757 3247 1898 3321; x_wconf 81' lang='lat' dir='ltr'>deletae.</span> <span class='ocrx_word' id='word_1_371' title='bbox 1911 3248 2026 3321; x_wconf 77' lang='lat' dir='ltr'>sunti-</span> <span class='ocrx_word' id='word_1_372' title='bbox 2043 3246 2167 3323; x_wconf 73' lang='lat' dir='ltr'>mlius.</span> 
     </span>
     <span class='ocr_line' id='line_1_31' title="bbox 124 3343 2156 3443; baseline 0.001 -22"><span class='ocrx_word' id='word_1_373' title='bbox 124 3350 333 3421; x_wconf 89' lang='lat' dir='ltr'>suavitatem</span> <span class='ocrx_word' id='word_1_374' title='bbox 348 3346 629 3435; x_wconf 87' lang='lat' dir='ltr'>commigrantes.</span> <span class='ocrx_word' id='word_1_375' title='bbox 656 3343 1134 3440; x_wconf 57' lang='lat' dir='ltr'>..Cpiusguidemtinsignia</span> <span class='ocrx_word' id='word_1_376' title='bbox 1160 3348 1334 3427; x_wconf 77' lang='lat' dir='ltr'>-illissuae</span> <span class='ocrx_word' id='word_1_377' title='bbox 1357 3346 1778 3421; x_wconf 71' lang='lat' dir='ltr'>inDaameasrimoniae</span> <span class='ocrx_word' id='word_1_378' title='bbox 1793 3362 1909 3443; x_wconf 76' lang='lat' dir='ltr'>atque</span> <span class='ocrx_word' id='word_1_379' title='bbox 1929 3350 2156 3441; x_wconf 66' lang='lat' dir='ltr'>religiosius-</span> 
     </span>
     <span class='ocr_line' id='line_1_32' title="bbox 125 3444 2157 3542; baseline 0 -20"><span class='ocrx_word' id='word_1_380' title='bbox 125 3465 161 3522; x_wconf 90' lang='lat' dir='ltr'>et</span> <span class='ocrx_word' id='word_1_381' title='bbox 174 3448 371 3521; x_wconf 88' lang='lat' dir='ltr'>rarissimae</span> <span class='ocrx_word' id='word_1_382' title='bbox 388 3470 469 3537; x_wconf 86' lang='lat' dir='ltr'>erga</span> <span class='ocrx_word' id='word_1_383' title='bbox 481 3444 577 3517; x_wconf 88' lang='lat' dir='ltr'>Deos</span> <span class='ocrx_word' id='word_1_384' title='bbox 591 3445 941 3539; x_wconf 66' lang='lat' dir='ltr'>pictatismtaemium</span> <span class='ocrx_word' id='word_1_385' title='bbox 951 3449 1132 3529; x_wconf 59' lang='lat' dir='ltr'>illut-na</span> <span class='ocrx_word' id='word_1_386' title='bbox 1166 3465 1221 3521; x_wconf 94' lang='lat' dir='ltr'>tus</span> <span class='ocrx_word' id='word_1_387' title='bbox 1235 3448 1451 3541; x_wconf 88' lang='lat' dir='ltr'>praestitere,</span> <span class='ocrx_word' id='word_1_388' title='bbox 1460 3450 1592 3542; x_wconf 85' lang='lat' dir='ltr'>quibus</span> <span class='ocrx_word' id='word_1_389' title='bbox 1607 3450 1764 3540; x_wconf 85' lang='lat' dir='ltr'>prolecto</span> <span class='ocrx_word' id='word_1_390' title='bbox 1780 3463 1814 3518; x_wconf 88' lang='lat' dir='ltr'>et</span> <span class='ocrx_word' id='word_1_391' title='bbox 1827 3449 1867 3519; x_wconf 87' lang='lat' dir='ltr'>in</span> <span class='ocrx_word' id='word_1_392' title='bbox 1880 3451 1957 3541; x_wconf 91' lang='lat' dir='ltr'>ipso</span> <span class='ocrx_word' id='word_1_393' title='bbox 1973 3474 2157 3527; x_wconf 78' lang='lat' dir='ltr'>armorum</span> 
     </span>
     <span class='ocr_line' id='line_1_33' title="bbox 125 3548 2159 3644; baseline 0.002 -22"><span class='ocrx_word' id='word_1_394' title='bbox 125 3553 209 3623; x_wconf 91' lang='lat' dir='ltr'>lisse</span> <span class='ocrx_word' id='word_1_395' title='bbox 238 3572 298 3621; x_wconf 90' lang='lat' dir='ltr'>eos</span> <span class='ocrx_word' id='word_1_396' title='bbox 326 3560 504 3632; x_wconf 87' lang='lat' dir='ltr'>asserunt,</span> <span class='ocrx_word' id='word_1_397' title='bbox 550 3548 859 3640; x_wconf 63' lang='lat' dir='ltr'>quodnurtqttutn</span> <span class='ocrx_word' id='word_1_398' title='bbox 886 3550 939 3623; x_wconf 82' lang='lat' dir='ltr'>ab</span> <span class='ocrx_word' id='word_1_399' title='bbox 965 3549 1118 3631; x_wconf 72' lang='lat' dir='ltr'>cateruis</span> <span class='ocrx_word' id='word_1_400' title='bbox 1161 3550 1314 3641; x_wconf 82' lang='lat' dir='ltr'>&#39;strepitu</span> <span class='ocrx_word' id='word_1_401' title='bbox 1338 3549 1386 3617; x_wconf 91' lang='lat' dir='ltr'>ita</span> <span class='ocrx_word' id='word_1_402' title='bbox 1406 3550 1471 3641; x_wconf 88' lang='lat' dir='ltr'>pie·</span> <span class='ocrx_word' id='word_1_403' title='bbox 1485 3550 1542 3620; x_wconf 91' lang='lat' dir='ltr'>usi</span> <span class='ocrx_word' id='word_1_404' title='bbox 1563 3563 1665 3634; x_wconf 87' lang='lat' dir='ltr'>sunt,</span> <span class='ocrx_word' id='word_1_405' title='bbox 1688 3562 1729 3620; x_wconf 92' lang='lat' dir='ltr'>ut</span> <span class='ocrx_word' id='word_1_406' title='bbox 1750 3574 1865 3644; x_wconf 84' lang='lat' dir='ltr'>neque</span> <span class='ocrx_word' id='word_1_407' title='bbox 1885 3548 2159 3640; x_wconf 59' lang='lat' dir='ltr'>anabusn-ns..</span> 
     </span>
     <span class='ocr_line' id='line_1_34' title="bbox 124 3646 2158 3749; baseline -0 -25"><span class='ocrx_word' id='word_1_408' title='bbox 124 3650 284 3742; x_wconf 87' lang='lat' dir='ltr'>Regibus</span> <span class='ocrx_word' id='word_1_409' title='bbox 298 3649 436 3720; x_wconf 85' lang='lat' dir='ltr'>subacti</span> <span class='ocrx_word' id='word_1_410' title='bbox 451 3671 589 3738; x_wconf 88' lang='lat' dir='ltr'>semper</span> <span class='ocrx_word' id='word_1_411' title='bbox 603 3646 708 3731; x_wconf 78' lang='lat' dir='ltr'>liberi</span> <span class='ocrx_word' id='word_1_412' title='bbox 726 3668 989 3739; x_wconf 76' lang='lat' dir='ltr'>penmnsere..t</span> <span class='ocrx_word' id='word_1_413' title='bbox 1010 3647 1133 3727; x_wconf 54' lang='lat' dir='ltr'>Cam-4</span> <span class='ocrx_word' id='word_1_414' title='bbox 1158 3673 1235 3745; x_wconf 86' lang='lat' dir='ltr'>·que</span> <span class='ocrx_word' id='word_1_415' title='bbox 1265 3648 1438 3738; x_wconf 85' lang='lat' dir='ltr'>Regibus·</span> <span class='ocrx_word' id='word_1_416' title='bbox 1452 3652 1748 3737; x_wconf 85' lang='lat' dir='ltr'>anirnadvertere,</span> <span class='ocrx_word' id='word_1_417' title='bbox 1789 3666 1851 3723; x_wconf 87' lang='lat' dir='ltr'>aut</span> <span class='ocrx_word' id='word_1_418' title='bbox 1875 3653 2018 3731; x_wconf 72' lang='lat' dir='ltr'>vincire</span> <span class='ocrx_word' id='word_1_419' title='bbox 2041 3678 2158 3749; x_wconf 56' lang='lat' dir='ltr'>qums</span> 
     </span>
     <span class='ocr_line' id='line_1_35' title="bbox 125 3748 2160 3848; baseline 0 -24"><span class='ocrx_word' id='word_1_420' title='bbox 125 3756 228 3848; x_wconf 85' lang='lat' dir='ltr'>byses</span> <span class='ocrx_word' id='word_1_421' title='bbox 250 3773 402 3843; x_wconf 91' lang='lat' dir='ltr'>namque</span> <span class='ocrx_word' id='word_1_422' title='bbox 424 3748 587 3818; x_wconf 81' lang='lat' dir='ltr'>maximis</span> <span class='ocrx_word' id='word_1_423' title='bbox 613 3749 752 3843; x_wconf 80' lang='lat' dir='ltr'>viribus</span> <span class='ocrx_word' id='word_1_424' title='bbox 775 3750 1061 3839; x_wconf 77' lang='lat' dir='ltr'>illos.&#39;aggressu‚s</span> <span class='ocrx_word' id='word_1_425' title='bbox 1082 3764 1132 3829; x_wconf 81' lang='lat' dir='ltr'>¹et.</span> <span class='ocrx_word' id='word_1_426' title='bbox 1166 3775 1291 3845; x_wconf 84' lang='lat' dir='ltr'>quam,</span> <span class='ocrx_word' id='word_1_427' title='bbox 1315 3752 1378 3819; x_wconf 89' lang='lat' dir='ltr'>sed</span> <span class='ocrx_word' id='word_1_428' title='bbox 1398 3775 1465 3821; x_wconf 87' lang='lat' dir='ltr'>nec</span> <span class='ocrx_word' id='word_1_429' title='bbox 1484 3754 1672 3825; x_wconf 82' lang='lat' dir='ltr'>verberare</span> <span class='ocrx_word' id='word_1_430' title='bbox 1687 3753 2007 3845; x_wconf 81' lang='lat' dir='ltr'>quidamdirarerit,</span> <span class='ocrx_word' id='word_1_431' title='bbox 2028 3780 2160 3838; x_wconf 73' lang='lat' dir='ltr'>namn</span> 
     </span>
     <span class='ocr_line' id='line_1_36' title="bbox 126 3848 2170 3946; baseline -0.001 -21"><span class='ocrx_word' id='word_1_432' title='bbox 126 3854 316 3925; x_wconf 79' lang='lat' dir='ltr'>exercitum</span> <span class='ocrx_word' id='word_1_433' title='bbox 339 3851 459 3921; x_wconf 89' lang='lat' dir='ltr'>amisit</span> <span class='ocrx_word' id='word_1_434' title='bbox 486 3863 520 3919; x_wconf 90' lang='lat' dir='ltr'>et</span> <span class='ocrx_word' id='word_1_435' title='bbox 546 3849 620 3940; x_wconf 88' lang='lat' dir='ltr'>ipse</span> <span class='ocrx_word' id='word_1_436' title='bbox 648 3848 859 3940; x_wconf 78' lang='lat' dir='ltr'>periculum,</span> <span class='ocrx_word' id='word_1_437' title='bbox 876 3850 1134 3934; x_wconf 53' lang='lat' dir='ltr'>arabiitfnitae„</span> <span class='ocrx_word' id='word_1_438' title='bbox 1158 3848 1234 3939; x_wconf 61' lang='lat' dir='ltr'>,boc</span> <span class='ocrx_word' id='word_1_439' title='bbox 1256 3852 1343 3945; x_wconf 87' lang='lat' dir='ltr'>ipsis</span> <span class='ocrx_word' id='word_1_440' title='bbox 1364 3853 1479 3931; x_wconf 86' lang='lat' dir='ltr'>solum</span> <span class='ocrx_word' id='word_1_441' title='bbox 1494 3852 1744 3931; x_wconf 65' lang='lat' dir='ltr'>Sacerdotibus</span> <span class='ocrx_word' id='word_1_442' title='bbox 1762 3854 2170 3946; x_wconf 61' lang='lat' dir='ltr'>permissumsitpmm</span> 
     </span>
     <span class='ocr_line' id='line_1_37' title="bbox 126 3949 2159 4047; baseline 0.002 -18"><span class='ocrx_word' id='word_1_443' title='bbox 126 3950 456 4035; x_wconf 87' lang='lat' dir='ltr'>Semiramisetiam,</span> <span class='ocrx_word' id='word_1_444' title='bbox 472 3949 1124 4047; x_wconf 56' lang='lat' dir='ltr'>quaestcsttttiliintagnitudinegetnrorr</span> <span class='ocrx_word' id='word_1_445' title='bbox 1160 3954 1519 4046; x_wconf 74' lang='lat' dir='ltr'>quasiinpoenzun,</span> <span class='ocrx_word' id='word_1_446' title='bbox 1544 3953 1734 4031; x_wconf 65' lang='lat' dir='ltr'>nechueis</span> <span class='ocrx_word' id='word_1_447' title='bbox 1749 3956 2159 4041; x_wconf 59' lang='lat' dir='ltr'>inenarrandae&amp;</span> 
     </span>
     <span class='ocr_line' id='line_1_38' title="bbox 125 4048 2158 4151; baseline 0.002 -26"><span class='ocrx_word' id='word_1_448' title='bbox 125 4082 206 4133; x_wconf 83' lang='lat' dir='ltr'>rum</span> <span class='ocrx_word' id='word_1_449' title='bbox 222 4070 398 4151; x_wconf 85' lang='lat' dir='ltr'>gestarum</span> <span class='ocrx_word' id='word_1_450' title='bbox 420 4051 513 4123; x_wconf 81' lang='lat' dir='ltr'>fama</span> <span class='ocrx_word' id='word_1_451' title='bbox 536 4050 753 4139; x_wconf 79' lang='lat' dir='ltr'>excellebat,</span> <span class='ocrx_word' id='word_1_452' title='bbox 765 4076 875 4147; x_wconf 83' lang='lat' dir='ltr'>qaum</span> <span class='ocrx_word' id='word_1_453' title='bbox 888 4048 1116 4145; x_wconf 66' lang='lat' dir='ltr'>Aethiopiam</span> <span class='ocrx_word' id='word_1_454' title='bbox 1168 4055 1385 4146; x_wconf 83' lang='lat' dir='ltr'>imperante,</span> <span class='ocrx_word' id='word_1_455' title='bbox 1409 4080 1515 4148; x_wconf 89' lang='lat' dir='ltr'>quem</span> <span class='ocrx_word' id='word_1_456' title='bbox 1540 4058 1661 4127; x_wconf 86' lang='lat' dir='ltr'>adesse</span> <span class='ocrx_word' id='word_1_457' title='bbox 1680 4056 1905 4129; x_wconf 87' lang='lat' dir='ltr'>bellantibus.</span> <span class='ocrx_word' id='word_1_458' title='bbox 1918 4060 2158 4143; x_wconf 70' lang='lat' dir='ltr'>crediderunt.</span> 
     </span>
     <span class='ocr_line' id='line_1_39' title="bbox 128 4151 2157 4250; baseline 0 -16"><span class='ocrx_word' id='word_1_459' title='bbox 128 4164 311 4246; x_wconf 87' lang='lat' dir='ltr'>intrasset,</span> <span class='ocrx_word' id='word_1_460' title='bbox 349 4151 593 4249; x_wconf 86' lang='lat' dir='ltr'>desperatione</span> <span class='ocrx_word' id='word_1_461' title='bbox 630 4178 751 4225; x_wconf 91' lang='lat' dir='ltr'>rerum</span> <span class='ocrx_word' id='word_1_462' title='bbox 782 4154 921 4237; x_wconf 84' lang='lat' dir='ltr'>subito¹</span> <span class='ocrx_word' id='word_1_463' title='bbox 942 4156 1118 4229; x_wconf 85' lang='lat' dir='ltr'>abscessit.</span> <span class='ocrx_word' id='word_1_464' title='bbox 1166 4152 1271 4227; x_wconf 79' lang='lat' dir='ltr'>Adde</span> <span class='ocrx_word' id='word_1_465' title='bbox 1294 4158 1411 4250; x_wconf 87' lang='lat' dir='ltr'>quod,</span> <span class='ocrx_word' id='word_1_466' title='bbox 1445 4156 1510 4229; x_wconf 92' lang='lat' dir='ltr'>ubi</span> <span class='ocrx_word' id='word_1_467' title='bbox 1539 4159 1584 4227; x_wconf 90' lang='lat' dir='ltr'>de</span> <span class='ocrx_word' id='word_1_468' title='bbox 1608 4158 1802 4227; x_wconf 88' lang='lat' dir='ltr'>maioribus</span> <span class='ocrx_word' id='word_1_469' title='bbox 1829 4160 1935 4230; x_wconf 89' lang='lat' dir='ltr'>rebus</span> <span class='ocrx_word' id='word_1_470' title='bbox 1955 4162 2157 4240; x_wconf 81' lang='lat' dir='ltr'>consultare</span> 
     </span>
     <span class='ocr_line' id='line_1_40' title="bbox 127 4251 2157 4353; baseline 0.001 -19"><span class='ocrx_word' id='word_1_471' title='bbox 127 4262 299 4335; x_wconf 84' lang='lat' dir='ltr'>Hercules</span> <span class='ocrx_word' id='word_1_472' title='bbox 338 4281 479 4353; x_wconf 90' lang='lat' dir='ltr'>quoque</span> <span class='ocrx_word' id='word_1_473' title='bbox 518 4282 560 4326; x_wconf 92' lang='lat' dir='ltr'>ac</span> <span class='ocrx_word' id='word_1_474' title='bbox 590 4251 787 4349; x_wconf 79' lang='lat' dir='ltr'>Dionysius</span> <span class='ocrx_word' id='word_1_475' title='bbox 826 4254 994 4353; x_wconf 71' lang='lat' dir='ltr'>universo</span> <span class='ocrx_word' id='word_1_476' title='bbox 1037 4280 1119 4347; x_wconf 89' lang='lat' dir='ltr'>per-</span> <span class='ocrx_word' id='word_1_477' title='bbox 1167 4280 1296 4348; x_wconf 88' lang='lat' dir='ltr'>operae</span> <span class='ocrx_word' id='word_1_478' title='bbox 1316 4257 1473 4349; x_wconf 87' lang='lat' dir='ltr'>precium</span> <span class='ocrx_word' id='word_1_479' title='bbox 1494 4260 1692 4342; x_wconf 82' lang='lat' dir='ltr'>duxissent,</span> <span class='ocrx_word' id='word_1_480' title='bbox 1722 4260 2017 4333; x_wconf 88' lang='lat' dir='ltr'>convenientibus</span> <span class='ocrx_word' id='word_1_481' title='bbox 2038 4264 2157 4335; x_wconf 87' lang='lat' dir='ltr'>omni·</span> 
     </span>
     <span class='ocr_line' id='line_1_41' title="bbox 127 4352 2157 4455; baseline 0.001 -20"><span class='ocrx_word' id='word_1_482' title='bbox 127 4378 248 4455; x_wconf 86' lang='lat' dir='ltr'>agrato</span> <span class='ocrx_word' id='word_1_483' title='bbox 261 4362 349 4433; x_wconf 92' lang='lat' dir='ltr'>orbe</span> <span class='ocrx_word' id='word_1_484' title='bbox 362 4361 456 4431; x_wconf 89' lang='lat' dir='ltr'>solos</span> <span class='ocrx_word' id='word_1_485' title='bbox 470 4352 682 4448; x_wconf 80' lang='lat' dir='ltr'>Aethiopas,</span> <span class='ocrx_word' id='word_1_486' title='bbox 708 4378 818 4449; x_wconf 85' lang='lat' dir='ltr'>quum</span> <span class='ocrx_word' id='word_1_487' title='bbox 833 4370 979 4448; x_wconf 89' lang='lat' dir='ltr'>propter</span> <span class='ocrx_word' id='word_1_488' title='bbox 996 4381 1119 4427; x_wconf 86' lang='lat' dir='ltr'>eorum</span> <span class='ocrx_word' id='word_1_489' title='bbox 1167 4360 1235 4429; x_wconf 89' lang='lat' dir='ltr'>bus</span> <span class='ocrx_word' id='word_1_490' title='bbox 1248 4374 1372 4452; x_wconf 89' lang='lat' dir='ltr'>atque,</span> <span class='ocrx_word' id='word_1_491' title='bbox 1391 4372 1432 4429; x_wconf 94' lang='lat' dir='ltr'>ut</span> <span class='ocrx_word' id='word_1_492' title='bbox 1450 4374 1603 4429; x_wconf 89' lang='lat' dir='ltr'>armatae</span> <span class='ocrx_word' id='word_1_493' title='bbox 1620 4361 1743 4431; x_wconf 87' lang='lat' dir='ltr'>turbae</span> <span class='ocrx_word' id='word_1_494' title='bbox 1760 4362 1948 4451; x_wconf 86' lang='lat' dir='ltr'>placuisset</span> <span class='ocrx_word' id='word_1_495' title='bbox 1964 4364 2157 4437; x_wconf 82' lang='lat' dir='ltr'>considen-</span> 
     </span>
     <span class='ocr_line' id='line_1_42' title="bbox 128 4456 2158 4553; baseline -0 -17"><span class='ocrx_word' id='word_1_496' title='bbox 128 4466 166 4535; x_wconf 94' lang='lat' dir='ltr'>in</span> <span class='ocrx_word' id='word_1_497' title='bbox 190 4462 287 4536; x_wconf 90' lang='lat' dir='ltr'>Deos</span> <span class='ocrx_word' id='word_1_498' title='bbox 310 4461 463 4545; x_wconf 89' lang='lat' dir='ltr'>cultum,</span> <span class='ocrx_word' id='word_1_499' title='bbox 495 4474 572 4529; x_wconf 88' lang='lat' dir='ltr'>turn</span> <span class='ocrx_word' id='word_1_500' title='bbox 592 4458 676 4551; x_wconf 90' lang='lat' dir='ltr'>quia</span> <span class='ocrx_word' id='word_1_501' title='bbox 703 4456 995 4548; x_wconf 72' lang='lat' dir='ltr'>inexpugnabiles</span> <span class='ocrx_word' id='word_1_502' title='bbox 1018 4459 1120 4529; x_wconf 89' lang='lat' dir='ltr'>vidc-</span> <span class='ocrx_word' id='word_1_503' title='bbox 1168 4460 1281 4543; x_wconf 84' lang='lat' dir='ltr'>tibus,</span> <span class='ocrx_word' id='word_1_504' title='bbox 1311 4473 1446 4531; x_wconf 89' lang='lat' dir='ltr'>astante</span> <span class='ocrx_word' id='word_1_505' title='bbox 1468 4461 1574 4531; x_wconf 92' lang='lat' dir='ltr'>etiam</span> <span class='ocrx_word' id='word_1_506' title='bbox 1590 4459 1755 4552; x_wconf 86' lang='lat' dir='ltr'>Principe</span> <span class='ocrx_word' id='word_1_507' title='bbox 1776 4462 1833 4530; x_wconf 85' lang='lat' dir='ltr'>vel</span> <span class='ocrx_word' id='word_1_508' title='bbox 1853 4461 1953 4553; x_wconf 86' lang='lat' dir='ltr'>Rege</span> <span class='ocrx_word' id='word_1_509' title='bbox 1973 4464 2158 4539; x_wconf 89' lang='lat' dir='ltr'>silentium</span> 
     </span>
     <span class='ocr_line' id='line_1_43' title="bbox 127 4554 2158 4655; baseline 0.001 -17"><span class='ocrx_word' id='word_1_510' title='bbox 127 4568 277 4649; x_wconf 85' lang='lat' dir='ltr'>bantur,</span> <span class='ocrx_word' id='word_1_511' title='bbox 303 4564 452 4631; x_wconf 75' lang='lat' dir='ltr'>innuas</span> <span class='ocrx_word' id='word_1_512' title='bbox 467 4558 653 4652; x_wconf 85' lang='lat' dir='ltr'>reliquere.</span> <span class='ocrx_word' id='word_1_513' title='bbox 696 4554 751 4649; x_wconf 72' lang='lat' dir='ltr'>At,</span> <span class='ocrx_word' id='word_1_514' title='bbox 763 4559 1120 4651; x_wconf 66' lang='lat' dir='ltr'>gos,.rsligiosissimi</span> <span class='ocrx_word' id='word_1_515' title='bbox 1169 4585 1231 4652; x_wconf 89' lang='lat' dir='ltr'>per</span> <span class='ocrx_word' id='word_1_516' title='bbox 1245 4562 1470 4647; x_wconf 86' lang='lat' dir='ltr'>Sacerdotes,</span> <span class='ocrx_word' id='word_1_517' title='bbox 1497 4563 1629 4655; x_wconf 89' lang='lat' dir='ltr'>quibus</span> <span class='ocrx_word' id='word_1_518' title='bbox 1643 4578 1720 4635; x_wconf 91' lang='lat' dir='ltr'>tum</span> <span class='ocrx_word' id='word_1_519' title='bbox 1739 4577 1774 4635; x_wconf 93' lang='lat' dir='ltr'>et</span> <span class='ocrx_word' id='word_1_520' title='bbox 1790 4565 1977 4636; x_wconf 86' lang='lat' dir='ltr'>coercendi</span> <span class='ocrx_word' id='word_1_521' title='bbox 1996 4566 2062 4645; x_wconf 81' lang='lat' dir='ltr'>ius.</span> <span class='ocrx_word' id='word_1_522' title='bbox 2072 4582 2158 4655; x_wconf 53' lang='lat' dir='ltr'>erati</span> 
     </span>
    </p>
   </div>
   <div class='ocr_carea' id='block_1_3' title="bbox 127 4760 2160 5471">
    <p class='ocr_par' dir='ltr' id='par_1_3' title="bbox 127 4760 2160 5471">
     <span class='ocr_line' id='line_1_44' title="bbox 127 4760 2159 4863; baseline -0 -21"><span class='ocrx_word' id='word_1_523' title='bbox 127 4770 196 4841; x_wconf 87' lang='lat' dir='ltr'>bus</span> <span class='ocrx_word' id='word_1_524' title='bbox 210 4761 404 4854; x_wconf 86' lang='lat' dir='ltr'>Aethiopas</span> <span class='ocrx_word' id='word_1_525' title='bbox 429 4761 486 4831; x_wconf 91' lang='lat' dir='ltr'>vel</span> <span class='ocrx_word' id='word_1_526' title='bbox 511 4760 700 4853; x_wconf 89' lang='lat' dir='ltr'>superastis</span> <span class='ocrx_word' id='word_1_527' title='bbox 714 4761 773 4830; x_wconf 89' lang='lat' dir='ltr'>vel</span> <span class='ocrx_word' id='word_1_528' title='bbox 791 4762 978 4855; x_wconf 85' lang='lat' dir='ltr'>aequastis.</span> <span class='ocrx_word' id='word_1_529' title='bbox 1003 4806 1006 4811; x_wconf 94' lang='lat'><em>-</em></span> <span class='ocrx_word' id='word_1_530' title='bbox 1027 4760 1118 4832; x_wconf 90' lang='lat' dir='ltr'>Nam</span> <span class='ocrx_word' id='word_1_531' title='bbox 1169 4785 1243 4847; x_wconf 91' lang='lat' dir='ltr'>res,</span> <span class='ocrx_word' id='word_1_532' title='bbox 1275 4760 1342 4833; x_wconf 79' lang='lat' dir='ltr'>liae</span> <span class='ocrx_word' id='word_1_533' title='bbox 1372 4765 1610 4835; x_wconf 90' lang='lat' dir='ltr'>sanctissimae</span> <span class='ocrx_word' id='word_1_534' title='bbox 1638 4766 1748 4856; x_wconf 90' lang='lat' dir='ltr'>leges,</span> <span class='ocrx_word' id='word_1_535' title='bbox 1787 4760 1873 4837; x_wconf 87' lang='lat' dir='ltr'>haec</span> <span class='ocrx_word' id='word_1_536' title='bbox 1900 4768 2061 4858; x_wconf 87' lang='lat' dir='ltr'>ingenita</span> <span class='ocrx_word' id='word_1_537' title='bbox 2090 4772 2159 4863; x_wconf 84' lang='lat' dir='ltr'>piis</span> 
     </span>
     <span class='ocr_line' id='line_1_45' title="bbox 129 4862 2159 4965; baseline 0.002 -24"><span class='ocrx_word' id='word_1_538' title='bbox 129 4871 227 4965; x_wconf 88' lang='lat' dir='ltr'>qnod</span> <span class='ocrx_word' id='word_1_539' title='bbox 242 4869 288 4939; x_wconf 92' lang='lat' dir='ltr'>ad</span> <span class='ocrx_word' id='word_1_540' title='bbox 301 4864 511 4954; x_wconf 91' lang='lat' dir='ltr'>religionem</span> <span class='ocrx_word' id='word_1_541' title='bbox 527 4862 669 4948; x_wconf 91' lang='lat' dir='ltr'>attinet,</span> <span class='ocrx_word' id='word_1_542' title='bbox 690 4862 795 4951; x_wconf 90' lang='lat' dir='ltr'>longe</span> <span class='ocrx_word' id='word_1_543' title='bbox 815 4862 854 4931; x_wconf 94' lang='lat' dir='ltr'>in</span> <span class='ocrx_word' id='word_1_544' title='bbox 873 4864 976 4935; x_wconf 90' lang='lat' dir='ltr'>vobis</span> <span class='ocrx_word' id='word_1_545' title='bbox 996 4864 1120 4949; x_wconf 89' lang='lat' dir='ltr'>maior,</span> <span class='ocrx_word' id='word_1_546' title='bbox 1168 4866 1399 4965; x_wconf 71' lang='lat' dir='ltr'>mentibusiu</span> <span class='ocrx_word' id='word_1_547' title='bbox 1410 4862 1526 4938; x_wconf 92' lang='lat' dir='ltr'>Deum</span> <span class='ocrx_word' id='word_1_548' title='bbox 1543 4880 1577 4937; x_wconf 90' lang='lat' dir='ltr'>et</span> <span class='ocrx_word' id='word_1_549' title='bbox 1591 4870 1786 4937; x_wconf 85' lang='lat' dir='ltr'>sacerdotes</span> <span class='ocrx_word' id='word_1_550' title='bbox 1806 4870 2017 4945; x_wconf 65' lang='lat' dir='ltr'>reserenda.</span> <span class='ocrx_word' id='word_1_551' title='bbox 2057 4868 2159 4965; x_wconf 78' lang='lat' dir='ltr'>Quas</span> 
     </span>
     <span class='ocr_line' id='line_1_46' title="bbox 129 4958 2159 5063; baseline 0 -22"><span class='ocrx_word' id='word_1_552' title='bbox 129 4972 235 5061; x_wconf 91' lang='lat' dir='ltr'>longe</span> <span class='ocrx_word' id='word_1_553' title='bbox 257 4967 412 5063; x_wconf 82' lang='lat' dir='ltr'>sanctior</span> <span class='ocrx_word' id='word_1_554' title='bbox 434 4988 574 5056; x_wconf 87' lang='lat' dir='ltr'>semper</span> <span class='ocrx_word' id='word_1_555' title='bbox 590 4964 669 5035; x_wconf 85' lang='lat' dir='ltr'>suit.</span> <span class='ocrx_word' id='word_1_556' title='bbox 734 4958 909 5035; x_wconf 88' lang='lat' dir='ltr'>Historias</span> <span class='ocrx_word' id='word_1_557' title='bbox 931 4979 1064 5036; x_wconf 90' lang='lat' dir='ltr'>veteres</span> <span class='ocrx_word' id='word_1_558' title='bbox 1086 4979 1120 5035; x_wconf 91' lang='lat' dir='ltr'>et</span> <span class='ocrx_word' id='word_1_559' title='bbox 1170 4990 1280 5059; x_wconf 91' lang='lat' dir='ltr'>quum</span> <span class='ocrx_word' id='word_1_560' title='bbox 1311 4968 1403 5037; x_wconf 87' lang='lat' dir='ltr'>bene</span> <span class='ocrx_word' id='word_1_561' title='bbox 1437 4982 1472 5039; x_wconf 91' lang='lat' dir='ltr'>et</span> <span class='ocrx_word' id='word_1_562' title='bbox 1506 4968 1732 5039; x_wconf 90' lang='lat' dir='ltr'>laudabiliter</span> <span class='ocrx_word' id='word_1_563' title='bbox 1761 4992 1782 5039; x_wconf 87' lang='lat' dir='ltr'>a</span> <span class='ocrx_word' id='word_1_564' title='bbox 1811 4970 2018 5043; x_wconf 80' lang='lat' dir='ltr'>maioribus</span> <span class='ocrx_word' id='word_1_565' title='bbox 2056 4972 2159 5051; x_wconf 85' lang='lat' dir='ltr'>insti-</span> 
     </span>
     <span class='ocr_line' id='line_1_47' title="bbox 128 5065 2158 5165; baseline 0.002 -23"><span class='ocrx_word' id='word_1_566' title='bbox 128 5073 273 5165; x_wconf 87' lang='lat' dir='ltr'>antiqua</span> <span class='ocrx_word' id='word_1_567' title='bbox 285 5069 347 5139; x_wconf 92' lang='lat' dir='ltr'>illa</span> <span class='ocrx_word' id='word_1_568' title='bbox 357 5083 512 5157; x_wconf 88' lang='lat' dir='ltr'>tempora</span> <span class='ocrx_word' id='word_1_569' title='bbox 521 5066 693 5149; x_wconf 84' lang='lat' dir='ltr'>recolatis,</span> <span class='ocrx_word' id='word_1_570' title='bbox 707 5066 850 5157; x_wconf 88' lang='lat' dir='ltr'>quando</span> <span class='ocrx_word' id='word_1_571' title='bbox 860 5065 1008 5136; x_wconf 91' lang='lat' dir='ltr'>verbum</span> <span class='ocrx_word' id='word_1_572' title='bbox 1017 5090 1120 5135; x_wconf 90' lang='lat' dir='ltr'>suum</span> <span class='ocrx_word' id='word_1_573' title='bbox 1169 5080 1244 5137; x_wconf 91' lang='lat' dir='ltr'>tuta</span> <span class='ocrx_word' id='word_1_574' title='bbox 1267 5082 1372 5160; x_wconf 88' lang='lat' dir='ltr'>atque</span> <span class='ocrx_word' id='word_1_575' title='bbox 1392 5069 1574 5139; x_wconf 89' lang='lat' dir='ltr'>observata</span> <span class='ocrx_word' id='word_1_576' title='bbox 1605 5069 1754 5152; x_wconf 84' lang='lat' dir='ltr'>suerint,</span> <span class='ocrx_word' id='word_1_577' title='bbox 1795 5094 1859 5141; x_wconf 88' lang='lat' dir='ltr'>cur</span> <span class='ocrx_word' id='word_1_578' title='bbox 1887 5094 1962 5143; x_wconf 87' lang='lat' dir='ltr'>uon</span> <span class='ocrx_word' id='word_1_579' title='bbox 1991 5074 2158 5165; x_wconf 86' lang='lat' dir='ltr'>privatim</span> 
     </span>
     <span class='ocr_line' id='line_1_48' title="bbox 128 5167 2159 5267; baseline 0.004 -24"><span class='ocrx_word' id='word_1_580' title='bbox 128 5170 226 5243; x_wconf 88' lang='lat' dir='ltr'>Deus</span> <span class='ocrx_word' id='word_1_581' title='bbox 235 5168 322 5264; x_wconf 90' lang='lat' dir='ltr'>Opt.</span> <span class='ocrx_word' id='word_1_582' title='bbox 340 5171 383 5239; x_wconf 88' lang='lat' dir='ltr'>ad</span> <span class='ocrx_word' id='word_1_583' title='bbox 402 5168 578 5238; x_wconf 90' lang='lat' dir='ltr'>sanandos</span> <span class='ocrx_word' id='word_1_584' title='bbox 598 5167 764 5236; x_wconf 89' lang='lat' dir='ltr'>mortales</span> <span class='ocrx_word' id='word_1_585' title='bbox 785 5168 947 5237; x_wconf 89' lang='lat' dir='ltr'>nondum</span> <span class='ocrx_word' id='word_1_586' title='bbox 968 5168 1121 5252; x_wconf 80' lang='lat' dir='ltr'>miserat,</span> <span class='ocrx_word' id='word_1_587' title='bbox 1169 5168 1299 5258; x_wconf 89' lang='lat' dir='ltr'>singuli</span> <span class='ocrx_word' id='word_1_588' title='bbox 1326 5183 1360 5239; x_wconf 94' lang='lat' dir='ltr'>et</span> <span class='ocrx_word' id='word_1_589' title='bbox 1383 5171 1525 5260; x_wconf 91' lang='lat' dir='ltr'>publice</span> <span class='ocrx_word' id='word_1_590' title='bbox 1541 5171 1699 5241; x_wconf 89' lang='lat' dir='ltr'>universi</span> <span class='ocrx_word' id='word_1_591' title='bbox 1721 5194 1761 5243; x_wconf 87' lang='lat' dir='ltr'>ca</span> <span class='ocrx_word' id='word_1_592' title='bbox 1777 5174 1959 5243; x_wconf 89' lang='lat' dir='ltr'>attendere</span> <span class='ocrx_word' id='word_1_593' title='bbox 1980 5174 2090 5267; x_wconf 89' lang='lat' dir='ltr'>(sicut</span> <span class='ocrx_word' id='word_1_594' title='bbox 2107 5192 2159 5251; x_wconf 82' lang='lat' dir='ltr'>ts·</span> 
     </span>
     <span class='ocr_line' id='line_1_49' title="bbox 129 5268 2160 5367; baseline 0.002 -22"><span class='ocrx_word' id='word_1_595' title='bbox 129 5274 292 5345; x_wconf 89' lang='lat' dir='ltr'>noudum</span> <span class='ocrx_word' id='word_1_596' title='bbox 332 5271 498 5343; x_wconf 87' lang='lat' dir='ltr'>coelestes</span> <span class='ocrx_word' id='word_1_597' title='bbox 537 5268 641 5339; x_wconf 89' lang='lat' dir='ltr'>orbes</span> <span class='ocrx_word' id='word_1_598' title='bbox 673 5268 835 5339; x_wconf 92' lang='lat' dir='ltr'>divinum</span> <span class='ocrx_word' id='word_1_599' title='bbox 868 5269 971 5338; x_wconf 94' lang='lat' dir='ltr'>illum</span> <span class='ocrx_word' id='word_1_600' title='bbox 1001 5280 1125 5340; x_wconf 88' lang='lat' dir='ltr'>rorem&#39;</span> <span class='ocrx_word' id='word_1_601' title='bbox 1168 5294 1251 5340; x_wconf 91' lang='lat' dir='ltr'>men</span> <span class='ocrx_word' id='word_1_602' title='bbox 1264 5270 1395 5341; x_wconf 85' lang='lat' dir='ltr'>secistis</span> <span class='ocrx_word' id='word_1_603' title='bbox 1407 5269 1559 5365; x_wconf 89' lang='lat' dir='ltr'>semper)</span> <span class='ocrx_word' id='word_1_604' title='bbox 1578 5287 1684 5367; x_wconf 90' lang='lat' dir='ltr'>atque</span> <span class='ocrx_word' id='word_1_605' title='bbox 1704 5272 2038 5345; x_wconf 76' lang='lat' dir='ltr'>imitari&#39;debeatis?</span> <span class='ocrx_word' id='word_1_606' title='bbox 2089 5276 2160 5349; x_wconf 85' lang='lat' dir='ltr'>lnt-</span> 
     </span>
     <span class='ocr_line' id='line_1_50' title="bbox 129 5372 2159 5471; baseline 0.002 -24"><span class='ocrx_word' id='word_1_607' title='bbox 129 5387 346 5471; x_wconf 88' lang='lat' dir='ltr'>sparserant,</span> <span class='ocrx_word' id='word_1_608' title='bbox 387 5374 550 5444; x_wconf 89' lang='lat' dir='ltr'>nondum</span> <span class='ocrx_word' id='word_1_609' title='bbox 587 5385 680 5441; x_wconf 91' lang='lat' dir='ltr'>terra</span> <span class='ocrx_word' id='word_1_610' title='bbox 715 5384 835 5443; x_wconf 88' lang='lat' dir='ltr'>nostra</span> <span class='ocrx_word' id='word_1_611' title='bbox 863 5372 1120 5461; x_wconf 87' lang='lat' dir='ltr'>germinaverat</span> <span class='ocrx_word' id='word_1_612' title='bbox 1168 5396 1227 5445; x_wconf 85' lang='lat' dir='ltr'>mo</span> <span class='ocrx_word' id='word_1_613' title='bbox 1243 5398 1306 5445; x_wconf 89' lang='lat' dir='ltr'>cur</span> <span class='ocrx_word' id='word_1_614' title='bbox 1322 5396 1397 5445; x_wconf 88' lang='lat' dir='ltr'>non</span> <span class='ocrx_word' id='word_1_615' title='bbox 1410 5397 1477 5466; x_wconf 92' lang='lat' dir='ltr'>pro</span> <span class='ocrx_word' id='word_1_616' title='bbox 1499 5374 1805 5449; x_wconf 79' lang='lat' dir='ltr'>excellentioribus</span> <span class='ocrx_word' id='word_1_617' title='bbox 1822 5372 2046 5451; x_wconf 84' lang='lat' dir='ltr'>liberalitatis</span> <span class='ocrx_word' id='word_1_618' title='bbox 2065 5378 2159 5453; x_wconf 86' lang='lat' dir='ltr'>diri·</span> 
     </span>
    </p>
   </div>
   <div class='ocr_carea' id='block_1_4' title="bbox 0 0 2261 5780">
    <p class='ocr_par' dir='ltr' id='par_1_4' title="bbox 0 0 2261 5780">
     <span class='ocr_line' id='line_1_51' title="bbox 0 0 2261 5780; baseline 0 0"><span class='ocrx_word' id='word_1_619' title='bbox 0 0 2261 5780; x_wconf 95' lang='lat' dir='ltr'> </span> 
     </span>
    </p>
   </div>
  </div>
 </body>
</html>
