4500 5782
161 228 243 323 aas
339 330 369 355 Ἴ,
731 238 1168 323 srrsrossnun
1215 244 1427 325 nram
1459 247 1614 327 assa.
2119 251 2187 327 sss

165 398 240 473 lius
260 396 304 473 dc
323 404 563 502 populo-sno.
626 409 704 484 Hae
725 415 919 485 sentcntiae
940 418 1029 510 quid
1049 417 1149 487 alind
1188 410 1291 509 ficri.
1346 417 1439 490 Cum
1460 421 1581 515 itaque
1609 434 1748 493 tantum
1775 422 1820 493 sit
1841 424 2007 495 remissio
2034 442 2189 517 pcccato-

162 517 248 575 sunt
270 530 379 599 quam
398 513 648 598 promissiones
671 517 826 604 gratiae?
874 518 966 588 Nam
986 543 1068 589 cum
1089 518 1151 601 ait,
1201 544 1298 603 rum,
1324 523 1389 591 uhi
1409 534 1472 593 aut
1494 524 1711 594 verbum-est
1725 539 1786 595 aut
1802 538 2086 611 sacramentnm,
2108 548 2189 597 eors-

164 626 224 675 sro
245 599 353 677 Deus
374 632 515 695 torrem,
547 617 719 705 significat
749 642 786 687 sc
809 621 900 690 velle
926 619 1088 691 misereri
1116 633 1150 690 et
1200 622 1380 713 sequitur,
1405 625 1553 694 salutem
1573 626 1617 695 ad
1637 649 1698 695 cos
1714 626 1867 695 infantes
1884 628 2089 719 pertinere,
2114 627 2190 720 qni·

164 730 302 779 servare
322 734 391 780 eos.
441 712 489 784 Et
510 732 629 806 postea
643 743 722 787 cum
737 722 974 807 minatoriis,
996 723 1149 817 quinon
1200 724 1267 793 bus
1296 720 1487 794 adhibetur
1514 727 1608 818 quod
1635 740 1686 796 est
1713 727 1853 815 signum
1878 750 1919 797 ac
1948 728 2190 799 testimoninm

164 808 484 897 circumciduntur,
518 834 610 889 certe
632 833 778 891 testatur
803 847 840 892 se
863 825 1087 895 circumcisos
1111 823 1150 891 in
1201 824 1392 915 promissae
1413 827 1545 915 gratiae
1559 828 1726 897 omuibus
1740 829 1933 915 aetatibus,
1954 853 2032 899 non
2056 841 2189 900 tantum

162 911 508 1007 gratiamrscipere,
544 946 617 989 non
641 923 863 994 circumcisos
886 949 959 994 non
983 927 1150 1017 recipere,
1200 926 1341 997 adultis.
1392 926 1537 996 Nullam
1561 929 1698 997 firmam
1723 930 1918 1014 rationem,
1943 931 2090 1001 nullum
2116 952 2190 1021 per-

162 1026 205 1082 nt
218 1013 436 1087 circumcisio
453 1044 517 1110 pro
534 1045 617 1090 vero
638 1048 679 1093 ac
700 1038 794 1097 certo
817 1028 921 1115 signo
937 1029 1069 1116 gratiae
1085 1022 1150 1096 ha-
1201 1027 1362 1117 spicuum
1396 1030 1590 1120 scripturae
1607 1031 1862 1101 testimonium
1890 1031 1999 1101 video
2026 1033 2190 1101 adversm

163 1114 301 1195 beatur.
351 1116 519 1190 Nondum
543 1126 586 1192 dc
605 1126 779 1215 baptismo
797 1128 897 1214 dico,
923 1143 1059 1200 tantum
1082 1124 1150 1197 hoc
1202 1125 1293 1197 hanc
1309 1130 1482 1199 rationem
1498 1131 1632 1221 opponi
1650 1148 1762 1221 posse.
1811 1129 1905 1201 Cum
1928 1132 2096 1202 remissio
2116 1156 2190 1224 pec-

164 1214 310 1305 colligo,
342 1223 438 1312 quod
462 1227 798 1317 promissio-gratiae
819 1244 852 1301 et
875 1231 967 1300 vitae
988 1245 1150 1301 aeternae
1202 1244 1359 1301 catorum
1373 1232 1426 1301 ibi
1442 1244 1582 1301 tantum
1597 1234 1661 1316 sit,
1683 1235 1748 1303 ubi
1770 1234 1920 1303 verbum
1942 1248 1998 1303 est
2018 1258 2061 1303 ac
2079 1256 2186 1302 sacra-

163 1318 339 1409 pertiucat
357 1322 520 1395 etiamad
536 1327 698 1402 infantes.
749 1327 891 1401 Etenim
912 1334 942 1401 si
967 1331 1151 1401 circumci-
1201 1345 1379 1415 mentum,
1410 1333 1655 1426 consequitur,
1686 1335 1732 1405 ad
1753 1357 1812 1403 eos
1837 1334 1993 1405 infantes
2017 1335 2190 1425 pertinere

165 1419 230 1504 sio,
249 1445 338 1513 quae
354 1437 406 1493 est
419 1425 558 1513 signnm
576 1431 716 1517 gratiae,
742 1435 785 1501 ad
803 1434 954 1503 infantes
969 1434 1151 1527 pertinuit,
1201 1434 1444 1502 remissionem
1467 1448 1707 1523 peccatorum,
1739 1436 1802 1527 qui
1820 1432 2004 1507 Ecclesiae
2027 1436 2190 1505 inserun-

163 1544 302 1592 necesse
320 1539 370 1595 est
387 1527 492 1595 etiam
509 1532 656 1617 gratiam
674 1558 713 1602 ac
729 1536 973 1605 remissionem
990 1551 1150 1627 peccato-
1202 1548 1280 1619 tur,
1304 1535 1435 1626 quihus
1457 1537 1598 1624 signum
1620 1537 1812 1626 promissae
1835 1538 1969 1625 gratiae
1993 1532 2189 1617 adhibetur.

163 1646 245 1695 tum
260 1626 303 1693 ad
325 1626 477 1699 infantes
495 1633 683 1720 pertinere.
734 1634 917 1721 Secundo,
944 1632 1072 1709 Matth.
1093 1634 1149 1707 19.
1202 1634 1310 1723 Quod
1325 1636 1356 1704 si
1371 1658 1444 1705 non
1462 1638 1547 1708 satis
1561 1637 1661 1705 lirma
1678 1632 1765 1707 haec
1784 1639 1876 1708 ratio
1899 1639 2116 1709 adversariis
2138 1637 2189 1705 vi-

164 1726 415 1815 scriptumest:
450 1727 573 1801 Sinin
590 1732 768 1830 parvulos
790 1734 848 1807 ad
867 1762 922 1807 nie
950 1738 1086 1819 venire,
1117 1744 1150 1806 ει
1202 1739 1326 1822 detur,
1371 1741 1560 1807 ostendant
1590 1738 1658 1828 ipsi
1692 1762 1733 1809 ac
1763 1741 1917 1830 probent
1944 1740 2189 1809 remissionem

165 1822 278 1895 nolite
306 1851 364 1899 sos
387 1827 596 1923 prohibere,
636 1834 769 1907 talium
797 1839 969 1909 estasim
999 1862 1149 1935 regnum
1202 1852 1423 1930 peccatorum
1445 1842 1489 1908 ad
1512 1840 1662 1908 infantes
1678 1853 1774 1909 extra
1792 1836 1986 1911 Ecclesiam
2003 1841 2190 1933 pertinere.

164 1924 354 1999 coelorum.
405 1930 507 2005 Hanc
530 1940 739 2009 sententiam
757 1942 806 2012 ita
821 1943 972 2013 eludunt
993 1943 1151 2036 qnidam,
1200 1938 1280 2009 Nisi
1293 1941 1384 2010 forte
1407 1935 1476 2011 hoc
1489 1940 1630 2011 malunt
1643 1942 1789 2025 sentire,
1814 1941 2093 2033 pmmissionem
2113 1963 2190 2031 gra-

163 2026 345 2101 Christum
361 2057 434 2104 non
449 2032 516 2107 hoc
533 2039 665 2125 dicere,
690 2045 787 2134 quod
804 2067 953 2133 regnum
971 2045 1150 2114 coelorum
1201 2042 1270 2110 tiae
1287 2042 1436 2111 omnino
1452 2044 1498 2111 ad
1517 2042 1671 2110 infantes
1691 2066 1766 2111 non
1788 2043 1990 2133 pertinere,
2029 2042 2102 2115 Sed
2127 2064 2189 2111 nos

162 2132 209 2200 sit
230 2157 441 2223 puerorum,
468 2140 529 2209 sed
552 2164 674 2211 eonem
695 2144 757 2236 qui
778 2146 897 2236 pneris
919 2146 1052 2215 similes
1067 2146 1150 2228 sint,
1202 2143 1380 2214 diversum
1396 2166 1503 2235 supra
1520 2143 1750 2213 ostendimus.
1800 2142 1872 2215 Sed
1893 2144 2083 2237 inquiunt:
2111 2138 2189 2213 Bn-

160 2256 286 2305 verum
302 2231 388 2308 haec
402 2239 644 2331 interpretatio
658 2248 947 2335 praecedentibus
959 2247 1078 2317 verbis
1094 2270 1150 2315 rc-
1198 2242 1356 2339 plismns
1379 2242 1530 2342 requirit
1552 2241 1696 2313 verbum
1711 2266 1756 2314 ac
1765 2236 1903 2335 fidem,
1929 2243 2103 2344 insanitl
2122 2270 2190 2315 Μ·

162 2335 309 2411 renisus.
359 2334 541 2413 cassum
559 2345 768 2419 enim-tusa
781 2349 949 2440 patmos
966 2352 1010 2419 aa
1036 2373 1073 2418 se
1087 2349 1151 2417 aa.
1202 2351 1289 2427 tem,
1316 2368 1396 2417 cum
1417 2339 1521 2415 nihil
1543 2341 1777 2439 atellanus,
1811 2368 1925 2443 nequo
1949 2344 2098 2417 verbum
2119 2339 2190 2415 la·

161 2435 268 2523 ferri,
293 2465 402 2532 quare
415 2467 554 2515 necesse
568 2460 620 2516 est
634 2450 678 2517 ad
697 2470 757 2517 eos
774 2451 877 2521 etiam
899 2452 1054 2540 gratiam¹
1069 2474 1150 2543 per·
1201 2444 1283 2516 bant
1318 2470 1429 2545 neque
1442 2440 1571 2540 fidem.
1617 2446 1729 2516 Huic
1752 2448 2039 2519 adversariorum
2061 2448 2190 2519 talioni

163 2539 295 2625 tinere,
316 2542 452 2635 alioqui
472 2571 546 2617 non
569 2564 670 2618 erant
692 2551 875 2621 adserendi
899 2556 943 2621 ad
956 2549 1150 2636 Christum,
1201 2552 1398 2642 exemplum
1427 2549 1704 2620 circumcisionis
1736 2550 1948 2640 opponitur,
1987 2574 2081 2644 quae
2112 2572 2191 2621 eum

164 2643 223 2710 sed
250 2643 441 2714 abiiciendi
465 2647 558 2718 inter
575 2649 739 2719 inimicos
754 2648 834 2725 Dei.
884 2649 992 2738 Item,
1017 2667 1151 2723 utma-
1201 2652 1306 2721 etiam
1328 2653 1477 2721 verbum
1503 2652 1547 2719 ad
1571 2650 1678 2719 fidem
1701 2651 1916 2743 requireret,
1938 2665 2063 2723 tamen
2087 2645 2191 2721 adhi-

163 2742 257 2812 xime
278 2739 412 2815 Christi
439 2750 548 2819 verba
580 2774 655 2819 non
683 2754 728 2820 de
755 2753 912 2844 parvulis
940 2755 1150 2847 interprete·
1201 2754 1352 2824 bebatur
1371 2752 1567 2822 infantibus
1588 2752 1711 2821 divino
1726 2755 1906 2824 mandato.
1956 2751 2056 2823 Sunt
2077 2766 2191 2823 autem

163 2868 262 2931 mur,
283 2850 348 2921 sed
365 2850 413 2927 de,
427 2843 483 2919 his
498 2852 561 2942 qui
576 2853 819 2924 suntillornm
832 2855 982 2941 similes,
1006 2871 1150 2947 apparet
1201 2855 1306 2946 plane
1335 2855 1466 2943 gratiae
1489 2854 1644 2923 eiusdem
1670 2849 1805 2922 Christi
1826 2854 1944 2943 signa,
1970 2852 2189 2925 circumcisio

162 2960 282 3017 tamen
304 2974 383 3019 cum
408 2954 604 3042 approbare
625 2964 660 3022 et
675 2957 832 3047 recipere
848 2959 1034 3048 parvulos,
1058 2958 1150 3027 alio-
1201 2970 1235 3026 ct
1250 2957 1455 3047 baptismus.
1509 2953 1593 3023 Non
1609 2954 1704 3022 enim
1719 2955 1789 3023 fuit
1810 2954 2035 3025 circumcisio
2056 2970 2191 3027 tantum

163 3049 225 3140 qui
243 3050 338 3119 enirn
361 3076 475 3146 neque
494 3077 554 3125 eos
568 3056 752 3145 probaret,
778 3060 840 3151 qni
858 3060 1002 3129 illorum
1017 3061 1151 3129 'evasis-
1202 3057 1476 3150 promissionum
1506 3055 1745 3147 corporalium
1773 3056 1935 3144 signum,
1973 3058 2037 3127 scd
2076 3056 2190 3148 potius

163 3164 242 3219 sent
256 3152 399 3225 similes.
444 3150 626 3225 Postremo
637 3155 780 3228 Marcus
795 3162 928 3253 inquit:
953 3155 1151 3230 Benedice-
1202 3159 1367 3251 promissi
1383 3157 1544 3240 seminis,
1569 3158 1702 3226 scilicet
1716 3151 1869 3241 Christi,
1893 3158 1986 3228 sicut
2009 3172 2045 3227 ct
2061 3158 2190 3229 Paulus

164 3247 227 3320 bat
248 3253 317 3338 eis,
338 3257 433 3347 qnod
459 3258 570 3348 accipi
590 3283 664 3328 non
685 3274 798 3349 potest
815 3263 935 3347 alitcr,
960 3264 1030 3331 nisi
1052 3265 1150 3355 quod
1202 3264 1247 3330 ad
1268 3260 1420 3332 Roman.
1438 3257 1476 3330 4.
1496 3271 1660 3341 testatur,
1697 3282 1778 3327 cum
1799 3272 1902 3329 vocat
1923 3259 2069 3348 signum
2090 3259 2189 3329 iusti-

163 3355 334 3443 receperit
349 3380 407 3425 eos
424 3357 641 3445 ingratiam,
664 3365 760 3452 qnod
776 3367 1074 3434 commendaverit
1091 3390 1150 3435 eos
1203 3363 1281 3434 tiae.
1331 3357 1380 3433 Et
1394 3363 1437 3429 ad
1458 3358 1576 3428 Galat.
1591 3362 1712 3442 docet,
1737 3372 1818 3427 ante
1843 3362 2089 3449 legem-luisse
2110 3384 2190 3452 pro-

162 3457 254 3545 patri
277 3456 545 3529 sanctificandos
561 3475 598 3533 ει
613 3466 805 3533 servandos
820 3478 886 3537 etc.
936 3462 1017 3536 Huc
1034 3488 1150 3535 ertem-
1202 3464 1405 3532 missionem
1432 3462 1563 3551 gratiae
1586 3484 1626 3529 ac
1648 3460 1812 3530 iustitiae.
1871 3462 1972 3533 Sicut
1996 3463 2107 3551 igitur
2123 3462 2189 3531 cir·

165 3556 223 3646 pla
245 3559 350 3627 etiam
378 3575 461 3631 sunt
489 3565 707 3635 accersenda.
748 3564 857 3635 :Non
877 3569 973 3635 eslim
1000 3569 1150 3639 dubium
1202 3564 1369 3635 cumcisio
1384 3564 1578 3634 testabatur
1595 3575 1680 3631 trino
1700 3562 1944 3631 remissionem
1968 3576 2187 3653 peccatorum

143 3660 215 3727 'est
242 3660 329 3751 quin
354 3684 503 3750 regulum
518 3661 821 3755 Dei-pertinuerit
843 3669 895 3735 ad·
912 3688 1060 3759 pueros,
1086 3670 1150 3762 qni
1201 3668 1247 3737 ad
1268 3666 1421 3733 infantes
1440 3666 1634 3755 pertinere,
1659 3663 1798 3731 tametsi
1819 3666 1984 3732 nondum
2007 3675 2189 3736 uterentur

162 3772 246 3829 sunt
267 3761 511 3833 intersecti'ah
532 3762 689 3849 Herode,
720 3768 810 3837 sient
834 3768 1150 3857 significat'Evans
1201 3766 1547 3851 rationc,-nondnm-
1557 3763 1755 3851 intelligere
1771 3765 1920 3834 verbnm
1948 3779 2112 3856 possent:
2142 3764 2187 3835 iu

163 3862 304 3949 gelista,
326 3865 438 3935 citans
456 3866 572 3937 locum
589 3866 817 3939 Ieremias-de
837 3872 967 3943 sanctis
983 3873 1150 3965 martyri·
1201 3884 1235 3940 et
1255 3892 1353 3937 nunc
1378 3868 1573 3958 baptismus
1596 3876 1744 3933 testatur
1765 3867 1808 3933 nd
1830 3866 1987 3935 inlan'tes
2011 3865 2186 3935 remissio·

162 3963 241 4033 bus.
299 3960 398 4035 Cum-
415 3967 535 4061 itaque
556 3965 624 4039 hoc
646 3971 948 4057 constituerimus,
973 3975 1070 4067 qrsod
1091 3998 1150 4043 re-
1200 3994 1280 4040 nem
1295 3983 1515 4059 peccatorum
1532 3965 1717 4058 pertinere,
1735 3966 1873 4037 ‘filimi
1890 3967 2187 4057 Pfflfldifflliffl‘m

162 4086 272 4155 gnum
287 4062 355 4135 Dei
374 4070 737 4159 pertincatctiamad
756 4096 904 4163 pnerns,
928 4074 1000 4144 iam
1023 4076 1149 4144 viden-
1199 4073 1299 4142 verbi
1326 4071 1489 4139 nondum
1519 4068 1729 4155 intelligant
1788 4066 1896 4155 Quod
1921 4068 1952 4135 si
1972 4090 2188 4159 magnopere

161 4168 249 4243 dum
279 4182 332 4239 est
360 4172 406 4241 ad
436 4182 526 4265 quida
546 4180 683 4264 pueros
710 4176 899 4263 pertineam
932 4200 1021 4245 ‚nrm
1048 4177 1080 4244 si
1103 4178 1146 4245 ad
1200 4174 1417 4244 contendant
1443 4170 1636 4239 adversarii
1671 4168 1824 4237 infantes
1855 4162 1951 4237 nihil
1979 4169 2187 4257 intelligere,

161 4292 284 4339 omnes
299 4286 429 4362 pueros
442 4274 548 4351 etiam
562 4282 661 4345 e'xtra
669 4271 860 4353 Ecclesiam
871 4278 1036 4366 pertinet,
1054 4274 1148 4347 nihil
1200 4278 1323 4345 eodem
1334 4270 1622 4359 modocolligere
1633 4276 1810 4360 poterunt,
1824 4284 1885 4341 ant
1898 4270 2058 4343 infantes
2068 4282 2187 4341 omnes

162 4374 214 4443 eis
226 4398 316 4464 opus
332 4388 385 4453 est
399 4376 591 4467 baptismo:
610 4378 796 4447 sinautem
814 4378 973 4447 remissio
989 4393 1150 4469 peccato-
1200 4379 1244 4445 ad
1274 4396 1423 4463 regnum
1450 4371 1519 4443 Dei
1547 4373 1744 4463 perr-inere,
1773 4378 1849 4445 'aut
1874 4370 1998 4441 nullos
2029 4372 2188 4444 manino·

163 4498 242 4545 rnm
264 4500 340 4547 non
359 4490 427 4559 est,
449 4478 524 4546 nisi
543 4479 608 4547 nbi
617 4476 775 4548 Verbum
791 4492 844 4548 est
862 4493 897 4549 et
913 4478 1160 4565 Sacramenta.
1200 4477 1307 4567 Quod
1327 4500 1410 4545 cum
1422 4472 1469 4543 sit
1483 4475 1695 4557 absurdum,
1719 4474 1895 4543 ffllflfflffl
1914 4474 1962 4543 ³⁶
1987 4496 2052 4542 0⁰⁸
2073 4472 2189 4545 ΜΨ·

162 4576 322 4648 remissio
338 4592 557 4668 peccatorum
574 4581 619 4649 ad
633 4602 693 4650 eos
707 4580 917 4672 pertinebit,
943 4582 1073 4673 quibus
1088 4596 1149 4651 aut
1199 4593 1251 4649 tes
1266 4578 1442 4669 pertinere
1461 4575 1701 4645 remissionem
1715 4584 1959 4663 peccatorum,
1986 4574 2124 4666 quibus
2137 4596 2188 4645 aa·

162 4682 311 4751 verbum
346 4693 408 4751 aut
426 4694 698 4753 sacramentum
735 4676 933 4755 adhibetur.
989 4680 1159 4753 ,Nullum
1199 4692 1418 4750 eramentum
1439 4672 1647 4747 adhibetur.¹
1690 4668 1768 4743 Sed
1780 4669 1926 4743 nullum
1945 4684 2188 4771 praeseptum,

162 4797 279 4855 autem
314 4806 333 4853 e
363 4782 547 4874 seripturis
583 4783 990 4854 tessimonium=÷aaterri
1024 4799 1149 4875 potest,
1200 4781 1384 4874 inquiunt,
1408 4776 1503 4871 cogit
1519 4774 1710 4873 baptisare
1730 4773 1931 4874 msam·
1956 4770 2018 4845 Ad
2043 4771 2116 4849 hoe
2135 4800 2188 4847 re·

162 4887 257 4977 quod
288 4884 476 4978 promissio
496 4886 628 4976 gratiae
657 4886 902 4977 pertineam
929 4888 1056 4978 pne'ros
1085 4885 1149 4978 qui
1200 4883 1378 4975 spondeo,
1403 4878 1539 4949 tametsi
1555 4890 1780 4969 praeceptum
1796 4898 2001 4969 expressum
2025 4900 2107 4947 non
2128 4873 2188 4947 ha·

26 4979 35 4995 ’
162 5002 246 5058 srrnt
262 5001 358 5057 extra
373 4984 580 5061 Ecclesiam.
629 4984 679 5060 Et
708 4989 746 5058 in
764 4987 924 5057 confesso
950 5000 1002 5055 est
1023 4987 1149 5055 remis-
1198 4988 1381 5066 beamus,·
1397 4994 1516 5051 tamen
1543 4974 1716 5048 habemas
1739 4980 1962 5072 exemplum,
2005 4981 2107 5072 quod
2131 5002 2188 5049 va-

161 5090 298 5161 siouem
320 5105 542 5181 peccatorum
562 5115 638 5159 non
660 5112 759 5174 esse,
777 5088 841 5158 ubi
863 5110 980 5182 neque
1000 5089 1147 5157 verbnm
1198 5088 1271 5157 lere
1290 5086 1412 5166 debet,
1445 5106 1524 5151 cum
1550 5082 1724 5172 scriptura
1741 5080 1923 5150 diversum
1944 5101 2025 5150 non
2049 5102 2187 5174 praete·

161 5206 237 5277 est,
276 5216 401 5285 neque
441 5207 682 5269 sacramenta,
732 5192 823 5260 sicut
863 5188 986 5260 Petrus
1031 5189 1160 5282 inquit.
1198 5188 1300 5279 perit.
1334 5184 1517 5255 Habemus
1531 5183 1649 5275 itaque
1664 5203 1786 5251 causas
1801 5206 1843 5251 ex
1854 5182 2033 5273 scriptura
2047 5196 2186 5253 sumus.

159 5290 282 5367 Actor.
294 5293 346 5368 h:
370 5288 498 5392 Neque
514 5292 610 5363 enim
631 5288 745 5362 aliud
757 5313 886 5362 nomen
900 5299 951 5360 est
966 5287 1036 5361 snb
1053 5287 1161 5360 coelo.
1198 5290 1359 5360 Primam
1375 5286 1484 5377 igitur
1497 5282 1686 5355 ostendant
1699 5282 1909 5367 adversarii,
1933 5283 2003 5353 ubi
2016 5285 2185 5377 scriptura

160 5388 289 5467 &tuna
318 5390 551 5478 dominibus,
588 5392 630 5465 in
652 5420 725 5495 quo
745 5402 908 5495 oporteat
931 5418 1005 5464 nos.
1022 5390 1159 5465 salvos·
1198 5384 1388 5483 prohibeat
1407 5387 1583 5478 baptizare
1604 5385 1767 5456 infantes.
1823 5382 1967 5455 Deinde
1986 5387 2184 5457 osundmt
