4500 5782
112 250 214 326 soss
309 262 312 267 ·
682 226 1144 321 uersroeanuu
1171 226 1290 323 utu.
1323 244 1388 322 tv,
1441 222 1572 318 1see'.
2045 232 2142 316 1‘054

107 425 215 516 none
240 426 353 516 deque
381 421 480 492 omni
500 423 638 492 ratione
659 421 832 513 regendae
855 414 1100 515 Reipublicae,
1150 430 1269 489 autem
1290 417 1384 508 regia
1403 414 1562 486 Danielis
1585 417 1708 486 concio
1731 416 1805 488 est?
1830 439 1898 508 qua
1920 413 2053 505 Regem
2071 410 2141 486 Aa·

109 529 172 596 sed
197 526 301 597 etiam
330 527 374 593 de
400 525 594 592 levioribus
624 525 759 593 artibus
788 521 1101 600 commentabatur,
1152 521 1286 614 syrium
1302 515 1465 607 hortatur
1480 521 1524 589 ad
1532 519 1814 612 poenitentiam,
1841 513 1958 585 libera
1974 525 2006 586 te
2022 540 2047 585 a
2061 538 2141 612 pec-

109 628 335 698 desiderum
359 626 529 709 motibus,
558 628 602 694 de
626 626 704 694 aliis
728 621 950 699 naturalibus
965 619 1101 711 causis,
1153 618 1247 690 cotis
1266 642 1332 718 per
1356 619 1538 691 iustitiam
1563 628 1594 688 el
1620 643 1685 717 per
1709 613 1879 711 benficia
1904 615 1943 686 in
1965 640 2142 715 pauperes

107 731 155 799 de
174 724 344 797 historiis.
392 724 499 796 Nulla
516 751 571 795 res
594 740 686 811 erat,
712 748 802 819 quae
825 723 972 817 quidem
993 722 1100 810 digna
1153 718 1303 797 collata.
1354 721 1437 794 Non
1452 724 1659 814 praescribit
1672 747 1784 792 novos
1806 722 1944 815 aliquos
1967 723 2058 792 ritus
2081 732 2143 790 aut

109 844 199 901 esset
228 825 384 898 hominis
415 829 561 917 ingenui
589 829 808 919 cognitione,
843 825 885 893 in
911 848 1016 917 quam
1041 822 1101 890 illc
1154 827 1389 911 ceremonias,
1430 826 1491 893 sed
1518 848 1689 894 summam
1718 825 1857 916 pietatis
1886 823 2015 894 diserte
2044 846 2144 893 com·

109 956 186 1003 non
202 931 402 1013 intenderet
418 932 589 1003 animum.
1152 928 1330 1019 plectitur.
1382 926 1556 998 Iustitiam
1573 927 1668 994 enan
1685 927 1789 996 initio
1805 937 1907 994 vocat
1925 925 2142 1013 agnitionem

211 1031 305 1109 Cum
328 1045 446 1103 autem
471 1046 505 1102 et
525 1046 671 1102 naturae
693 1042 773 1100 tuae
797 1027 953 1107 bonitate
980 1037 1014 1094 et
1034 1018 1102 1093 hoc
1153 1030 1222 1100 Dei
1243 1055 1282 1099 ac
1304 1030 1426 1114 fidem,
1453 1052 1516 1120 per
1535 1052 1641 1121 qnam
1658 1028 1696 1096 in
1714 1028 1860 1117 gratiam
1882 1024 1994 1097 aDeo
2012 1027 2142 1117 recipi.

108 1134 303 1206 domestico
329 1134 487 1224 exemplo
515 1133 757 1203 exstimulatus
781 1143 963 1220 tantopere
988 1125 1102 1194 studia
1153 1152 1244 1204 mus,
1295 1129 1386 1203 Cum
1402 1130 1549 1220 contigit
1563 1131 1667 1214 fides,
1690 1130 1868 1222 reliquum
1882 1141 1950 1213 est,
1973 1141 2016 1198 ut
2030 1148 2143 1199 unus*

109 1239 294 1308 literarum
318 1259 430 1321 ames,
471 1235 712 1304 existimabam
736 1234 913 1314 futurum,
946 1241 987 1297 ut
1010 1252 1030 1295 a
1052 1227 1104 1294 le·
1155 1233 1303 1326 quisque
1318 1257 1400 1302 suae
1415 1232 1592 1302 vocationi
1610 1233 1757 1317 serviat,
1783 1254 1887 1300 surim
1909 1231 2066 1300 officium
2088 1251 2142 1298 se-

110 1339 230 1410 ctione
243 1336 404 1407 Danielis
424 1327 499 1406 non
517 1330 736 1407 abhorreres.
788 1332 828 1404 si
846 1333 941 1401 enim
959 1331 1103 1421 prodest
1154 1336 1239 1403 ‹lulo
1269 1336 1393 1419 faciat,
1425 1334 1607 1425 Spartam,
1633 1358 1740 1427 quam
1760 1347 1886 1404 vnactus
1910 1347 1978 1416 est,
2004 1354 2144 1400 summa

109 1437 168 1511 his
186 1437 235 1531 ¹),
258 1440 320 1533 qui
342 1439 381 1508 in
403 1436 709 1508 administratione
726 1434 942 1526 reipublicae
958 1454 1102 1500 versan-
1155 1437 1336 1526 diligentia
1351 1450 1506 1508 exornet.
1557 1432 1623 1504 Est
1641 1448 1757 1504 autem
1780 1458 1922 1524 regum,
1951 1447 1993 1505 ut
2013 1434 2062 1502 ita
2084 1431 2143 1501 di·-

111 1557 190 1628 1¹11,
226 1554 409 1631 Praecepta
439 1542 671 1629 tssgendtrtlm
699 1537 882 1607 civitatum
910 1560 929 1603 a
953 1532 1102 1602 Plat⁰¹10
1154 1562 1249 1624 cam,
1274 1538 1429 1623 vocatio,
1455 1539 1510 1606 ius
1524 1537 1591 1607 rite
1607 1536 1740 1618 dicere,
1763 1537 1951 1606 defendere
1970 1536 2143 1604 innocen-

108 1658 173 1715 aut
200 1642 281 1712 aliis
309 1642 506 1732 conscripta
540 1657 675 1713 tenere:
717 1651 850 1732 quanto
881 1634 990 1724 magis
1016 1657 1102 1702 con·
1153 1653 1205 1709 tus
1220 1636 1476 1725 adva'rausriru
1496 1639 1683 1722 iniustam,
1711 1638 1837 1730 punire
1860 1649 1996 1720 eontra,
2022 1659 2143 1735 paquru

109 1743 211 1816 ducit
227 1767 330 1812 nosse
345 1741 549 1828 Danielem,
573 1743 613 1811 in
636 1766 706 1835 quo
724 1754 795 1809 tam
812 1740 923 1807 multa
939 1735 1101 1809 coelestia
1155 1755 1190 1811 et
1204 1742 1427 1833 disciplinam
1444 1741 1583 1810 civilem
1597 1740 1733 1830 legibus
1748 1753 1853 1832 atque
1867 1739 1975 1807 annis
1989 1738 2143 1809 munirer

110 1860 295 1940 praecepta
320 1832 486 1930 exstant,
502 1843 579 1914 sine
603 1844 733 1936 quibus
755 1840 944 1932 imperium
967 1838 1023 1928 pie
1042 1858 1104 1926 ge·
1153 1842 1251 1913 Haec
1268 1842 1453 1929 beneficia,
1480 1838 1543 1911 bas
1566 1842 1805 1936 eleemosynas
1825 1841 1923 1910 iubet
1945 1837 2078 1927 Regem
2103 1839 2143 1909 in

109 1970 191 2019 rere
205 1969 312 2015 nemo
334 1946 470 2037 potest?
520 1944 720 2016 Prudenter
738 1945 781 2012 de
802 1943 898 2026 iure,
921 1942 965 2009 de
986 1938 1104 2028 legum
1155 1945 1315 2015 subditos
1330 1943 1477 2014 miseros
1492 1957 1526 2014 et
1541 1943 1693 2012 iniuriae
1708 1944 1897 2026 obnoxios,
1923 1942 1973 2010 sic
1990 1940 2085 2009 enim
2104 1939 2144 2009 in

109 2047 287 2142 aequitate
314 2047 428 2141 deque
450 2046 529 2116 aliis
547 2045 670 2117 multis
689 2046 813 2128 rebus,
850 2040 1103 2137 quaeratione
1154 2071 1217 2116 sua
1233 2038 1544 2139 lingualoqnitnr,
1569 2047 1739 2118 conferre.
1791 2040 1845 2113 Ac
1865 2068 1910 2111 ne
1929 2055 2043 2134 potest
2063 2042 2144 2134 qui-

109 2143 331 2242 deprehendi
344 2161 517 2239 poterant,
533 2142 745 2238 Philosophi
762 2145 987 2237 scripserunt.
1032 2140 1103 2211 Sed
1156 2151 1236 2217 dum
1251 2143 1392 2217 homiui
1412 2149 1608 2241 quidquam
1633 2147 1837 2235 contingere
1852 2145 1979 2214 melios
1996 2167 2081 2234 pace
2102 2166 2143 2212 ao

109 2252 157 2322 de
170 2250 353 2320 voluntate
369 2248 438 2318 Dei
454 2243 548 2317 nihil
563 2252 699 2318 tradere
715 2260 925 2339 potuerunt,
952 2244 1049 2338 quod
1064 2242 1103 2309 in
1156 2263 1247 2319 certa
1264 2263 1305 2320 ut>
1315 2249 1493 2343 aequabili
1512 2248 1600 2318 iuris
1623 2248 1869 2339 descriptione.
1920 2244 2017 2325 Haec
2039 2259 2144 2337 atque

109 2351 242 2422 animis
264 2351 470 2443 principum
488 2364 550 2421 aut
576 2350 743 2420 fiduciam
768 2372 848 2440 erga
868 2346 1002 2427 Deum,
1042 2356 1105 2417 aul
1155 2352 1224 2422 alia
1245 2352 1357 2422 multa
1378 2351 1573 2442 comperies
1594 2351 1779 2440 profutura
1793 2350 1852 2418 vel
1865 2350 1910 2416 ad
1926 2346 2144 2436 agnitionem

110 2454 278 2525 fifflffl‘em
298 2450 367 2535 Dei
388 2454 508 2528 aleret.
572 2447 784 2544 Philosophi
811 2448 960 2520 consssio
985 2439 1104 2515 immi·
1155 2449 1291 2524 Christi
1316 2454 1373 2522 vel
1394 2455 1437 2522 ad
1460 2453 1714 2542 rempublicam
1737 2450 2020 2540 gubernandam,
2054 2470 2145 2541 quae

109 2560 202 2645 num
224 2564 286 2625 aut
307 2577 387 2624 casu
403 2550 435 2644 ²)
458 2553 619 2625 iudicant
637 2553 785 2644 imperia
808 2550 998 2622 constituta
1021 2566 1104 2616 esse.
1135 2628 1137 2633 ¹
1156 2553 1296 2648 profani
1312 2555 1498 2645 scripturus
1515 2576 1592 2640 nou
1603 2553 1799 2642 affigamur,
2136 2596 2143 2607 .

113 2652 164 2727 At
177 2648 236 2724 hic
251 2650 428 2746 Propheta
445 2680 520 2726 non
538 2656 645 2725 semel
660 2653 727 2738 ait,
752 2650 870 2728 Deum
889 2674 997 2741 regna
1016 2673 1103 2719 con·
1256 2655 1378 2745 Quare
1400 2651 1494 2725 nihil
1522 2654 1747 2736 dubitabam,
1780 2652 1870 2748 quin
1890 2672 2057 2745 magnam
2077 2647 2145 2719 tihi

113 2757 258 2828 stituere
281 2781 320 2825 ac
344 2770 500 2843 mutare,
521 2755 639 2826 Deum
655 2757 836 2826 custodem
858 2778 930 2824 esse
945 2750 1104 2841 Regum,
1154 2759 1371 2850 voluptatum
1383 2755 1543 2839 Danielis
1556 2758 1660 2826 lectio
1678 2756 1827 2826 allatura
1843 2766 1942 2843 esset,
1993 2750 2066 2825 Nos
2079 2751 2146 2835 ada

110 2873 147 2928 et
170 2857 311 2951 mittere
337 2853 510 2947 Angelos,
535 2858 596 2952 qui
622 2872 789 2951 tanquam
813 2855 977 2926 excubias
995 2865 1103 2942 agant
1156 2859 1313 2931 didimus
1332 2860 1596 2942 adnotationes,
1622 2860 1712 2952 quae
1733 2857 1864 2928 alicubi
1887 2858 2002 2926 lucem
2027 2852 2145 2922 adfer-¹

109 2961 157 3029 ad
176 2959 419 3031 defendendos
440 2983 551 3049 reges.
575 3030 578 3035 .
603 2957 705 3047 Quae
730 2971 848 3028 autem
873 2979 987 3040 arces,
1013 2977 1102 3047 quae
1154 2979 1234 3035 rent
1250 2960 1514 3031 obscurioribus
1532 2959 1631 3033 locis.
1679 2957 1800 3028 Multa
1815 2958 1910 3028 enim
1930 2980 1970 3026 ex
1987 2949 2146 3024 historiis

110 3061 376 3153 propugnacula
397 3062 545 3152 perinde
566 3060 736 3130 muniunt
756 3058 954 3151 principem
978 3058 1104 3124 adver·
1155 3065 1315 3135 omnium
1350 3076 1549 3152 temporum
1580 3063 1626 3130 ad
1659 3059 1929 3150 intelligendum
1957 3053 2144 3137 Danielem

109 3182 170 3232 sus
186 3161 307 3233 omnia
325 3154 479 3253 pericula
497 3175 600 3254 atque
619 3156 683 3230 hae
701 3161 913 3244 sentcntiae,
938 3182 1028 3251 quac
1046 3157 1103 3226 iu·
1155 3166 1305 3258 petenda
1329 3176 1429 3247 sunt,
1461 3186 1551 3255 quae
1573 3162 1657 3247 tibi,
1690 3176 1858 3252 occupato
1882 3174 1935 3230 tot
1953 3165 2147 3248 regnorum

112 3266 200 3335 beni
218 3263 376 3347 credere,
403 3266 499 3357 qUOd
517 3288 536 3333 ἃ
554 3261 630 3332 Βθθ
645 3261 805 3352 legatur?
849 3260 909 3332 Sic
925 3260 1021 3329 essim
1037 3253 1103 3326 hae
1155 3266 1466 3358 gubernandorum
1491 3264 1601 3348 curis,
1626 3276 1679 3334 tot
1699 3264 1804 3331 etiam
1825 3262 2005 3353 implicato
2029 3257 2145 3342 bellis,

109 3363 305 3433 sententiae
326 3364 549 3458 accipiendae
565 3378 666 3448 sunt,
690 3378 731 3433 ut
748 3387 821 3437 non
836 3362 1002 3447 modoad
1023 3360 1103 3429 illos
1155 3367 1278 3461 procul
1306 3390 1474 3460 quaerere
1506 3388 1580 3435 non
1605 3377 1715 3438 vacat.
1783 3362 1999 3457 Quanquam
2022 3373 2142 3430 autem

109 3465 341 3556 pertinuisse,
374 3468 434 3533 sed
460 3467 506 3534 ad
535 3489 600 3536 nos
625 3489 766 3557 quoque
789 3463 1103 3534 accommodandas
1155 3466 1254 3540 volui
1271 3468 1336 3537 tibi
1352 3462 1417 3536 har
1433 3468 1525 3536 inre
1542 3490 1657 3535 meam
1673 3466 1932 3536 observantiam
1954 3482 2144 3554 meumque

111 3589 185 3636 esse
202 3565 410 3639 iudicemus.
862 3636 865 3641 ,
1156 3595 1237 3662 erga
1259 3585 1293 3641 te
1317 3569 1473 3639 studium
1495 3570 1663 3659 probare,
1703 3581 1821 3638 tamen
1846 3581 1880 3637 et
1897 3566 2004 3634 aliam
2029 3584 2144 3656 quan·

211 3662 282 3735 Hic
296 3681 547 3761 proponuntur
561 3666 702 3759 piorum
716 3682 751 3738 et
772 3666 966 3759 impiorum
982 3686 1104 3754 regum
1156 3667 1361 3745 damhahui
1379 3694 1518 3740 causam
1531 3671 1576 3738 ad
1588 3682 1623 3739 te
1639 3670 1819 3743 scribendi
1832 3669 1946 3739 multo
1959 3666 2144 3737 iustiorem

109 3766 298 3839 dissimilia
308 3767 456 3840 consilia
467 3769 722 3862 dissimilesque
733 3769 858 3853 exitus,
871 3762 1104 3837 Monarchiae
1156 3800 1195 3845 aa
1212 3774 1317 3866 plane
1335 3772 1577 3842 necessariam.

109 3868 372 3961 depinguntur,
406 3894 557 3964 quarum
580 3870 835 3940 successionem
851 3864 1028 3961 Propheta
1052 3882 1104 3938 tot
1158 3888 1162 3896 ·
1256 3873 1389 3965 Magno
1414 3874 1453 3942 in
1475 3874 1558 3942 odio
1579 3873 1774 3942 multorum
1796 3885 1878 3942 sunt
1895 3866 1964 3940 hoc
1984 3884 2144 3960 tempore

108 3984 192 4041 anie
212 3971 339 4039 seculis
355 3972 548 4063 praevidit,
572 3984 612 4040 ui
636 3971 826 4053 indicaret,
852 3996 923 4062 quo
949 3984 1104 4061 [empore
1155 3977 1339 4062 nonnulli,
1371 3975 1433 4070 qui
1455 3997 1570 4044 sacras
1590 3974 1709 4044 literas
1734 3998 1822 4065 pure
1843 3986 2005 4045 [taciani.
2066 3967 2144 4040 Ad..

111 4065 279 4142 Christus
312 4087 482 4143 venturus
510 4085 609 4146 esset.
676 4072 876 4162 Significat,
918 4071 1103 4162 postremis
1154 4101 1277 4149 versus
1291 4074 1359 4148 hoc
1375 4101 1455 4146 cnm
1470 4071 1714 4170 sycophantae
1728 4076 1873 4168 quidam
1893 4075 2026 4166 ubique
2042 4072 2143 4166 prin-

110 4173 332 4265 temporibus
360 4175 538 4259 futurum,
575 4187 616 4243 ut
638 4174 778 4244 exsistat
805 4196 974 4263 regnum,
1007 4172 1104 4265 quod
1155 4181 1248 4272 cipes
1272 4178 1468 4263 concitant,
1494 4178 1635 4247 nullum
1657 4172 1724 4246 hoc
1748 4190 1905 4268 tempore
1928 4176 2069 4266 gravius
2091 4185 2144 4242 est

111 4273 218 4363 longe
233 4274 303 4345 lale
320 4289 494 4364 grasseltlr
508 4299 547 4345 ilc
561 4287 701 4344 saucios
721 4274 915 4367 Opprimal3
942 4274 979 4341 ld
998 4272 1104 4343 Sara·
1155 4284 1305 4366 crimen,
1329 4304 1435 4372 quam
1452 4278 1640 4368 genuinam
1654 4278 1836 4368 religionis
1851 4278 2047 4348 doctrinam
2066 4298 2142 4345 am.

108 4374 270 4445 cenicum
287 4401 328 4445 ac
343 4375 534 4446 Turcicum
559 4399 708 4466 regnum
733 4399 823 4462 esse,
850 4375 1006 4445 dubitari
1028 4398 1103 4444 non
1154 4383 1270 4476 plecti.
1318 4378 1367 4452 Et
1384 4380 1487 4449 annis
1511 4381 1581 4449 iam
1603 4380 1738 4472 aliquot
1754 4380 1859 4448 multi
1880 4379 1968 4447 boni
1989 4378 2059 4447 viri
2079 4379 2144 4467 def

110 4474 238 4566 potest.
290 4475 415 4548 Voluit
429 4488 547 4547 autem
558 4472 737 4569 Propheta
754 4477 929 4571 consolari
944 4477 1035 4568 pios,
1057 4500 1102 4544 ne
1155 4480 1310 4555 siderant
1332 4482 1541 4577 aequitatem
1561 4480 1601 4561 ,in
1619 4480 1821 4565 nonnullis,
1847 4480 1908 4574 qui
1928 4468 2054 4575 quovis
2070 4476 2142 4548 alio

81 4622 84 4627 ·
110 4576 225 4667 gloria
248 4578 350 4671 impii
370 4579 511 4671 imperii
538 4578 664 4675 offenssi
690 4580 796 4649 fidem
818 4577 1031 4669 obiicerem,
1057 4601 1103 4646 1¹0
1153 4588 1260 4657 modo
1291 4584 1527 4655 dissensiones
1553 4578 1730 4651 Ecclesiae
1745 4582 1900 4651 ‘malunt
1930 4582 2142 4675 opprimere,

111 4691 296 4770 putarent,
333 4702 369 4748 se
393 4704 476 4750 casu
499 4694 560 4750 aut
581 4681 769 4769 ignorante
790 4679 866 4750 Deo
895 4666 1023 4771 affligi,
1055 4703 1102 4747 ue
1155 4684 1261 4781 qnam
1283 4685 1407 4756 ordine
1424 4684 1572 4773 cognitis
1589 4684 1820 4773 dogmatibus.
1870 4681 1920 4754 At
1939 4708 2014 4753 non
2033 4682 2141 4751 modu

109 4778 315 4850 felicitatem
340 4782 439 4850 illam
463 4781 661 4876 tyrannidis
681 4783 757 4852 fore
779 4795 982 4874 perpetuam
1006 4781 1103 4853 arbi.
1154 4779 1301 4883 aequius
1317 4799 1408 4872 erat,
1431 4788 1490 4855 sed
1506 4785 1610 4855 etiam
1625 4785 1789 4875 publicae
1808 4785 1886 4875 paci
1908 4785 2050 4869 utilius,
2075 4784 2142 4851 da.

107 4894 307 4966 trarentnr,
332 4896 527 4973 postremo,
552 4896 593 4953 ut
608 4883 741 4956 scirent
761 4884 886 4967 etiam,
912 4907 993 4953 cum
1009 4883 1099 4951 illud
1154 4889 1302 4960 ctrinam
1326 4888 1425 4980 prius
1445 4910 1672 4976 cognoscere,
1697 4910 1801 4980 quam
1826 4885 1950 4954 edictis
1970 4884 2141 4973 iugulare.

107 4994 258 5071 regnum
281 4984 319 5051 in
347 4985 487 5074 fastigio
512 4985 635 5068 stabit,
676 4986 778 5055 brevi
806 4998 997 5055 ventumm
1028 5006 1101 5053 esse
1153 4989 1276 5084 Neque
1294 4991 1389 5059 enim
1403 5003 1518 5079 potest
1535 5011 1608 5056 esse
1623 4988 1791 5059 diutuma
1808 5010 1894 5077 pax,
1919 4988 1950 5056 si
1964 4988 2005 5056 in
2016 4982 2141 5055 Eccle-

106 5076 291 5152 Christum
304 5088 352 5154 ad
367 5086 578 5154 iudicandos
593 5087 693 5156 vivos
707 5100 742 5159 et
758 5101 930 5160 mortuos.
983 5084 1102 5175 Quam
1153 5093 1215 5162 siis
1229 5084 1337 5162 falsae
1346 5091 1538 5182 opiniones
1552 5085 1740 5159 haeserint.

597 5200 600 5205 ’
1255 5191 1343 5267 Misi
1357 5192 1465 5285 igitur
1478 5193 1525 5283 ad
1541 5205 1575 5262 te
1593 5187 1688 5261 hunc
1701 5189 1883 5273 libellum,
1907 5203 1948 5260 ut
1963 5189 2140 5281 specimen

161 5335 187 5400 1)
206 5331 484 5404 Declamauerat«)
500 5334 550 5388 aa,
1152 5294 1228 5366 eius
1249 5287 1448 5380 doctrinae,
1485 5294 1525 5363 in
1550 5291 1619 5387 q'ua
1644 5315 1784 5385 uersor,
1817 5291 1884 5362 tibi
1909 5293 2142 5375 ostenderem,

159 5418 487 5489 amensamens:
508 5437 605 5475 wora.
1151 5408 1256 5495 leque
1277 5396 1475 5488 rogandum
1501 5395 1606 5481 duxi,
1629 5406 1670 5465 ut
1688 5395 1750 5463 des
1769 5414 1941 5478 onnam,¹
1955 5409 1997 5465 ut
2017 5389 2159 5463 Eccle-
