4508 5782
954 173 1420 254 PRAEMONENDA.

177 370 251 440 rius
276 366 349 457 ipse
372 359 473 431 nullo
495 378 613 427 errare
637 351 808 447 potuisset
826 353 944 423 modo.
1002 350 1102 441 Quae
1127 375 1168 421 ex
1218 352 1332 422 obiter
1360 368 1683 425 commemorantur
1714 355 1753 425 in
1783 357 1958 449 epistolis,
1990 360 2060 429 alte
2087 359 2213 452 iuqui-

175 468 242 541 hac
256 461 473 537 scholiorum
491 459 625 554 sylloge
647 455 805 548 epistolis
828 455 873 524 ad
886 452 1127 525 Camerarium
1148 476 1170 523 a
1218 477 1312 540 rere,
1337 453 1374 523 id
1392 455 1550 548 proiecto
1563 481 1637 527 non
1652 457 1759 529 unius
1773 451 1931 530 hominis
1946 472 1998 530 est
2013 461 2134 546 labor,
2149 463 2213 530 sed

176 596 233 642 me
248 567 368 639 addita
388 576 489 648 sunt,
519 585 560 631 ea
580 559 720 649 signum
741 552 875 629 habent
894 553 935 627 C.
952 555 1021 631 W.
1043 551 1170 651 (clavis
1218 556 1399 642 omnium,
1424 569 1527 650 puto,
1551 559 1749 633 doctorum.
1807 557 1882 648 Qui
1905 561 2000 631 enim
2021 585 2118 634 unus
2142 558 2213 633 hoc

178 664 322 765 Wolf.)
1217 680 1381 750 peragere
1402 659 1573 745 voluerit,
1597 660 1629 730 is
1652 661 1784 731 multos
1805 685 1937 748 annos,
1961 687 2006 733 ne
2022 664 2140 735 dicam
2157 664 2214 732 vi·

280 784 400 859 Simili
416 782 523 853 modo
547 778 701 873 denique
723 779 922 871 exemplum
944 776 1170 868 epistolarum
1218 772 1309 847 iam,
1335 760 1509 832 eiusmodi
1525 764 1667 852 negotio
1688 763 1892 855 impendere
1915 765 2052 841 debeat-0
2101 764 2215 837 Prae·
2245 796 2249 801 ·

179 897 225 966 ad
245 885 488 963 camerarium
511 882 748 953 illustraverat
767 874 911 951 scholiis
932 871 1065 962 Balth.
1080 872 1171 949 Ka·
1200 875 1313 932 'lem
1336 862 1441 933 ‘fiam
1457 863 1639 933 fatendum
1663 878 1730 950 0⁸12
1754 859 1852 935 haud
1874 890 2004 959 pauca,
2029 866 2216 945 aMelan·

181 992 359 1069 monn,
392 1011 482 1081 quae
503 984 596 1055 edita
617 997 742 1055 sunta
768 974 958 1084 Graeffio,
984 977 1171 1070 Theologo
1219 959 1331 1037 &¹⁰⁰0
1352 979 1643 1051 mmmmm,
1676 966 1725 1036 ita
1748 987 1821 1037 esse
1842 986 2059 1061 comparata,
2089 987 2132 1045 ut
2154 1001 2215 1047 ea-

178 1095 466 1185 Regiomonmno
485 1080 542 1180 s),
577 1084 693 1174 exigui
713 1098 830 1157 autem
850 1085 975 1177 pretii,
1001 1084 1173 1176 equibus
1220 1089 1301 1137 tum
1322 1066 1508 1184 explicatio
1521 1068 1653 1138 nostris
1675 1068 1747 1137 iam
1768 1070 1986 1160 temporibus
2003 1075 2101 1145 bono
2121 1102 2214 1171 quo-

69 1236 71 1241 ·
179 1223 265 1270 vero
290 1194 395 1266 etiam
418 1190 591 1284 quaedam
616 1181 751 1261 scholia
774 1182 896 1271 hausi,
928 1210 1020 1279 quae
1039 1181 1173 1257 habent
1222 1169 1305 1240 (¹³¹ss
1324 1169 1396 1238 f³i0
1419 1182 1557 1260 P0l¹¹1⁵2
1589 1194 1696 1262 quam
1714 1170 1863 1241 consilio
1888 1187 1923 1244 et
1942 1176 2061 1245 studio
2089 1177 2215 1274 inqui-

182 1316 304 1373 „fflm
319 1289 374 1366 K,
1221 1269 1333 1340 tentis
1354 1271 1542 1354 debeatur,
1573 1293 1684 1364 quum
1707 1269 1888 1358 Manlius,
1905 1271 2112 1365 -Peucerus‚
2143 1279 2216 1353 Ca.

138 268 141 274 ¹
173 207 317 267 CXXXIX
2136 207 2209 261 cxt

284 1413 406 1503 Quum
421 1404 464 1481 de
478 1406 631 1479 utilitate
648 1404 822 1476 eiusmodi
837 1403 946 1474 clavis
961 1404 1018 1499 (ut
1032 1399 1173 1498 dicunt)

182 1516 407 1616 quorundam
435 1511 625 1580 verborum
649 1508 887 1579 dubitandum
909 1507 1068 1592 nonsit,
1099 1506 1174 1597 ipse

182 1619 415 1715 copiosiorem
441 1611 598 1705 epistolis
619 1611 804 1680 additurus
827 1632 923 1693 sum;
951 1608 1175 1710 praemittere

183 1725 279 1796 enim
304 1717 424 1800 nolui,
448 1714 532 1808 qnia
558 1711 686 1782 veritas
710 1710 953 1802 explicationis
973 1709 1111 1802 saepius
1133 1732 1174 1778 ex

183 1823 339 1919 epistolis
364 1817 450 1909 ipsis
469 1815 652 1907 probanda
677 1827 748 1898 est,
780 1825 994 1883 nouantem
1017 1835 1175 1881 commo-

184 1933 269 1999 dum
289 1936 381 2006 erat,
406 1942 446 1988 ea
464 1918 504 1987 in
520 1939 560 1985 re
573 1915 739 1985 lectorem
759 1915 928 1984 reducere
949 1915 993 1983 ad
1009 1909 1177 1984 Camera-

181 2032 245 2113 rii,
270 2023 437 2106 Penceri,
463 2017 629 2091 Senberti
651 2017 707 2086 vel
731 2016 882 2086 aliorum
899 2016 1022 2087 libros.

285 2159 391 2249 Quod
423 2166 541 2229 autem
574 2151 618 2219 ad
647 2149 801 2241 reliquas
831 2171 888 2217 res
912 2147 950 2218 in
975 2148 1175 2238 epistolica

185 2256 419 2338 Melanthone
443 2265 732 2325 commemoratas
751 2249 894 2335 attinet,
920 2273 976 2318 eas
992 2273 1115 2318 omnes
1136 2273 1177 2320 ex

113 2366 116 2371 ’
183 2365 343 2445 historia,
369 2357 588 2450 antiquitate,
614 2376 652 2421 re
666 2351 836 2423 litteraria
854 2351 1036 2442 explicare,
1058 2376 1178 2422 meum

185 2492 260 2538 esse
287 2486 361 2534 non
384 2458 524 2552 putavi,
554 2478 621 2523 nec
643 2453 817 2525 eiusmodi
837 2453 938 2547 quasi
962 2466 1178 2522 commenta-

186 2573 259 2642 rios
272 2562 460 2638 historicos
478 2558 605 2628 addere
618 2556 734 2640 volui,
759 2578 825 2627 nec
843 2578 899 2623 me
919 2557 1084 2625 daturum
1106 2578 1179 2624 esse

138 2668 152 2687 ⁹
185 2668 353 2766 promisi,
381 2685 496 2756 neque
517 2682 601 2729 vero
622 2658 725 2729 etiam
749 2669 791 2726 ut'
812 2656 933 2725 darem
955 2679 1094 2729 necesse
1115 2652 1180 2727 ha-

185 2776 259 2845 buis
308 2767 469 2841 Plurima
493 2762 587 2831 enim
615 2784 704 2852 quae
728 2772 916 2849 antequam
938 2756 1104 2849 epistolae
1126 2781 1181 2827 se-

188 2863 529 2960 cundumtemporis
553 2861 677 2930 seriem
698 2860 885 2951 dispositae
909 2871 1023 2946 erant,
1049 2859 1106 2929 vix
1123 2858 1182 2927 in-

152 3040 166 3050 .
188 2977 460 3069 telligebantur,
486 2987 582 3035 nnnc
602 2986 642 3032 ex
662 2962 750 3033 serie
774 2976 808 3035 et
827 2974 1033 3051 argumento
1052 2962 1182 3053 episto.-

186 3082 304 3151 larum
321 3071 418 3147 sacili
434 3066 575 3159 negotio
600 3077 693 3141 recte
718 3076 988 3152 cognoscuntur.
1039 3061 1093 3133 Ea
1117 3086 1181 3135 an-

187 3198 280 3263 tem,
301 3172 395 3275 'quae
419 3197 459 3242 ex
484 3167 715 3258 scriptoribus
735 3161 933 3249 historicis,
957 3168 1015 3267 vel
1044 3188 1085 3234 ex
1107 3162 1181 3265 Lu-

126 3348 131 3355 .
188 3280 284 3354 theri
317 3274 503 3369 operibus,
540 3268 780 3341 Seckendorhi
818 3280 852 3336 et
882 3267 1041 3339 Sleidani
1082 3266 1182 3336 libris

190 3383 339 3475 aliisque
354 3373 548 3449 notissimis
562 3372 721 3441 fontibus
735 3369 837 3438 facile
851 3384 1001 3460 possunt
1011 3368 1184 3458 cognosci,

189 3484 313 3556 multis
329 3478 519 3571 explicare,
544 3474 601 3542 vel
617 3496 658 3542 ex
674 3470 746 3541 illis
764 3469 867 3538 libris
889 3472 1001 3541 multa
1027 3468 1182 3560 epistolis

189 3578 498 3669 Melanthonianis
522 3574 739 3654 adscribere,
770 3594 1067 3662 supervacaneum
1092 3564 1182 3638 mihi
1212 3632 1215 3637 .

191 3706 243 3759 est
268 3689 401 3765 visum,
436 3700 547 3783 quum
576 3676 632 3745 illi
658 3673 744 3743 libri
767 3668 973 3747 hominibus
1004 3672 1116 3742 doctis
1143 3672 1183 3739 in

190 3782 357 3863 manibus
388 3784 461 3852 sint
483 3794 517 3848 et
538 3803 557 3847 a
580 3776 706 3875 quovis
731 3774 833 3843 facile
864 3774 902 3843 in
930 3799 1033 3845 usum
1065 3773 1184 3842 vocari

192 3892 338 3987 possint,
392 3878 528 3954 Omnia
551 3893 666 3950 autem
690 3877 729 3947 ac
753 3877 909 3967 singula,
934 3900 1022 3971 quae
1042 3872 1185 3944 Melan-

191 3982 283 4064 thon
301 3988 430 4084 passim
449 3981 582 4072 attigit,
609 3979 861 4073 pervestigare,
887 3993 922 4049 et
938 3979 1042 4050 etiam
1059 3979 1097 4046 in
1116 3972 1184 4046 ho-

191 4099 329 4167 minum
350 4091 553 4180 ignotorum
570 4082 734 4164 nomina,
762 4081 887 4172 scripta
908 4095 940 4150 et
963 4080 1070 4163 iacta,
1096 4102 1185 4172 quae

193 4287 402 4306 ...ι-ι..-

226 4408 254 4471 *)
281 4400 323 4454 Io.
343 4400 512 4465 Heraeam
529 4392 618 4464 capa
634 4394 747 4463 Grueff.
768 4394 863 4453 Theoi.
879 4394 913 4449 l).
934 4404 960 4451 et
976 4394 1052 4449 Prot.
1070 4393 1098 4449 in
1113 4394 1186 4449 aea-

263 4462 352 4535 tlemia
370 4464 543 4548 liegiosaont·
563 4484 613 4534 pro
634 4483 752 4519 resumas
779 4464 989 4535 ,supplementa
1011 4464 1090 4521 clavis
1107 4462 1185 4517 Tho-

236 4564 239 4569 ·
262 4540 404 4605 marianae¹
416 4483 680 4607 sxasepistnlashlel,
696 4534 838 4597 maximam
858 4543 960 4603 partem
976 4550 1004 4586 ex
1016 4532 1185 4587 Kademanni

261 4606 312 4661 reli
333 4605 382 4665 uiis
393 4603 556 4677 quibusdam
569 4602 656 4661 deseri
676 4596 731 4667 ta,''
751 4601 790 4655 Re
806 4601 924 4655 -iosnonti
940 4601 1015 4655 1803.
1034 4605 1059 4656 t.
1075 4629 1109 4642 -
1144 4601 1186 4654 De

261 4676 295 4728 K
330 4692 452 4726 curenno
472 4670 536 4724 ibid.
582 4670 635 4727 .7·.
657 4623 783 4742 leguntur
821 4688 914 4724 eecce:
936 4680 1039 4742 „uatus
1059 4674 1112 4727 tuit
1130 4670 1185 4722 (lr-

262 4743 392 4812 „trandi.
413 4770 445 4782 -
464 4738 551 4794 studia
562 4691 715 4799 litterarum
730 4748 756 4791 et
776 4738 802 4791 in
824 4737 899 4790 rimis
918 4737 1069 4813 theologiae
1085 4756 1186 4807 sequu-

262 4824 329 4875 „tns
352 4821 391 4864 est
413 4809 531 4881 lipsiae.
557 4809 626 4861 duce
647 4807 783 4863 l'oachimo
870 4808 971 4868 erario.
992 4808 1088 4863 deinde
1109 4810 1186 4863 Vite.

263 4885 403 4953 „hergse,
420 4879 489 4957 duce
505 4876 575 4930 Phil.
595 4876 812 4969 bltlanchthon’g.
849 4877 986 4958 Scammos
1000 4876 1186 4954 Philosophiae

251 4942 1187 5079 -latiniacenseatet-s..saeculata

226 5146 229 5153 ,
265 5108 315 5142 nus
335 5086 445 5139 inurhc
464 5084 549 5154 patria
561 5082 700 5147 Octa-and,
727 5082 798 5135 1566·
812 5092 903 5154 pastor
926 5082 953 5134 iu
971 5081 1042 5161 plaga
1061 5086 1187 5156 L'angen-

264 5153 460 5212 heuuersdoci.
495 5162 579 5225 porco
603 5159 663 5221 'per
692 5161 755 5207 octo
781 5154 871 5209 anuos
901 5149 998 5206 Paltos
1029 5154 1056 5205 in
1088 5155 1187 5225 oppido

208 5252 213 5265 ·
265 5226 406 5279 Chemnlts
426 5224 457 5275 'ih
478 5220 619 5287 bohemis,
644 5220 716 5283 ,1579
738 5222 915 5275 concionator
936 5222 1038 5277 aulicus
1060 5218 1186 5290 llresdae,

267 5296 381 5364 deniqne
403 5290 581 5357 rillTPsstor
600 5294 625 5341 il
646 5288 874 5359 superintendens
896 5289 1008 5352 Piruae,
1031 5290 1077 5343 uhi
1098 5291 1124 5347 d'.
1147 5292 1193 5346 17.-

268 5363 333 5417 t)et.
353 5361 417 5413 16⁰7
434 5368 557 5413 mortuus·
573 5368 620 5411 est.
840 5372 847 5386 ·

1221 1372 1412 1455 merarius,
1435 1369 1594 1443 Pezelius
1614 1395 1654 1441 ea
1676 1372 1714 1441 in
1739 1397 1778 1443 re
1796 1368 1890 1442 nihil
1908 1400 2052 1468 prorsus
2064 1385 2216 1473 praesti-

1223 1474 1341 1545 terint.
1389 1472 1559 1544 Nostrum
1573 1475 1613 1543 in
1630 1475 1775 1545 edendis
1790 1477 1958 1567 operibus
1969 1479 2217 1555 Melanthonit

1222 1575 1445 1669 aliorumque
1462 1575 1651 1646 consilium
1669 1590 1808 1647 tantum
1829 1578 1898 1651 tuit
1919 1576 2010 1666 hoc,
2032 1598 2073 1656 ut
2093 1587 2217 1657 omnis

1222 1678 1369 1770 scripta,
1394 1689 1471 1747 tum
1486 1677 1600 1764 edita,
1621 1691 1698 1747 tum
1718 1702 1792 1748 nou
1807 1678 1918 1766 edita,
1943 1683 1982 1751 in
2002 1709 2117 1757 unum
2141 1690 2218 1758 col.

1224 1778 1419 1868 ligerentur
1438 1802 1582 1869 corpus,
1609 1794 1642 1849 et
1657 1792 1698 1849 ut
1709 1781 1815 1849 verba
1829 1778 2075 1857 Melanthonis
2094 1789 2132 1858 in
2150 1815 2218 1859 na-

1225 1881 1332 1952 tivam
1354 1880 1623 1951 restituerentur
1640 1881 1832 1954 veritatem.
1884 1878 1926 1952 ln
1950 1911 2023 1980 quo
2043 1913 2084 1958 eo
2106 1892 2218 1981 magis

1224 1981 1329 2052 nobis
1350 1981 1643 2074 acquiescendum
1670 1996 1762 2066 erat,
1796 2009 1867 2078 quo
1896 1986 2060 2059 solertius
2088 2015 2218 2062 caven-

1225 2085 1309 2153 dum
1338 2096 1430 2167 erat,
1461 2106 1506 2153 ne
1525 2083 1563 2151 in
1584 2084 1772 2170 maiorem,
1808 2110 1915 2179 quam
1935 2113 2000 2181 par
2022 2108 2128 2177 esset,
2154 2120 2220 2164 vo-

1224 2185 1359 2255 lumina
1376 2180 1621 2254 Melanthonis
1646 2202 1884 2258 excrescerent
1903 2192 2044 2266 molem.
2094 2192 2220 2288 Neque

1225 2288 1431 2357 volebamus
1451 2288 1495 2355 de
1519 2287 1582 2370 iis,
1608 2312 1697 2380 quae
1727 2289 1959 2379 explicatione
1988 2310 2050 2364 aut
2076 2313 2221 2386 egerent

1226 2403 1375 2459 autnon
1391 2402 1547 2476 egerent,
1572 2411 1614 2457 ex
1629 2402 1750 2459 nostro
1766 2391 1913 2462 arbitrio
1929 2406 2092 2466 statuere.

1327 2486 1395 2558 His
1411 2489 1518 2578 igitur
1532 2491 1576 2558 de
1591 2490 1705 2561 causis
1718 2514 1844 2594 parcus
1863 2494 1915 2563 fni
1938 2496 1975 2563 in
2000 2499 2220 2590 explicandis

1228 2594 1343 2676 rebus,
1362 2605 1394 2661 et
1403 2607 1571 2684 sequutus
1580 2615 1659 2660 sum
1668 2592 1754 2661 eain
1768 2616 1807 2661 te
1820 2597 2016 2687 exemplum
2030 2599 2219 2671 deWettii

1229 2695 1268 2763 in
1288 2692 1391 2762 editis
1411 2693 1568 2783 epistolis
1582 2687 1743 2765 Lutheri.
1795 2691 1847 2762 Ne
1869 2710 1986 2766 autem
2012 2702 2092 2792 quis
2111 2717 2219 2792 putet,

1228 2820 1286 2864 me
1302 2796 1339 2862 in
1356 2795 1502 2863 edendis
1523 2794 1581 2879 iis,
1606 2816 1696 2886 quae
1714 2786 1782 2864 hoc
1803 2797 1918 2885 primo
1935 2800 2102 2871 fasciculo
2123 2828 2221 2872 com-

1230 2891 1524 2991 prehenduntur,
1561 2890 1669 2965 huius
1692 2898 1832 2967 consilii
1855 2900 2008 2971 oblitum
2032 2927 2124 2988 esse,
2157 2930 2220 2975 ne·

1230 3021 1322 3067 cesse
1346 3011 1416 3079 est,
1450 3012 1489 3067 ut
1514 3021 1624 3086 pauca
1648 2998 1802 3090 denique
1831 3001 1948 3070 dicam
1977 3004 2019 3072 de
2048 3006 2220 3095 partibus,

1230 3123 1316 3191 quas
1337 3096 1478 3167 Clariss.
1500 3090 1811 3169 Foerstemaunus
1837 3101 1875 3169 in
1907 3104 2053 3173 edendis
2081 3108 2222 3198 scriptis

1230 3196 1474 3271 Melanthonis
1488 3201 1568 3289 egit.
1608 3199 1709 3271 Bono
1728 3202 1897 3272 nimirum
1912 3205 2033 3298 aliquo
2049 3207 2122 3276 fato
2136 3234 2223 3277 con-

1231 3304 1308 3392 tigit
1343 3296 1640 3385 Schwetschkio,
1689 3303 1928 3394 bibliopolae,
1975 3305 2221 3379 Clarissimum

1230 3400 1562 3480 Foerstemannnm
1589 3401 1702 3496 (nnnc
1724 3401 1966 3477 Bibliothecae
1992 3403 2227 3481 Academicae

1229 3505 1375 3577 Halens.
1391 3502 1588 3600 custodem)
1610 3528 1831 3595 permovere,
1854 3520 1894 3577 ut
1910 3533 2030 3578 curam
2049 3516 2226 3599 regendos

1231 3632 1311 3677 rum
1333 3602 1651 3701 typographorum,
1677 3607 1738 3698 qni
1760 3608 1873 3677 libros
1887 3607 2136 3681 Melanthouis
2150 3612 2229 3683 lla-

1233 3708 1420 3781 laesoctnis
1430 3708 1639 3798 descripturi
1657 3723 1767 3794 erant,
1783 3710 1821 3777 in
1831 3733 1866 3778 se
1874 3712 2076 3803 susciperet.
2102 3712 2223 3801 Quum

1233 3811 1303 3879 viri
1328 3810 1596 3901 praeclarissimi
1617 3810 1788 3879 eximiam.
1806 3811 2005 3883 litterarum
2036 3837 2108 3888 sec.¹
2127 3815 2224 3889 Xl'l.

1233 3912 1470 4002 cognitionem
1488 3911 1633 4003 eiusque
1650 3907 1777 3982 harum
1797 3890 1924 3983 seium·
1939 3904 2228 3987 ardentissimum

1233 4014 1391 4085 studium
1417 4012 1676 4101 cognovissem,
1707 4013 1811 4106 eique
1841 4009 1937 4085 haud
1967 4040 2076 4106 panca
2110 4021 2229 4103 etiam,

1235 4140 1323 4210 quae
1346 4140 1386 4183 ex
1402 4109 1626 4183 bibliothecis
1641 4115 1788 4185 collecta¹
1802 4131 1836 4186 et
1851 4118 2023 4207 descripta
2046 4115 2139 4188 mihi
2158 4121 2225 4189 mi·

1234 4230 1344 4296 serat,
1372 4216 1589 4299 debuissem,
1617 4220 1824 4307 pergratum.
1842 4217 1879 4285 id
1905 4214 1998 4286 mihi
2017 4220 2104 4304 suit,
2128 4223 2226 4291 ideo·

1235 4343 1303 4413 quc
1326 4317 1427 4387 facile
1448 4317 1552 4387 etiam
1580 4312 1647 4386 hoc
1673 4319 1844 4400 concessi,
1875 4323 1971 4411 quod
1994 4323 2157 4411 optabat,
2188 4339 2225 4394 ut

1234 4421 1404 4490 nimirum
1419 4444 1498 4487 etam
1516 4418 1649 4488 socium
1666 4419 1704 4487 in
1720 4422 1863 4491 edendis
1876 4416 2227 4512 scriptisMelantho-

1235 4514 1291 4592 nis
1305 4517 1398 4590 mihi
1411 4521 1652 4611 adiungerem.
1700 4519 1788 4591 Mox
1804 4535 1932 4605 autem,¹
1955 4537 2141 4615 postquam
2158 4527 2227 4595 lere

1236 4624 1369 4715 primae
1388 4623 1513 4711 viginti
1528 4623 1689 4713 plagulae
1707 4648 1724 4691 e
1739 4625 1836 4714 prelo
1859 4623 2080 4714 prodierant,
2106 4629 2228 4716 cogni-

1237 4741 1311 4795 tum
1339 4737 1407 4807 est,
1439 4719 1622 4793 hominem
1646 4725 1888 4794 doctissimum
1915 4721 1981 4795 hac
2004 4727 2042 4795 in
2065 4752 2103 4797 ne
2128 4732 2237 4822 seqni-

1222 4826 1403 4910 .cunsilia,
1416 4850 1517 4919 ,quae
1539 4850 1618 4894 cum
1641 4826 1797 4915 legibus,
1822 4851 1907 4920 quas
1927 4852 2011 4911 nos,
2032 4829 2237 4921 bibliopola

1223 4943 1284 5000 et.
1305 4952 1389 5019 ego,
1427 4928 1531 4997 nobis
1560 4927 1836 5017 scripseramus,
1875 4953 1948 5013 non
1986 4932 2239 5005 convenirent·

1238 5028 1360 5119 Quum
1382 5030 1477 5097 enim
1498 5052 1614 5096 meum
1638 5030 1824 5098 consilium
1846 5053 1922 5099 nou
1939 5031 2063 5117 fuerit,
2090 5028 2167 5118 laic,
2192 5036 2233 5105 in

1237 5124 1481 5201 Melanthonis
1505 5129 1677 5221 epistolis,
1706 5132 1749 5198 de
1767 5127 1917 5200 Lutheri
1936 5132 2038 5201 libris
2057 5133 2230 5205 aliorum·

1238 5257 1307 5327 que
1330 5231 1485 5322 scriptis,
1518 5254 1606 5323 quae
1631 5225 1844 5302 Melanthon
1871 5235 1981 5303 verbu
2004 5235 2126 5333 aliquo
2149 5238 2231 5307 atti-

1238 5334 1341 5425 gerit,
1374 5327 1475 5403 docte
1497 5356 1689 5424 exponere,
1721 5333 1776 5401 vel
1802 5359 1842 5403 ex
1865 5335 2096 5426 scriptoribus
2119 5333 2230 5409 histo-
