4500 5782
121 228 200 303 (ild

612 278 623 308 .
697 219 1134 299 EPISTULARUM
1183 221 1290 297 ΗΒ.
1329 221 1396 300 111.
1450 222 1580 299 mss.

122 413 162 470 nt
176 414 257 470 cum
269 401 357 472 alias
369 413 461 471 artes
472 399 622 472 Satanae
633 421 772 483 caveas
795 395 874 467 tum
885 397 1109 487 potissimum
1159 395 1377 484 tembergae,
1419 396 1544 467 Mense
1577 396 1770 467 Novembr.
1834 392 1902 464 Die
1937 393 1996 464 ts.
2028 396 2094 469 Salt

123 500 286 592 excubes,
328 524 377 571 nc
407 514 442 571 te
473 501 577 571 lavor
607 498 849 572 multitudinis
890 510 926 567 et
964 496 1109 588 plausus

121 599 239 690 vulgi,
269 602 333 696 qni
346 601 420 672 iam
435 602 587 695 aliquot,
616 625 674 672 me
691 612 887 694 spectante,
919 597 1110 668 conciona-

123 714 217 771 tores
230 701 373 789 selellit,
399 716 540 776 evertat.
590 697 688 773 Mihi
704 703 826 786 crede,
856 694 951 769 nihil
968 713 1020 770 est
1037 697 1109 768 dit-

120 802 258 890 ficilius,
274 826 380 897 quam
393 804 632 874 multitudinis
643 800 847 873 studium
813 824 964 873 vincere
996 798 1107 891 Spero

121 914 238 973 autem
252 904 459 975 adiuturum
478 905 543 974 tibi
556 901 772 988 Dominum,
805 926 868 996 qm
857 902 1057 991 gubernet
1074 913 1107 969 te

121 1025 185 1072 suo
212 1004 341 1096 spiritu
360 1031 425 1077 και
411 998 624 1102 ὅδηγήσῃ.
684 998 740 1073 De
764 1003 891 1073 studiis
912 1001 1032 1071 fratris
1053 1000 1107 1072 tui

116 1103 293 1175 scribet
262 1128 338 1175 ems
351 1102 571 1198 Praeceptor
619 1102 696 1195 Ego
719 1128 835 1196 nuper
850 1127 931 1173 cum
948 1123 1105 1172 recense-

120 1228 196 1274 rem
209 1196 479 1293 scholasticus,
467 1204 625 1324 minari,
643 1220 684 1277 ut
698 1200 897 1324 Epistulam
912 1198 1003 1273 mihi
1019 1201 1107 1273 scri·

119 1305 232 1391 beret,
256 1307 453 1399 periculum
467 1307 556 1377 de
525 1329 600 1377 ems
613 1307 756 1399 ingenio
770 1320 806 1378 et
819 1304 944 1375 studiis
959 1306 1106 1375 factum.

120 1402 217 1477 Fecit
237 1407 456 1493 adolescens,
495 1423 530 1480 et
553 1408 772 1501 probabilem
797 1407 948 1498 scripsit.
995 1402 1105 1475 Eram

119 1506 307 1592 missurus,
338 1508 370 1577 si
385 1523 580 1600 superesset
595 1505 721 1579 adhuc.
770 1506 867 1577 llaec
883 1507 962 1577 ideo
978 1505 1105 1590 scribo,

118 1620 159 1676 ut
170 1620 211 1678 tu
224 1630 305 1677 eum
321 1604 522 1695 cohortere,
543 1622 584 1680 ut
597 1624 739 1681 strenue
753 1622 894 1702 pergat,
924 1631 991 1676 nec
1004 1619 1105 1699 putes

116 1707 233 1800 perire
253 1708 449 1800 impensam
471 1724 576 1807 atque
604 1733 741 1802 operas.
797 1707 871 1779 Nos
895 1695 949 1781 nii
973 1730 1105 1778 sumus.

117 1801 265 1901 idimon.
314 1806 383 1881 Die
398 1808 536 1883 XVIII.
549 1808 742 1885 Novembr.

851 1904 1052 1990 Φίλιπποι.

648 2264 650 2269 ·
749 2250 807 2335 1's.
823 2242 903 2331 aa.
926 2262 974 2347 (ι.
996 2252 1069 2347 ...η’

296 2470 299 2475 ’
418 2448 550 2555 Mich.
548 2454 790 2584 'Vtugera

181 2658 267 2733 Epist
291 2656 340 2715 lib.
360 2656 410 2715 Vl.
455 2642 548 2716 Ast.
566 2686 602 2704 -·
641 2642 839 2786 Autogpepbon
864 2660 894 2715 in
919 2638 997 2718 cod*
1011 2650 1099 2717 held.

216 2726 325 2784 visust.
340 2725 405 2783 Vol.
445 2696 700 2801 'muscampis
806 2727 958 2791 subrutus.
1026 2760 1030 2767 ·
1074 2776 1077 2781 .

161 2873 217 2948 D.
242 2868 301 2949 M
305 2872 489 2950 achaeis
515 2872 731 3081 ῑῗιιμνο
753 2903 820 2953 suu
839 2842 1049 2981 inXptucqi

563 3004 606 3049 m
624 3003 657 3053 Pl

110 3105 213 3199 S..D
262 3126 374 3199 Plane
398 3124 483 3199 hoe
480 3142 631 3249 tempus
661 3129 700 3199 id
724 3143 799 3215 ·,est
837 3155 918 3201 cum
949 3134 1096 3203 verbum
1148 3176 1151 3181 ·

109 3225 180 3300 Dei
193 3229 232 3300 fit
248 3230 423 3299 canticum
440 3229 512 3299 oris
529 3253 585 3301 sur
574 3186 841 3318 auditoribus,
867 3235 1100 3326 quemnemo.»

110 3330 197 3400 dum
210 3326 375 3399 Ezechiel
388 3324 549 3420 scripsit,-
569 3352 672 3416 curn,
698 3344 739 3401 nt
755 3345 805 3402 tn
812 3356 959 3427 quoque
968 3356 1097 3428 quere-

110 3431 176 3511 ris,
219 3430 246 3499 ii
266 3454 329 3523 qur
318 3428 419 3500 sibi
437 3426 738 3527 Evangelic'uruin
760 3454 893 3503 numen
920 3448 1096 3533 arrogant,

110 3532 183 3601 suis
210 3540 349 3601 tantum
375 3529 628 3622 cupiditatibus
652 3554 783 3601 nomen
805 3522 1027 3605 Christianae
1051 3537 1096 3605 li·

109 3632 255 3701 bertatis
275 3643 492 3722 praetexunt.
520 3630 652 3703 Satan
675 3626 743 3702 hoc
765 3656 902 3718 semen,
935 3632 1073 3706 haee
1042 3662 1095 3706 ιι·

110 3733 209 3801 zania
228 3732 359 3825 spargit
376 3732 416 3800 in
439 3752 564 3821 agrum
587 3733 763 3823 piorum,v
783 3748 824 3804 ut
840 3736 886 3805 ab
899 3732 1094 3825 Evangelio

109 3833 305 3902 imbecilles
326 3831 558 3904 conscientias
577 3834 788 3919 absterreat,
824 3858 890 3905 neu
911 3837 1016 3906 rideo
1038 3860 1096 3909 ar-

110 3933 182 4002 ceri
196 3934 260 4027 qui
275 3933 403 4052 possit,
434 3933 504 4001 nisi
516 3931 732 4005 Sanctorum·
747 3936 918 4005 oratione.
928 3936 1012 4007 -v-sln
1027 3932 1096 4009 hot

2 4075 5 4084 ·
107 4033 235 4125 igitur,
267 4034 319 4103 mi
342 4029 519 4119 Michaiil,
558 4035 821 4121 incumbamus,
850 4032 920 4106 huc
939 4061 1110 4128 agamus,-

107 4150 149 4207 ut
175 4135 327 4207 assiduis
351 4136 516 4228 precibus
542 4135 752 4231 nequissimi
778 4136 922 4229 spiritus
946 4139 1095 4245 consilia

107 4236 372 4327 perturbemus.
413 4230 480 4305 Est
492 4235 615 4321 nobis
639 4248 680 4307 ut
693 4234 779 4320 scis,
802 4262 976 4313 noncum
990 4263 1095 4311 carne

107 4350 170 4406 aut
180 4359 364 4427 sangume,
390 4336 450 4404 sed
466 4358 547 4406 cum
556 4291 684 4407 Saiana
700 4336 951 4409 dimicandum.
986 4334 1092 4429 Quod

107 4434 284 4509 instauras
302 4431 551 4531 κατηχισμούς
565 4448 644 4507 tuos
652 4437 805 4527 ,probo
844 4435 899 4511 De
916 4442 1095 4534 superiore

108 4536 203 4607 libro
219 4537 434 4630 exspectabo,
454 4537 542 4629 quid
558 4538 637 4607 lieri
647 4537 752 4624 velis3
776 4537 912 4611 interea
920 4543 1022 4634 apud
1038 4565 1094 4612 me

1161 491 1421 570 Gradualdum.

1900 589 2094 689 Philippus

1170 896 1237 972 Nu.
1254 899 1342 970 262.

1165 993 1337 1023 Μ

1430 1058 1579 1153 quch.
1609 1064 1871 1153 cameram.

1225 1240 1366 1296 Editum
1358 1260 1387 1295 m
1401 1240 1486 1323 Epist.
1504 1239 1539 1294 ad
1551 1238 1690 1297 Cameren
1681 1258 1740 1311 ..p
1750 1239 1812 1295 768.
1827 1239 1896 1295 etin
1910 1226 2008 1295 libello
2021 1222 2094 1293 thil

1187 1332 1189 1337 ·
1258 1309 1353 1366 stolae.
1366 1308 1472 1365 Euhani
1485 1308 1613 1380 llmsipt
1620 1309 1729 1380 220sq.
2062 1320 2093 1363 .n

1188 1438 1450 1548 Philippus
1475 1438 1585 1519 Mel
1588 1468 1659 1515 un.
1684 1434 1930 1515 Iouchiuiu'
1956 1402 2094 1555 Gauii

1580 1542 1722 1617 rarii).

1983 904 2094 965 huces

1892 990 1895 995 '
1970 988 2094 1022 W

1205 1663 1383 1771 Divinas,
1405 1677 1598 1769 loachime,
1621 1680 1809 1752 conciones
2088 1640 2094 1681 Ι

1205 1785 1390 1857 Donamus
1405 1785 1472 1855 tibi
1490 1780 1690 1855 Rhetomm
1707 1782 1873 1868 duorum,

1205 1885 1376 1959 Facundo
1393 1887 1522 1980 quibus
1536 1908 1598 1955 ore
1608 1881 1673 1955 Dii
1686 1884 1861 1955 dedemnt

1206 1986 1372 2079 Ingentes
1387 2010 1508 2078 regere
1525 2001 1560 2057 et
1575 1985 1670 2057 tueri
1684 1980 1871 2059 Athenas..
1967 2054 1971 2061 .

1146 2116 1152 2125 ·
1204 2086 1250 2161 ln
1264 2090 1343 2182 ripa
1357 2089 1468 2159 veluti
1482 2088 1617 2157 solebat
1629 2082 1745 2157 Hebri

1205 2186 1374 2283 Orpheus
1389 2188 1543 2260 carmine
1557 2187 1698 2257 flectere
1711 2186 1850 2257 efficace

1203 2289 1252 2364 Et
1267 2292 1422 2361 mulcere
1439 2292 1549 2374 feras,
1562 2287 1838 2379 -virentibnsque

1203 2389 1317 2464 Ornis
1331 2393 1453 2462 indere
1467 2389 1735 2483 quercubusque
1750 2400 1921 2461 mentem:

1202 2492 1349 2564 Plebem
1363 2492 1556 2564 annaliter
1571 2504 1693 2561 tenent
1707 2510 1891 2581 sequacem

1115 2600 1118 2607 '
1202 2594 1270 2680 Hi,
1294 2595 1388 2686 leges
1401 2592 1632 2687 quotiest'oru
1646 2591 1831 2683 frequente
1929 2634 1935 2645 .

1201 2693 1391 2780 Condunt,
1414 2707 1451 2764 et
1466 2692 1679 2769 minitantur
1692 2690 1993 2781 improbum
2013 2733 2018 2769 :
2076 2642 2089 2765 i-

1156 2795 1287 2867 ··Vim
1300 2796 1429 2866 iustam
1441 2793 1628 2865 temerario
1641 2791 1778 2876 furori,¹
1810 2836 1813 2841 -
1848 2834 1854 2865 .-·
1975 2834 1980 2843 ·

1198 2894 1249 2969 Et
1264 2899 1402 2968 donant
1415 2895 1624 2966 melioribus
1637 2892 1797 2993 salutem.

1200 2995 1276 3069 Aut
1289 2998 1382 3068 cives
1393 2997 1452 3089 pia
1469 3020 1549 3067 cnm
1562 3006 1690 3065 vocant
1704 2995 1750 3063 ad
1764 3014 1873 3076 arana,

1201 3098 1422 3192 lgnavaeque
1435 3093 1609 3167 adhibent
1624 3096 1716 3165 faces
1730 3116 1893 3167 coronae.

1200 3196 1275 3270 Aut
1291 3222 1372 3270 erun
1391 3199 1539 3269 reddere
1549 3197 1657 3267 dulce
1675 3194 1812 3265 civitati
1929 3236 1936 3257 .-
2041 3238 2068 3263 -.
2090 3252 2094 3265 .

1113 3328 1116 3335 -
1164 3296 1441 3393 operumque
1458 3299 1525 3369 aas
1541 3290 1656 3368 ouum
1671 3295 1863 3393 abeant,
1931 3360 1936 3371 .
2030 3268 2092 3379 ν’..

1169 3450 1171 3455 .
1202 3400 1336 3472 Deberi
1350 3401 1418 3471 tibi
1433 3398 1698 3471 lumrbratiunes
1725 3452 1743 3496 ·.
1782 3448 1790 3465 ,.
1864 3438 1867 3443 ‚

1197 3499 1281 3572 lure
1296 3502 1457 3572 existimo
1471 3501 1598 3569 talium
1613 3497 1784 3585 virorum,

1198 3601 1300 3677 Unus
1315 3628 1378 3695 qur
1366 3596 1512 3670 'evehis
1527 3597 1655 3671 Atticis
1670 3591 1822 3669 Athenis

1196 3698 1256 3774 Ad
1273 3705 1382 3773 duros
1398 3696 1630 3772 Alemanniae
1647 3700 1792 3768 colonus

1196 3790 1398 3875 priscarum
1413 3814 1644 3871 monumenta
1658 3798 1868 3884 litterarum,

1184 3903 1430 3997 longumque
1443 3927 1484 3972 ex
1496 3901 1673 3977 Helicone
1684 3900 1784 3970 ducis
1800 3922 1989 3988 agmen..
2034 3906 2038 3913 '

1111 4020 1114 4031 '
1145 4002 1401 4088 Musarum,
1426 4005 1493 4073 tibi
1504 4026 1597 4099 quae
1611 4001 1822 4072 recentiores
1967 4018 2011 4043 ⁴¹⁷
2045 4020 2089 4049 0

1196 4104 1398 4178 Conternnt
1410 4098 1629 4196 hederasqne
1642 4093 1883 4193 laureamque,

1196 4204 1382 4300 Cantnque
1395 4201 1601 4273 Herciniam
1617 4228 1710 4274 novo
1727 4201 1882 4271 ferocem

1197 4305 1251 4376 Te
1267 4307 1379 4376 lenire
1394 4304 1518 4375 iubent
1532 4317 1566 4373 et
1579 4304 1819 4395 imprecantur
1962 4298 1965 4302 ’

1195 4407 1400 4478 immortale
1413 4408 1518 4475 decus
1530 4405 1597 4474 tibi
1612 4399 1778 4475 lachime.

1185 4504 1316 4585 An.
1331 4502 1477 4581 Christi.
1500 4503 1607 4579 ΜΛ).
1614 4500 1752 4577 XXIII.

107 4637 175 4709 tibi
190 4637 307 4709 salvus
322 4636 399 4709 erit.
435 4633 676 4709 Ostendebat
665 4660 705 4706 ιιι
717 4660 760 4708 eo
777 4641 971 4730 pmlixitas,
996 4644 1093 4736 qnod
1146 4582 2094 4713 .......-.......-...-.....“............·..ιι

107 4740 270 4826 verebar,
299 4762 346 4808 ne
364 4761 454 4831 quos
468 4738 531 4810 illa
548 4762 569 4809 a
588 4737 756 4825 lectione,
788 4754 828 4811 nt
850 4764 973 4812 sumus
994 4743 1094 4813 fasti-

31 4890 37 4905 .
107 4840 222 4927 diosi,
243 4840 463 4912 absterreret.
514 4836 638 4934 Itaque
660 4853 833 4932 quantum
853 4854 953 4934 potes
973 4843 1092 4914 brevi-

105 4943 169 5011 tati
191 4943 309 5026 stude,
344 4939 550 5033 praesertim
574 4965 655 5010 cum
679 4963 734 5010 res
758 4936 959 5012 Christiana
983 4944 1092 5035 possit

107 5043 227 5159 paucis
250 5042 355 5135 tradi.
405 5036 455 5110 Et
472 5041 545 5110 lere
566 5042 622 5127 fit,
655 5057 696 5112 ut
717 5043 761 5111 de
786 5044 993 5113 ceremoniis
1013 5069 1091 5114 ma-

36 5158 39 5163 ·
106 5144 180 5212 iore
195 5143 355 5234 negotiu,
382 5164 490 5234 quam
504 5141 649 5233 de1psis
663 5140 766 5213 Frder
779 5144 1002 5232 dogmatibus
1016 5145 1090 5214 dis-

105 5256 280 5335 reptatur,
309 5244 460 5336 plusque
485 5241 547 5328 sit,
575 5257 617 5313 nt
631 5241 759 5313 Graeci
782 5244 922 5331 dicunt,
953 5241 1089 5341 παρέρ-

103 5368 185 5442 yum
203 5369 311 5439 quam
330 5348 409 5417 τῶν
430 5294 562 5444 ipyusi‘
612 5342 702 5417 Vale
724 5297 932 5423 inChristd.
981 5344 1089 5420 Wit-

1148 5006 1360 5042 m

1167 4907 1234 4979 Nu.
1249 4907 1338 4979 263.

1913 4911 1989 4991 (boc
2003 4916 2094 4995 annu]

1912 5006 2094 5042 Q

1433 5072 1601 5158 Simoni
1632 5067 1843 5179 Grynum.

1206 5234 1485 5385 hili-iiiiii}
1486 5231 1603 5354 istit:
1599 5227 2094 5366 ..altttttttnttsbtttt

1239 5371 1289 5426 tio.
1322 5373 1391 5427 item
1405 5369 1517 5426 unciani
1531 5387 1599 5439 opus
1586 5336 1693 5424 sculhm
1711 5367 1745 5422 sd
1765 5364 1909 5423 indoctum
1927 5377 1956 5424 ιι
1976 5372 2094 5429 multus
