4500 5782
128 210 203 288 7⁷6
617 230 625 235 ·
701 210 1135 287 EPISTOLh-RUM
1188 213 1400 293 L11t111.
1453 212 1586 292 1526.
2091 212 2183 298 att*

62 475 66 481 η
128 388 211 458 Feci
228 402 345 457 autem
360 383 428 458 boc
444 411 485 455 eo
501 387 687 472 libentius,
714 389 809 480 quod
830 388 957 456 mereri
975 388 1117 458 libellus
1169 391 1255 466 cole.
1308 389 1367 461 Sic
1390 392 1487 460 enim
1509 392 1681 464 divinitus
1704 407 1928 486 praeceptum
1956 407 2030 479 est,
2055 406 2096 465 ut
2117 395 2157 463 ti-

128 491 335 574 videbatur,
366 504 406 560 ut
425 489 565 580 penitus
589 502 836 577 cognoscerent
861 512 900 557 ac
924 491 1117 559 ediscerent
1169 495 1274 563 hrum
1297 494 1384 584 legis
1404 489 1557 565 habeant
1578 497 1616 564 in
1639 497 1804 588 manibus
1828 495 2039 588 Principes,
2065 509 2099 565 et
2120 518 2157 569 es

127 593 240 684 pueri.
293 591 384 662 Nam
406 595 499 662 etde
519 591 647 681 pietate
672 591 905 661 sanctissimas
930 592 1117 681 opiniones
1169 619 1211 664 eo
1232 619 1270 665 se
1291 609 1505 687 comparent.
1558 598 1724 680 Falleris,
1751 599 1781 665 si
1807 592 1963 666 bumana
1987 596 2157 669 industria

128 696 257 764 teneris
274 695 475 787 pectoribus
491 693 732 772 instillaverit,
758 697 852 765 etde
869 695 1117 764 communibus
1168 713 1233 768 aut
1255 697 1393 767 viribus
1423 700 1567 768 defendi
1597 723 1696 790 posse
1729 698 1872 790 imperii
1903 700 2155 791 possessionem

25 816 29 823 ‘
127 799 287 869 moribus
312 798 399 865 mire
423 796 574 864 civiliter
597 795 776 887 praecipit.
844 794 973 864 lamet
999 795 1116 886 ipsum

127 915 303 970 auctorem
330 899 547 968 circumferri
575 898 706 981 malui,
741 921 846 989 quam
875 921 994 965 meum
1020 923 1117 966 com-

128 1003 388 1072 mentariolum.
448 999 603 1067 Praestat
625 1001 719 1066 enim
741 1014 774 1067 et
798 1002 842 1066 acl
866 1000 1115 1067 conscientiam

128 1106 421 1180 confirmandam,
449 1103 546 1169 etad
570 1102 796 1170 formandum
821 1101 1009 1186 iudicium,
1035 1125 1115 1170 cum

127 1203 316 1299 Prophetis
339 1205 423 1296 ipsis
445 1216 612 1294 tanquam
633 1204 729 1271 domi
746 1203 924 1294 colloqui,
946 1227 1051 1294 quam
1074 1227 1115 1271 ex

128 1308 388 1382 commentariis
411 1329 550 1396 sapere,
585 1305 646 1397 qui
668 1306 739 1372 fere
764 1301 1015 1394 prophetarum
1034 1329 1116 1373 sen-

127 1415 255 1485 tentias
270 1411 395 1503 procul
411 1410 621 1491 ostendunt,
646 1407 676 1474 si
693 1420 811 1475 tamen
826 1410 1026 1475 ostendunt.
1067 1402 1115 1475 Et

127 1532 167 1589 ut
188 1517 227 1585 in
246 1515 434 1604 interprete
459 1504 549 1578 nibil
571 1509 681 1598 possis
698 1504 973 1599 reprehendere,
998 1523 1115 1578 tamen

127 1613 244 1691 ethic
273 1617 370 1684 iuxta
395 1611 647 1694 Proverbium,
687 1611 824 1679 dulcius
850 1634 891 1678 ex
915 1613 991 1701 ipso
1017 1612 1114 1679 fonte

126 1723 301 1792 bibuntur
317 1740 437 1809 amarae.
490 1712 612 1804 ltaque
631 1737 792 1802 cumpro
811 1713 1031 1781 enarratione
1048 1736 1115 1780 no-

126 1839 196 1893 stra
212 1834 387 1891 auctorem
404 1811 551 1885 exhibeo
568 1815 702 1903 ipsum,
728 1838 857 1882 naevos
868 1810 1007 1905 χαλκέα
1018 1839 1114 1907 χρυ-

126 1921 237 1997 σείων
258 1919 498 2001 contractatis,
524 1918 699 2005 integrum
725 1917 819 1984 enim
843 1940 932 2006 opus
950 1915 1114 1986 Salomo-

125 2031 181 2098 nis
199 2052 262 2118 pro
282 2024 407 2092 mutilo
428 2019 699 2102 commentario,
724 2019 941 2089 elaboratum
965 2043 1030 2108 pro
1053 2041 1113 2084 ex-

125 2126 359 2220 temporaneis
388 2122 693 2204 adnotationibus,
730 2119 882 2212 deuiquc
909 2114 1112 2211 prophetias

123 2259 187 2327 pro
207 2227 415 2300 homunculi
431 2224 614 2293 sententiis
628 2222 845 2313 reponimus.

222 2331 354 2413 Porro,
379 2341 419 2396 ut
435 2327 550 2394 obiter
565 2321 632 2393 boc
646 2324 751 2394 etiam
765 2344 947 2404 moneam,
974 2320 1013 2390 in
1029 2347 1110 2391 ver-

121 2436 231 2507 tendo
248 2429 318 2502 boc
334 2428 566 2511 servavimus,
592 2440 630 2496 ut
646 2427 685 2494 in
703 2426 746 2495 iis
760 2425 865 2509 locis,
891 2425 953 2518 qui
976 2427 1020 2494 de
1041 2424 1109 2493 fide

121 2552 183 2608 ant
203 2536 329 2627 timore
353 2531 594 2624 praecipiunt,
635 2544 668 2599 ct
692 2529 737 2596 ad
761 2527 991 2596 muniendam
1024 2550 1109 2595 con-

121 2638 303 2710 scientiam
326 2634 521 2727 pertinent,
554 2655 628 2701 nou
652 2631 757 2699 modo
783 2629 973 2697 sententias
993 2628 1107 2697 fideli-

120 2758 173 2813 ter
194 2749 555 2831 repraesentaremus,
581 2733 640 2802 sed
662 2731 768 2800 verba
786 2731 889 2822 etiam
904 2732 976 2799 fere
992 2732 1108 2799 aduu-

71 2864 84 2883 ‘
119 2864 347 2913 meraremus.
411 2832 454 2906 ln
479 2834 644 2905 civilibus
672 2832 871 2917 sententiis,
905 2845 987 2902 sunt
1011 2832 1105 2900 enim

118 2971 191 3016 non
219 2967 343 3034 parum
367 2939 498 3010 multae
520 2930 721 3021 πολιτικαὶ,
754 2933 888 3004 fuimns
910 2933 1104 3018 liberiores,

116 3045 245 3118 necubi
275 3042 458 3121 Lectorem
496 3039 691 3108 obscuritas
725 3050 933 3108 moraretur.
1006 3035 1102 3124 Quid

116 3142 351 3220 enim'attinct
369 3143 611 3234 interpretari,
638 3140 668 3208 si
694 3138 845 3228 intelligi
866 3138 983 3207 nolis?
1030 3135 1103 3207 Nec

114 3275 235 3321 moror
253 3247 382 3317 iudicia
399 3270 538 3327 eorum,
569 3242 631 3335 qui
649 3240 826 3312 Iudaicam
843 3240 1021 3337 quandam
1043 3262 1104 3308 su·

113 3351 357 3449 perstitionem
380 3349 419 3416 in
438 3347 607 3437 vertendo
632 3342 836 3436 requirunt,
869 3341 1032 3434 quicum
1056 3342 1103 3409 li-

112 3454 293 3527 beralibus
326 3463 359 3520 et
388 3447 661 3536 elegantioribus
689 3443 887 3536 disciplinis
917 3467 992 3514 non
1019 3457 1102 3513 sunt

112 3553 302 3649 perpoliti,
328 3575 373 3619 ne
394 3551 537 3645 quidem
557 3561 704 3639 possunt
719 3546 763 3614 de
780 3546 855 3616 ullo
873 3569 1000 3635 genere
1020 3570 1103 3614 ora-

111 3659 222 3730 tionis
251 3669 344 3724 recte
372 3651 541 3722 iudicare.
606 3645 683 3716 Hoc
708 3671 809 3737 ergo,
840 3646 1017 3741 quidquid
1040 3659 1102 3732 est,

111 3760 244 3853 operis,
278 3754 393 3827 llluss.
421 3752 618 3841 Princeps,
642 3750 709 3818 tibi
736 3750 897 3819 dedicare
924 3748 1042 3833 volui,
1067 3762 1101 3817 et

110 3877 150 3933 ut
164 3859 321 3932 studium
335 3857 401 3927 tibi
421 3879 538 3923 meum
556 3853 761 3942 probarem,
786 3865 819 3921 et
837 3864 877 3920 ut
892 3846 1101 3920 adhortarer

110 3979 144 4035 te
161 3967 205 4035 ad
221 3962 390 4059 pietatem
399 3957 590 4046 interprete
607 3947 671 4025 καὶ
686 3949 851 4046 προξένῳ
865 3950 1066 4023 Salomone.

210 4061 281 4133 Par
297 4075 349 4130 est
366 4075 482 4128 autem
508 4053 605 4126 hunc
625 4077 741 4145 regern
762 4056 886 4124 audire
908 4056 953 4124 de
974 4055 1100 4123 officiis

110 4166 276 4242 omnibus
300 4164 391 4232 vitae
417 4158 707 4252 praecipientem,
742 4181 846 4250 quem
869 4168 1005 4227 constat
1024 4157 1099 4246 pri-

108 4293 207 4342 mum
256 4263 427 4356 sapientia
470 4260 684 4352 praestitisse
729 4259 871 4348 regibus
919 4258 1097 4339 omnibus,

109 4371 268 4444 omnium
295 4379 447 4436 aetatum
471 4387 511 4431 ac
536 4362 712 4452 gentium,
751 4361 880 4430 deinde
907 4354 1000 4428 nihil
1032 4363 1098 4430 do-

110 4498 205 4555 cere,
237 4469 306 4537 nisi
328 4466 484 4535 Verbum
508 4463 588 4533 Dei.
653 4459 760 4554 Apud
783 4461 978 4531 Homerum
1003 4459 1097 4552 Aga-

108 4592 276 4646 memnon
305 4582 402 4661 optat
429 4567 497 4635 sibi
518 4567 637 4634 decem
656 4558 956 4658 συμφράδμονας
971 4562 1097 4634 Nesto-

109 4681 158 4750 ris
180 4673 311 4746 similes
331 4669 551 4758 contingere,
574 4690 656 4735 narn
679 4661 785 4736 buius
807 4667 1032 4758 prudentiam
1057 4666 1096 4734 in

10 4807 14 4817 ’
107 4779 232 4876 primis
249 4773 468 4863 suspiciebat.
521 4766 666 4856 Quanto
689 4769 816 4837 melius
839 4782 955 4837 autem
980 4782 1096 4838 tecum

108 4885 244 4976 agitur,
271 4876 328 4947 cui
349 4871 550 4944 Salomonis
576 4871 830 4939 consuetudine
850 4871 920 4939 frui
942 4871 1038 4954 licet,
1061 4883 1095 4939 et

107 5012 186 5058 cum
212 4982 275 5053 tali
298 4971 596 5072 symphradmone
624 4973 794 5042 derebus
817 4973 1001 5056 omnibus,
1028 4998 1096 5064 pu-

106 5088 209 5160 blicis
228 5110 267 5154 ac
293 5079 458 5173 privatis,
486 5074 685 5145 consultare
702 5098 741 5143 ac
754 5076 1007 5157 commentari,
1032 5075 1095 5167 qui

107 5188 228 5261 multis
242 5185 361 5253 modis
376 5179 608 5250 Homericum
627 5199 751 5244 senem
770 5176 888 5246 vincit.
938 5173 1094 5245 Proinde

106 5290 137 5362 si
163 5287 312 5358 feliciter
334 5284 432 5374 cupis
463 5279 652 5371 imperium
680 5301 831 5367 gerere,
864 5291 897 5346 et
919 5278 1006 5345 tales
1031 5279 1095 5370 ad-

105 5384 207 5469 mitte
231 5388 321 5458 vitae
341 5385 542 5474 magistros,
568 5394 603 5451 et
623 5390 698 5451 toto
723 5395 863 5476 pectore
885 5377 1093 5471 religionem

1170 822 1298 876 censes.
1368 797 1514 870 Frustra
1543 800 1726 871 conaberis
1755 800 1893 884 omnia,
1932 800 2005 869 nisi
2033 800 2156 892 pietate

1168 899 1282 971 Deum
1303 902 1521 986 devinxeris,
1554 903 1616 995 qui
1640 902 1787 971 consilia
1806 916 1865 971 tua
1888 904 2061 976 fortunet.
2116 898 2155 974 ld

1169 1003 1320 1072 subinde
1342 1004 1497 1074 inculcat
1520 1005 1558 1072 in
1584 999 1638 1072 bis
1659 1005 1844 1073 sententiis
1864 1002 2030 1089 Salomo,
2054 1017 2091 1075 et
2108 1018 2155 1074 te-

1169 1118 1308 1175 stantur
1327 1105 1475 1174 minime
1498 1107 1657 1175 obscuris
1676 1106 1844 1195 exemplis
1859 1103 2054 1176 Historiae.
2102 1104 2154 1177 Si-¹

1167 1208 1244 1277 mul
1257 1220 1374 1277 autem
1391 1232 1470 1277 curn
1486 1209 1658 1296 religione
1676 1230 1751 1276 rem
1768 1207 1963 1277 literariam
1980 1208 2049 1276 tibi
2065 1230 2152 1276 corn-

1161 1312 1316 1394 ‚mendo,
1348 1323 1388 1378 ut
1405 1305 1634 1379 honestarum
1659 1309 1789 1378 artium
1820 1332 1858 1378 ac
1888 1308 2152 1399 disciplinarum

1168 1410 1403 1500 patrocinium
1426 1412 1613 1503 suscipias,
1640 1434 1729 1503 quae
1752 1405 1818 1479 hae
1841 1410 2050 1481 turbulenta
2072 1424 2153 1481 tem-

1167 1525 1297 1601 pestate
1312 1514 1535 1600 naufragium
1549 1515 1704 1582 facturae
1720 1513 1904 1596 videntur,
1926 1512 2000 1579 nisi
2020 1512 2152 1583 abonis

1167 1611 1393 1706 Principibus
1418 1639 1555 1684 summa
1583 1638 1648 1705 ope
1669 1615 1833 1683 defensae
1853 1613 2000 1685 fuerint.
2058 1609 2151 1684 Nihil

1167 1729 1283 1784 antem
1306 1716 1418 1806 magis
1434 1709 1569 1805 regium
1592 1717 1801 1806 susceperis,
1826 1738 1934 1808 quam
1956 1708 2053 1785 banc
2072 1739 2150 1808 pro·

1165 1818 1319 1886 vinciam
1347 1820 1687 1910 propugnandamm
1717 1818 1919 1901 literarum,
1954 1840 2050 1910 quae
2078 1840 2149 1886 cum

1165 1919 1330 2008 religioni
1345 1934 1554 1989 ornamento
1569 1933 1670 2002 suut,
1695 1932 1771 1988 tum
1785 1919 2013 2008 publicarum
2029 1917 2149 2008 legum,

1165 2035 1199 2091 et
1214 2021 1328 2090 civilis
1343 2021 1549 2113 disciplinae
1563 2035 1597 2090 et
1615 2017 1844 2091 humanitatis
1863 2021 2052 2090 scientiam
2071 2043 2149 2090 oon·

1164 2123 1291 2194 tinent.
1343 2120 1449 2212 Quod
1467 2124 1598 2192 vulnus
1614 2124 1742 2192 iterum
1759 2122 1904 2213 accipiet
1920 2120 2072 2213 religio,
2093 2120 2147 2192 uhi

1163 2225 1367 2314 linguarum
1384 2224 1540 2296 studium
1554 2226 1682 2314 frigere
1706 2227 1878 2315 coeperit,
1900 2247 1984 2293 curn
2001 2221 2147 2313 intelligi

1163 2326 1279 2396 divini
1307 2325 1451 2417 spiritus
1476 2327 1640 2396 voluntas
1672 2326 1744 2396 nisi
1771 2348 1811 2393 ex
1839 2319 2053 2417 prophetico
2084 2348 2146 2394 ser-

1161 2453 1268 2498 mone
1290 2451 1364 2498 non
1379 2429 1507 2518 possit,
1536 2443 1569 2499 et
1588 2430 1632 2498 de
1658 2450 1820 2496 sermone
1840 2422 1937 2496 baud
1960 2429 2036 2497 fere
2059 2427 2145 2497 iudi-

1162 2554 1241 2599 care
1263 2545 1393 2624 queant
1420 2524 1490 2614 bi,·
1507 2529 1570 2622 qui
1594 2529 1725 2601 nostris
1748 2530 1859 2599 literis
1884 2552 1962 2598 non
1985 2541 2072 2599 sunt
2092 2530 2143 2599 ex*

1161 2631 1258 2701 culti.
1309 2628 1383 2701 lam
1410 2631 1550 2701 civilem
1575 2631 1798 2722 disciplinam
1827 2652 1969 2700 necesse
1990 2645 2047 2702 est
2068 2655 2143 2702 ton·

1161 2733 1255 2818 velli,
1279 2733 1348 2801 nisi
1364 2732 1407 2801 iis
1423 2732 1568 2817 artibus
1589 2756 1679 2826 quae
1694 2735 1737 2802 de
1755 2733 1846 2802 vitae
1860 2731 1990 2803 officiis
2005 2746 2043 2804 et
2056 2757 2142 2803 com-

1159 2835 1327 2905 munibus
1341 2834 1503 2904 moribus
1516 2835 1754 2927 praecipiunt,
1775 2837 1821 2904 ad
1835 2834 2009 2905 virtutem
2019 2831 2142 2905 tovena
2159 2888 2172 2913 .

1159 2938 1245 3008 tutis
1258 2937 1369 3017 animi
1383 2936 1581 3008 invitentur
1594 2960 1634 3006 ac
1649 2937 1893 3009 instituantur.
1943 2934 2063 3006 Nemo
2075 2959 2142 3007 res·

1160 3040 1334 3130 publicas,
1358 3039 1432 3106 sive
1455 3039 1659 3128 religionem
1681 3052 1812 3130 spectes
1836 3039 1911 3109 sive
1924 3039 2051 3110 civiles
2071 3063 2141 3109 mo-

1157 3166 1231 3224 res,¹
1245 3140 1386 3230 gravius
1402 3140 1552 3224 laeserit,
1570 3165 1675 3232 quam
1694 3142 1755 3232 qni
1770 3165 1791 3209 a
1806 3143 1924 3210 studio
1944 3141 2141 3212 liberalium

1156 3245 1286 3313 artium
1315 3244 1535 3312 iuventutem
1561 3237 1721 3312 retrahit.
1791 3239 1856 3311 Est
1876 3244 1974 3311 enim
1997 3245 2139 3313 omnino

1157 3346 1209 3413 vis
1225 3335 1534 3435 earum'opinione
1551 3344 1650 3433 vulgi
1666 3343 1791 3415 maior.
1841 3342 1965 3432 Quare
1980 3347 2142 3416 adversus

1156 3471 1262 3539 prava
1279 3446 1410 3515 iudicia
1425 3445 1607 3536 imperitae
1623 3446 1872 3525 multitudinis,
1893 3447 2068 3517 adversus
2080 3447 2139 3516 im-

1154 3548 1407 3642 portunitatem
1433 3547 1594 3616 indoctae
1619 3548 1763 3632 turbae,
1804 3549 1974 3618 adversus
1994 3549 2072 3618 vim
2092 3560 2141 3619 at·r

1154 3674 1223 3745 que
1238 3647 1425 3732 iniuriam,
1446 3672 1465 3717 a
1480 3662 1595 3717 vestro
1613 3649 1739 3721 ordine
1756 3672 1857 3739 opem
1871 3649 2086 3742 implorent,
2099 3651 2139 3721 ad

1155 3776 1217 3822 vos
1231 3765 1400 3845 tanquam
1418 3750 1456 3819 in
1475 3764 1616 3843 portum
1636 3752 1813 3844 quendam
1834 3764 1868 3820 et
1885 3753 2089 3844 perfugium
2103 3748 2140 3822 se'

1153 3854 1351 3925 conferunt.

1254 3954 1351 4045 Quid
1375 3954 1482 4024 fuerit
1504 3969 1620 4027 autem
1641 3954 1835 4039 crudelius,
1861 3981 1970 4049 qnam
1990 3957 2137 4029 barbaro

1152 4057 1265 4128 surori
1286 4055 1385 4146 vulgi
1402 4057 1627 4139 innoeentes,
1652 4057 1725 4123 imo
1746 4058 1878 4148 optime
1899 4075 2078 4130 merentes
2096 4063 2136 4130 de

1153 4160 1257 4230 rebus
1271 4154 1438 4227 humanis
1454 4159 1623 4248 prodere,
1647 4181 1686 4227 ac
1700 4159 1853 4250 perpeti,
1877 4173 1919 4230 ut
1934 4163 2136 4253 oppriman-

1152 4274 1210 4330 tur
1232 4285 1272 4330 ac
1296 4261 1491 4333 deleantur.
1552 4258 1593 4329 ln
1619 4258 1749 4329 fabulis
1774 4274 1825 4330 est
1843 4258 1999 4356 Mydae,
2025 4259 2135 4358 Phry-

1150 4385 1234 4452 gum
1260 4362 1351 4450 regi,
1384 4364 1479 4455 qnod
1502 4364 1545 4430 de
1570 4360 1710 4430 Musica
1729 4386 1802 4432 non
1832 4364 1916 4432 satis
1944 4368 2135 4457 prudenter

1151 4464 1354 4548 iudicasset,
1395 4465 1439 4532 ab
1468 4457 1636 4554 Apolline
1668 4463 1823 4533 asininas
1861 4488 1966 4536 aures
2002 4468 2136 4540 additas

1151 4590 1234 4639 esse.
1287 4562 1469 4652 Quantum
1493 4580 1628 4648 autem,
1654 4563 1876 4649 boneDeus,
1899 4566 1938 4635 in
1962 4569 2028 4639 illo
2055 4594 2134 4661 pro-

1150 4692 1268 4738 cerum
1290 4667 1397 4756 vulgo
1412 4666 1605 4759 Mydarum
1631 4661 1737 4735 bodie
1760 4663 1950 4754 babemus,
1975 4672 2039 4764 qui
2065 4697 2134 4742 non

1149 4768 1389 4838 moestiferos
1404 4769 1519 4837 nullas
1533 4782 1677 4851 norunt,
1697 4770 1758 4838 sed
1774 4782 2007 4843 contemnunt
2022 4776 2135 4859 etiam,

1149 4872 1308 4962 et'nugas
1325 4894 1398 4938 esse
1415 4869 1590 4955 sentiunt,
1614 4895 1701 4962 quas
1716 4870 1955 4943 collusitantes
1977 4874 2018 4943 in
2033 4870 2133 4964 scho-

1147 4975 1191 5044 lis
1210 4971 1313 5044 otiosi
1331 4965 1493 5041 homines
1511 4972 1700 5043 commenti
1715 4972 1805 5046 sint.-

1224 5156 1229 5165 .
1248 5071 1285 5147 Ο
1300 5073 1724 5163 ρετηῐεῐοειιῐηῦεποπρπι,
1750 5099 1833 5144 narn
1848 5075 1879 5143 si
1891 5077 2016 5165 literas
2029 5082 2133 5153 rebus

1145 5173 1311 5246 humanis
1330 5175 1517 5258 exemeris,
1543 5177 1683 5246 exulare
1705 5202 1776 5247 una
1790 5178 1939 5250 virtutes
1956 5206 2080 5254 omnes
2094 5206 2133 5255 ac

1147 5278 1240 5371 pacis
1254 5289 1346 5346 artes
1360 5277 1550 5364 continget.
1603 5275 1746 5365 Quanto
1767 5281 1811 5349 de
1835 5304 1911 5349 sese
1929 5286 2133 5373 praedicant

1146 5382 1241 5474 ipsae
1262 5372 1506 5472 Musae'apud
1530 5376 1726 5451 Hesiodum
1753 5382 1899 5468 rectius,
1933 5409 2016 5457 cum
2039 5386 2133 5460 attr-
