4500 5782
44 205 92 274 13
554 219 557 223 '
658 201 1093 282 EPISTOLARUM
1117 202 1225 282 LIB.
1256 203 1287 284 1.-
1342 201 1491 282 151ss
2042 199 2088 273 14

45 372 157 467 Atque
175 391 217 446 ut
232 376 399 466 dignosci
414 372 580 447 carminis
595 381 684 450 ratio
700 379 827 473 possit,
852 379 952 448 modi
967 374 1043 447 cui-
1096 393 1129 449 et
1146 377 1280 470 ingenii
1297 374 1474 472 probandi
1489 388 1523 445 et
1535 369 1773 445 honestandae
1789 374 1842 444 rei
1857 371 1967 465 gratia
1989 365 2085 441 soliti

46 480 113 571 qu'c
130 498 260 546 scenae
285 492 371 549 sunt
394 477 573 572 inscripti,
601 481 778 567 distincti,
810 481 1042 575 dispositique
1094 480 1234 552 'lucrant
1249 472 1606 573 ἄποστοματίζοντες
1626 478 1753 550 dicere.
1800 474 1889 545 Vale
1904 476 1955 543 mi
1964 466 2086 543 Paule

45 600 184 663 versus,
211 593 256 649 ut
277 580 335 649 leit
366 582 538 672 postulat,
570 608 658 675 quae
681 584 862 673 diligentia
887 582 1043 675 primum
1095 576 1350 668 Geraeander,
1374 578 1569 651 etPoetam
1578 573 1788 648 Terentium
1803 601 1885 646 vere
1901 591 2000 646 tuum
2015 600 2083 669 pu-

45 672 226 769 Pliilologi
255 674 451 754 Benedicti
479 682 644 754 laudibus
675 684 789 759 cessit.
839 678 986 757 Utinam
1009 696 1044 752 et
1094 698 1178 758 tato.
1230 682 1283 755 Ex
1301 682 1481 774 Tubinga‚
1497 676 1605 752 Anno
1620 678 1672 753 M
1687 678 1733 755 D.
1750 675 1849 753 xvi.

47 781 175 851 nostris
205 781 343 852 libellis
372 784 503 873 gratiae
542 800 681 868 tantum
718 799 961 879 comparetur,
1001 798 1041 853 iit
1217 815 1219 818 ⁴
1498 796 1547 868 Η,
1573 794 1676 872 011„

47 881 241 974 exemplari
264 884 393 954 collato
416 884 618 957 iudicentur
646 886 809 973 numeri..
850 912 932 957 nam
956 886 1041 955 reli·
1134 972 1139 979 ι

46 1006 156 1075 quum
176 984 385 1074 diligentiae
409 987 515 1058 etiam
535 980 617 1057 sine'
625 989 801 1059 monitore
817 987 1040 1083 spectabitur.

45 1081 106 1155 Est
121 1078 367 1155 &Benedicti
377 1088 628 1180 compendium
639 1090 682 1159 de
694 1091 843 1183 pedibus
853 1112 1041 1172 annexum,
1110 1110 1180 1185 No,
1196 1108 1233 1184 4·
1813 1108 1870 1190 (m
1885 1107 2076 1190 Novembri.)

45 1200 84 1257 ut
107 1186 149 1257 in
173 1202 345 1280 promptu
370 1188 415 1257 sit
437 1189 605 1259 carminis
631 1193 791 1262 absoluta
813 1191 917 1265 ratio.
967 1188 1040 1278 Qui
1099 1211 1251 1232 ‘w
1803 1205 2086 1239 m

41 1286 316 1379 locupletiorem
331 1284 438 1361 huius
451 1314 585 1382 penum
603 1293 806 1388 desyderat,
837 1284 934 1362 Aldi'
946 1284 1041 1361 Ma-
1159 1376 1164 1385 Ι
1283 1274 1506 1362 Studiosis
1536 1269 1894 1364 adolescentibus.

48 1387 142 1458 ”mii
154 1390 434 1461 commutarim
448 1392 612 1464 mettim
627 1397 818 1513 sequimi·
845 1391 947 1511 Olim,
966 1394 1042 1510 sqr‘
1161 1435 1299 1493 Praelatio
1314 1434 1398 1490 libelli
1416 1433 1554 1506 inscriptis
1569 1470 1586 1498 „
1594 1429 1726 1514 Dialogus
1737 1426 1947 1516 lllytbologieiis
1956 1432 2086 1488 Bai-ibo·

48 1504 131 1561 ime
145 1490 352 1578 (labuntur,
371 1517 460 1587 quae
474 1494 518 1563 (le
534 1492 691 1566 iambico
711 1520 866 1576 carmine
878 1490 1042 1565 Priscia-
1197 1507 1303 1560 lernaei
1313 1505 1494 1585 coloniensis,
1514 1502 1638 1556 dulcibus
1656 1520 1739 1561 iocis.
1756 1502 1881 1584 ¹¹¹.⁰!¹¹¹‘³'’
1899 1502 1998 1556 salibus
2015 1521 2085 1556 con-

49 1612 115 1663 niis
126 1594 333 1685 composuit
348 1587 397 1691 ¹⁶),
421 1595 596 1689 siquando
613 1622 634 1666 a
650 1598 754 1668 nobis
770 1599 920 1667 edentur
933 1597 1040 1690 panlo
1186 1574 1338 1697 {3¹¹¹}ssss
1353 1570 1745 1715 jffimffl‘l‘ffieffi
1761 1568 2087 1693 ‘ffle'ffissffifflffi'ffi'

49 1694 306 1765 mendatiorcs
342 1696 567 1786 iulgaribiis‚
616 1699 680 1792 qui
710 1724 822 1793 usque
854 1700 941 1769 adeo
980 1699 1043 1766 dc-
1197 1712 1235 1767 D.
1275 1710 1347 1766 vi.”
1373 1705 1719 1782 ptigg.5ii.·in4io.1..'

50 1808 181 1913 pmii
196 1794 385 1914 legiuimr’
406 1809 448 1867 m
463 1822 552 1918 quae
565 1792 658 1918 me
675 1814 780 1870 emm
788 1794 968 1920 Budalia
983 1790 1041 1894 “l
1095 1852 1271 1927 Studiosis
1287 1847 1560 1920 adulescentulis
1575 1839 1640 1914 Ph
1650 1843 1666 1913 i‘
1672 1840 1711 1914 la’
1712 1868 1738 1942 p
1743 1868 1829 1944 pus
1844 1842 1903 1917 M
1903 1843 1945 1916 el
1950 1872 1974 1916 a
1984 1871 2007 1916 n
2017 1840 2089 1916 ch·
2140 1898 2143 1903 -

51 1888 176 1965 muti
189 1896 375 1968 codicibus
391 1899 547 1984 addidit,
572 1922 613 1970 ex
629 1901 692 1971 illo
708 1903 753 1972 de
764 1900 896 1973 lambis
912 1904 1044 1971 deseri·
1470 1954 1485 2017 ἱ
1492 1941 1518 2017 h
1608 1944 1639 2017 S
1661 1943 1706 2017 D

51 2010 121 2089 pte,
154 1998 262 2068 nulla
292 1999 492 2073 videantur.
525 2002 575 2071 ibi
603 2003 719 2081 nescio
746 2029 836 2098 quae
857 2004 944 2074 loeis
965 2000 1044 2072 Ho-
1528 1972 1582 2019 οη
1638 1996 1647 2017 ‘
1706 1995 1717 2016 ⁰

53 2097 187 2169 uesicis
210 2111 346 2171 noctua
367 2101 566 2193 supposita,
591 2096 703 2176 vitii
721 2100 813 2200 node
832 2103 926 2186 ἔπος.
971 2102 1045 2172 Ve-
1094 2082 1215 2177 Venit
1236 2102 1276 2170 in
1298 2123 1426 2171 manus
1448 2113 1586 2171 nostras
1609 2100 1729 2169 fabula
1752 2095 1837 2171 haec
1860 2114 1895 2170 et
1915 2099 2033 2194 lepida
2055 2113 2089 2169 et

53 2220 125 2270 nini
138 2199 205 2270 itta
220 2201 400 2292 copiosius
417 2203 516 2276 alias.
544 2249 548 2254 -
565 2202 635 2274 Hic
652 2200 691 2275 T
689 2208 847 2279 orentius
870 2221 920 2277 est
935 2204 1044 2275 Poeta
1098 2206 1252 2296 elegans:
1280 2227 1387 2298 quam
1403 2225 1484 2271 cum
1499 2202 1614 2272 obiter
1627 2202 1880 2293 perlegissem,
1894 2226 1939 2271 ne
1956 2203 2093 2271 deesset·

53 2294 232 2388 Comicus,
261 2302 423 2397 inquem
440 2327 503 2375 ora
518 2304 638 2392 latini,
662 2307 701 2376 in
718 2334 824 2401 quem
847 2310 968 2378 oculos
988 2331 1046 2377 re-
1097 2308 1225 2377 studiis
1247 2304 1389 2389 vestris,
1414 2304 1540 2395 optimi
1561 2305 1818 2385 adulescentes,
1851 2304 1969 2376 statim
1991 2299 2090 2376 clial-

55 2401 176 2477 timii
220 2414 260 2474 et
279 2405 452 2475 orationis
473 2423 508 2479 ct
523 2408 616 2477 vitae
631 2409 815 2498 magister,
841 2410 941 2479 omni
955 2432 1045 2502 pene
1098 2402 1283 2501 ecgraphis
1304 2405 1570 2489 commendavi,
1593 2406 1699 2498 'quod
1722 2405 1902 2475 iuventute
1933 2430 2092 2475 commo·

59 2502 218 2595 legendus
256 2505 382 2591 aetati,
422 2506 482 2577 sed
512 2509 612 2577 omni
650 2511 756 2602 plane
788 2510 917 2584 studio.
975 2507 1046 2579 Hic
1099 2510 1245 2580 (lissima
1274 2508 1464 2579 videretur.
1514 2502 1608 2575 Nam
1637 2505 1797 2596 dialogo,
1838 2510 1933 2601 quod
1957 2530 2090 2577 sermo-

10 2600 12 2605 ’
60 2603 233 2698 auspiciis,
266 2605 401 2699 optime
422 2607 476 2677 mi
499 2601 640 2691 Paule,
675 2612 746 2681 tuis
769 2614 840 2684 exit
862 2613 901 2681 in
924 2612 1046 2703 publi·
1098 2636 1186 2682 num
1207 2633 1317 2700 genus
1341 2622 1392 2677 est
1415 2607 1653 2677 familiaritate
1676 2621 1711 2677 et
1733 2608 1887 2699 puritate
1910 2632 2093 2678 commen-

10 2718 12 2729 '
62 2726 132 2795 tm
151 2706 289 2793 laetus,
319 2732 402 2778 cum
429 2711 525 2804 quod
549 2735 658 2804 opera
679 2713 748 2783 sihi
768 2728 826 2786 tua
849 2713 1047 2803 castigatior
1099 2717 1238 2797 datum,
1273 2733 1463 2803 rerumque
1497 2710 1666 2780 varietate
1685 2724 1856 2805 gratum,
1895 2711 2094 2802 conscripta
2199 2734 2203 2739 ·

61 2805 214 2895 videtur,
244 2822 325 2879 tum
345 2810 442 2904 quod
466 2812 694 2885 faelicissimo
719 2829 778 2886 tuo
802 2817 920 2886 studio
944 2815 1047 2908 prin·
1099 2830 1170 2900 est,
1209 2813 1382 2905 facietque
1404 2811 1450 2880 ad
1473 2811 1700 2881 excolendam
1730 2811 2003 2882 adulescentiam
2030 2834 2092 2881 ee-
2233 2804 2240 2815 ⁸

63 2928 132 3002 seps
146 2908 281 2981 colitur
292 2911 439 2998 unicus,
464 2936 576 3008 eoque
591 2916 736 3001 decore,
760 2931 802 2988 ut
825 2942 969 2988 omnem
992 2916 1045 2985 illi
1099 2930 1207 2987 stram
1231 2915 1446 3007 plurimum,
1473 2912 1503 2980 si
1526 2936 1565 2982 ca
1588 2937 1709 2984 rerum
1725 2926 1759 2981 et
1772 2914 1964 2983 verborum
1980 2912 2093 3003 gratia

64 3002 323 3098 bomniiatem,
334 3007 610 3113 ciiiyadaaoi
620 3012 805 3103 παιδείαν,
822 3021 1046 3089 coniunctam
1099 3033 1233 3089 caetera
1256 3039 1415 3111 quaeque
1437 3014 1553 3085 studia
1578 3013 1846 3098 cremaveritin
1885 3028 1925 3083 ut
1941 3016 2092 3108 quibus·

65 3102 195 3189 lateas.
246 3106 299 3184 Et
320 3113 487 3188 iuventus
503 3115 715 3189 Germanica
738 3121 863 3206 velim,
886 3120 1045 3211 exemplo
1099 3122 1182 3189 dam
1213 3109 1400 3209 pigmentis
1431 3130 1597 3200 venusta,
1641 3115 1851 3185 iucundiora
1884 3118 2090 3192 reddantur.

65 3223 113 3285 luti
127 3213 169 3285 iii
181 3226 328 3307 poetam
342 3215 450 3287 istum
466 3216 659 3306 incumbat,
668 3222 869 3311 *imaginem
879 3217 1047 3291 habitura
1100 3220 1283 3315 Siquidem
1307 3216 1447 3286 sabellis
1470 3217 1744 3312 elegantioribus
1760 3232 1833 3286 tam
1849 3218 1961 3302 vitae,
1986 3240 2093 3312 quam

65 3312 266 3403 aitiomn,
280 3340 390 3411 quain
405 3311 671 3392 aMCicirone
684 3321 1047 3417 reliquisqiicmagnis
1099 3321 1270 3392 orationis
1290 3319 1411 3409 regula
1433 3318 1702 3410 praescribitur,
1735 3314 1926 3389 Plutarcho
1949 3334 2093 3390 auctore

65 3411 137 3485 viris
157 3415 344 3511 accepisti,
374 3419 506 3512 quibus
537 3423 626 3493 adeo
650 3422 886 3495 Terentianae
906 3424 1047 3495 fabulae
1099 3424 1139 3492 in
1171 3423 1284 3506 libro,
1319 3444 1426 3515 quem
1452 3410 1500 3488 'de
1531 3420 1733 3511 audiendis¹
1748 3420 1862 3514 poetis
1902 3421 2092 3513 inscripsit.

65 3510 196 3589 luerunt
209 3518 252 3587 iu
267 3518 435 3590 manibus
447 3522 668 3616 frequentes,
690 3540 729 3595 ut
744 3526 967 3615 gravissimas
990 3524 1048 3593 in·
1100 3521 1214 3596 Alunt
1230 3522 1326 3591 enim
1349 3536 1383 3591 et
1404 3522 1527 3590 fovent
1548 3520 1686 3591 animos
1710 3535 1865 3608 teneros,
1891 3537 1996 3616 atque
2019 3521 2092 3593 illis

67 3618 192 3691 ledum
207 3642 332 3691 causas
340 3618 557 3694 Terentiano
574 3625 731 3709 carmine
743 3627 801 3696 vel
817 3626 1047 3711 illustrarent,
1100 3627 1185 3720 ipsis
1209 3624 1351 3714 ingenia
1375 3624 1420 3693 ad
1447 3623 1621 3692 severiora
1642 3624 1754 3693 veluti
1777 3648 1880 3693 amne
1903 3625 2030 3695 comite
2046 3624 2092 3695 ad

10 3744 19 3767 ·
68 3716 113 3789 vel
129 3732 344 3795 uitanntur.
395 3717 557 3815 opinor,
583 3728 679 3820 quod
702 3728 749 3798 ita
766 3729 948 3824 quondam
966 3752 1048 3798 ora·
1098 3751 1196 3797 mare
1215 3726 1298 3795 duci
1320 3726 1445 3798 solent.
1497 3722 1595 3793 Fieri
1617 3739 1735 3795 autem
1757 3724 1794 3794 id
1814 3739 2015 3818 putatiir'eo
2034 3726 2092 3795 di·-

10 3804 145 3891 ’Ἕω
171 3818 307 3893 Gracci
327 3825 459 3896 multas
488 3826 667 3899 bonorum
697 3845 901 3923 poematum
930 3842 1047 3923 partes
1100 3829 1205 3900 cendi
1226 3828 1286 3897 lile
1307 3826 1518 3910 rectissime,
1543 3851 1613 3920 quo
1631 3840 1814 3896 contextus
1834 3840 1885 3897 est
1901 3824 1960 3897 hic
1975 3852 2090 3897 sermo

10 3933 27 3958 ²
480 3944 483 3949 '
1016 3954 1030 3988 s
1099 3931 1235 4000 nitidus
1250 3929 1406 4019 prolecto
1422 3940 1457 3996 et
1471 3928 1674 4017 castigatus,
1697 3953 1735 3997 ac
1758 3927 1802 3996 ad
1819 3934 2092 4021 comparandam

10 4036 30 4123 ἵ
109 4056 312 4127 ⁸)bleleiitbon
326 4056 571 4131 locisquibiisdam
588 4062 772 4121 exPrisciano
787 4067 814 4122 in
832 4068 884 4122 fine
897 4067 976 4124 buius
989 4069 1048 4124 edi·
1101 4032 1359 4124 eloquentiam
1393 4052 1482 4121 ‘luae
1503 4029 1639 4098 donum
1661 4043 1712 4099 ⁰⁸l
1735 4031 1899 4114 ‘immin’
1932 4032 2108 4127 apprime.

10 4140 31 4177 ι
153 4124 237 4181 donis
259 4127 296 4180 iis
316 4126 450 4198 praetatus
470 4139 527 4184 esi:
556 4130 624 4195 „Ad
641 4134 794 4189 tectorem.
830 4136 902 4193 ttaee
923 4137 996 4201 toea,
1017 4149 1047 4192 ui
1099 4134 1209 4206 utilis.
1259 4126 1319 4203 Ad
1340 4153 1449 4224 quam
1469 4128 1523 4199 nti
1538 4130 1674 4202 debetis
1689 4144 1781 4200 certe
1805 4132 1887 4201 totis
1903 4133 2012 4200 animi
2031 4159 2092 4205 co·

20 4218 34 4275 ‘a
155 4194 1047 4385 {gijffirffifssefffffflmdffi’,glssslfjfflfgffi'ffissussss
1099 4236 1242 4304 natibus
1265 4246 1316 4301 est
1340 4229 1558 4305 enitendum.
1601 4228 1731 4301 Fertur
1754 4233 1849 4300 enim
1871 4231 1984 4303 aDiis
1999 4236 2092 4322 data,

192 4372 201 4395 ,
224 4330 260 4385 ut
278 4348 412 4388 viamen
425 4331 560 4389 Prisciani
579 4354 719 4400 recurras,
739 4357 879 4396 nicenum
893 4354 942 4399 eii.
977 4343 1045 4398 itam
1099 4352 1279 4409 uteorum
1299 4331 1560 4422 magnificentia
1585 4334 1630 4402 ab
1647 4328 1854 4403 hominibus
1876 4334 2092 4424 intelligere·

156 4418 428 4538 :limittit
450 4420 705 4543 destitisti
726 4407 1047 4535 {trististristis
1100 4453 1173 4509 tum
1200 4436 1238 4537 id
1261 4436 1356 4529 <iud
1374 4432 1594 4519 Mercurius
1619 4435 1791 4505 simonis
1813 4450 1954 4522 «auctor,
1980 4437 2092 4527 siani-
2152 4492 2155 4497 -

145 4534 361 4616 'templarium
382 4534 486 4618 ‘Quae
506 4538 529 4593 si
545 4540 658 4622 forsitan
679 4560 738 4596 non
757 4546 937 4625 undequaque
955 4561 1045 4603 noan
1098 4541 1201 4609 licare
1218 4536 1376 4620 videtur,
1398 4559 1419 4603 a
1436 4535 1631 4604 maioribus
1651 4538 1798 4607 deorum
1813 4538 1963 4607 nnntins
1983 4562 2091 4611 vene-

153 4622 214 4671 cqui
234 4615 285 4659 tuo
301 4602 445 4659 Prisciani)
463 4617 618 4679 supputatio
637 4612 808 4695 coilgruerit.
832 4617 934 4686 poteris
954 4617 1046 4672 labore

10 4670 34 4685 “
154 4671 243 4731 onnia
256 4671 377 4744 assequi.
413 4670 489 4742 Quid
501 4674 575 4729 enim
589 4696 646 4732 non
663 4679 761 4736 evincit
776 4678 864 4741 labor.
898 4683 968 4741 Vive
984 4684 1044 4740 loc·
1099 4655 1211 4724 ‘alus‘
1242 4638 1338 4732 quod
1364 4631 1408 4707 τὸ
1434 4629 1608 4760 [1015λῖμέ
1632 4640 1711 4743 τῶν
1734 4634 1840 4721 θεῶν
1855 4632 2112 4739 γινώσκομεν

37 4762 46 4799 f
155 4740 223 4798 Μ’·
256 4742 296 4797 F·
1099 4742 1139 4815 ix
1156 4744 1235 4812 τῶν
1253 4733 1509 4831 ἐνδεδομένων
1527 4763 1620 4831 ημιν
1636 4734 1733 4811 κατὰ
1755 4735 1824 4815 τὸν
1851 4732 1963 4838 λόγον
1989 4741 2089 4838 ἐνερ-

10 4847 44 4873 ··
117 4818 769 4951 ’ἦἅ·ἓὲιξῦθῗιᾞωῑῗίυζῃωῖἱΒαθῧδω*
791 4832 838 4886 ¹³¹³
860 4832 1046 4899 invisurum,
1096 4847 1219 4944 γενῶν,
1240 4856 1281 4911 ut
1298 4840 1393 4933 apud
1401 4831 1638 4909 Pharnacem
1651 4841 1791 4932 legitur.
1828 4840 2013 4912 Caetcnim
2026 4868 2090 4917 sos

302 4928 312 4956 ,
514 4931 522 4945 ·
607 4916 706 4952 ironiae
723 4918 767 4972 ep.
788 4901 811 4956 l.
832 4902 896 4957 Ani.
918 4922 934 4957 a
954 4903 1045 4959 Beue·

152 4892 222 5021 ἕξει
235 4962 329 5021 Anno
344 4910 443 5019 mdiu.
459 4958 493 5018 V.
501 4965 517 4992 ·’
541 4962 592 5020 iot.
647 4967 683 5023 F.
1097 4947 1275 5015 bonorum
1289 4942 1505 5035 praemium,
1531 4941 1609 5013 laus
1625 4956 1790 5038 expectat.
1828 4941 1961 5019 Valet'e.
