<?xml version="1.0" encoding="UTF-8"?>
<!DOCTYPE html PUBLIC "-//W3C//DTD XHTML 1.0 Transitional//EN"
    "http://www.w3.org/TR/xhtml1/DTD/xhtml1-transitional.dtd">
<html xmlns="http://www.w3.org/1999/xhtml" xml:lang="en" lang="en">
 <head>
  <title>
</title>
<meta http-equiv="Content-Type" content="text/html;charset=utf-8" />
  <meta name='ocr-system' content='tesseract 3.04.00' />
  <meta name='ocr-capabilities' content='ocr_page ocr_carea ocr_par ocr_line ocrx_word'/>
</head>
<body>
  <div class='ocr_page' id='page_1' title='image "./corpusreformato07melagoog/corpusreformato07melagoog_0093.png"; bbox 0 0 4500 5782; ppageno 0'>
   <div class='ocr_carea' id='block_1_1' title="bbox 173 162 1758 293">
    <p class='ocr_par' dir='ltr' id='par_1_1' title="bbox 173 162 1758 293">
     <span class='ocr_line' id='line_1_1' title="bbox 173 162 1758 293; baseline -0.013 -7"><span class='ocrx_word' id='word_1_1' title='bbox 173 227 295 293; x_wconf 66' lang='lat' dir='ltr'><strong>ann</strong></span> <span class='ocrx_word' id='word_1_2' title='bbox 675 191 948 277; x_wconf 72' lang='lat' dir='ltr'><strong>tarseus</strong></span> <span class='ocrx_word' id='word_1_3' title='bbox 979 189 1163 283; x_wconf 60' lang='lat' dir='ltr'><strong>vrrrau</strong></span> <span class='ocrx_word' id='word_1_4' title='bbox 1190 189 1325 270; x_wconf 80' lang='lat' dir='ltr'><strong>nun.</strong></span> <span class='ocrx_word' id='word_1_5' title='bbox 1394 190 1530 287; x_wconf 70' lang='lat' dir='ltr'><strong>isar.¹</strong></span> <span class='ocrx_word' id='word_1_6' title='bbox 1558 162 1688 269; x_wconf 80' lang='lat' dir='ltr'><strong>sore</strong></span> <span class='ocrx_word' id='word_1_7' title='bbox 1749 190 1758 199; x_wconf 70' lang='grc'><em>’</em></span> 
     </span>
    </p>
   </div>
   <div class='ocr_carea' id='block_1_2' title="bbox 177 371 2232 4134">
    <p class='ocr_par' dir='ltr' id='par_1_2' title="bbox 177 371 2232 4134">
     <span class='ocr_line' id='line_1_2' title="bbox 192 371 2194 470; baseline -0.006 -18"><span class='ocrx_word' id='word_1_8' title='bbox 192 381 258 437; x_wconf 61' lang='grc' dir='ltr'><strong>(Μ</strong></span> <span class='ocrx_word' id='word_1_9' title='bbox 281 386 463 470; x_wconf 60' lang='lat' dir='ltr'><strong>‘Comperiu</strong></span> <span class='ocrx_word' id='word_1_10' title='bbox 482 380 661 465; x_wconf 69' lang='lat' dir='ltr'><strong>Agricolam</strong></span> <span class='ocrx_word' id='word_1_11' title='bbox 673 377 761 441; x_wconf 85' lang='lat' dir='ltr'><strong>valde</strong></span> <span class='ocrx_word' id='word_1_12' title='bbox 772 374 987 462; x_wconf 80' lang='lat' dir='ltr'><strong>reprehendere</strong></span> <span class='ocrx_word' id='word_1_13' title='bbox 999 376 1111 436; x_wconf 87' lang='lat' dir='ltr'><strong>librum</strong></span> <span class='ocrx_word' id='word_1_14' title='bbox 1125 375 1315 452; x_wconf 69' lang='lat' dir='ltr'><strong>visitationis,</strong></span> <span class='ocrx_word' id='word_1_15' title='bbox 1343 377 1429 436; x_wconf 88' lang='lat' dir='ltr'><strong>cnius</strong></span> <span class='ocrx_word' id='word_1_16' title='bbox 1443 374 1589 456; x_wconf 84' lang='lat' dir='ltr'><strong>quaedam</strong></span> <span class='ocrx_word' id='word_1_17' title='bbox 1601 374 1701 435; x_wconf 80' lang='lat' dir='ltr'><strong>forma</strong></span> <span class='ocrx_word' id='word_1_18' title='bbox 1714 374 1811 436; x_wconf 91' lang='lat' dir='ltr'><strong>invlto</strong></span> <span class='ocrx_word' id='word_1_19' title='bbox 1823 371 2019 437; x_wconf 82' lang='lat' dir='ltr'><strong>Malantbone</strong></span> <span class='ocrx_word' id='word_1_20' title='bbox 2033 374 2194 459; x_wconf 87' lang='lat' dir='ltr'><strong>prodierat.</strong></span> 
     </span>
     <span class='ocr_line' id='line_1_3' title="bbox 283 454 1488 559; baseline -0.012 -5"><span class='ocrx_word' id='word_1_21' title='bbox 283 454 388 554; x_wconf 66' lang='lat' dir='ltr'><strong>lim</strong></span> <span class='ocrx_word' id='word_1_22' title='bbox 401 501 465 551; x_wconf 85' lang='lat' dir='ltr'><strong>erat</strong></span> <span class='ocrx_word' id='word_1_23' title='bbox 476 483 650 551; x_wconf 73' lang='lat' dir='ltr'><strong>Lusum</strong></span> <span class='ocrx_word' id='word_1_24' title='bbox 663 484 842 545; x_wconf 82' lang='lat' dir='ltr'><strong>sententiam</strong></span> <span class='ocrx_word' id='word_1_25' title='bbox 856 499 942 541; x_wconf 91' lang='lat' dir='ltr'><strong>suam</strong></span> <span class='ocrx_word' id='word_1_26' title='bbox 956 477 993 541; x_wconf 89' lang='lat' dir='ltr'><strong>de</strong></span> <span class='ocrx_word' id='word_1_27' title='bbox 1006 478 1191 559; x_wconf 87' lang='lat' dir='ltr'><strong>poenitentia</strong></span> <span class='ocrx_word' id='word_1_28' title='bbox 1205 477 1385 538; x_wconf 79' lang='lat' dir='ltr'><strong>retractasse·</strong></span> <span class='ocrx_word' id='word_1_29' title='bbox 1484 532 1488 539; x_wconf 89' lang='lat'><strong>.</strong></span> 
     </span>
     <span class='ocr_line' id='line_1_4' title="bbox 195 574 1625 665; baseline -0.013 -7"><span class='ocrx_word' id='word_1_30' title='bbox 195 604 252 665; x_wconf 76' lang='lat'><strong>12.</strong></span> <span class='ocrx_word' id='word_1_31' title='bbox 295 591 450 657; x_wconf 85' lang='lat' dir='ltr'><strong>Lntherus</strong></span> <span class='ocrx_word' id='word_1_32' title='bbox 463 591 593 650; x_wconf 83' lang='lat' dir='ltr'><strong>b&#39;berum</strong></span> <span class='ocrx_word' id='word_1_33' title='bbox 605 590 794 646; x_wconf 72' lang='lat' dir='ltr'><strong>visitatorum</strong></span> <span class='ocrx_word' id='word_1_34' title='bbox 811 603 881 643; x_wconf 89' lang='lat' dir='ltr'><strong>eum</strong></span> <span class='ocrx_word' id='word_1_35' title='bbox 896 601 949 642; x_wconf 91' lang='lat' dir='ltr'><strong>sua</strong></span> <span class='ocrx_word' id='word_1_36' title='bbox 966 601 1088 642; x_wconf 90' lang='lat' dir='ltr'><strong>censura</strong></span> <span class='ocrx_word' id='word_1_37' title='bbox 1101 582 1195 640; x_wconf 87' lang='lat' dir='ltr'><strong>mittit</strong></span> <span class='ocrx_word' id='word_1_38' title='bbox 1209 578 1247 638; x_wconf 91' lang='lat' dir='ltr'><strong>ad</strong></span> <span class='ocrx_word' id='word_1_39' title='bbox 1261 574 1432 660; x_wconf 76' lang='lat' dir='ltr'><strong>Principem</strong></span> <span class='ocrx_word' id='word_1_40' title='bbox 1444 574 1625 665; x_wconf 82' lang='lat' dir='ltr'><strong>Electorem.</strong></span> 
     </span>
     <span class='ocr_line' id='line_1_5' title="bbox 196 677 2116 771; baseline -0.009 -13"><span class='ocrx_word' id='word_1_41' title='bbox 196 707 253 769; x_wconf 77' lang='lat'><strong>19.</strong></span> <span class='ocrx_word' id='word_1_42' title='bbox 296 695 391 759; x_wconf 76' lang='lat' dir='ltr'><strong>liittit</strong></span> <span class='ocrx_word' id='word_1_43' title='bbox 406 690 583 754; x_wconf 77' lang='lat' dir='ltr'><strong>blelanthon</strong></span> <span class='ocrx_word' id='word_1_44' title='bbox 596 685 752 771; x_wconf 78' lang='lat' dir='ltr'><strong>spalatino</strong></span> <span class='ocrx_word' id='word_1_45' title='bbox 766 686 1015 747; x_wconf 88' lang='lat' dir='ltr'><strong>commentarium</strong></span> <span class='ocrx_word' id='word_1_46' title='bbox 1030 687 1062 743; x_wconf 92' lang='lat' dir='ltr'><strong>iu</strong></span> <span class='ocrx_word' id='word_1_47' title='bbox 1075 677 1286 759; x_wconf 82' lang='lat' dir='ltr'><strong>Colossenses,</strong></span> <span class='ocrx_word' id='word_1_48' title='bbox 1309 694 1338 741; x_wconf 91' lang='lat' dir='ltr'><strong>et</strong></span> <span class='ocrx_word' id='word_1_49' title='bbox 1354 685 1517 760; x_wconf 74' lang='lat' dir='ltr'><strong>imaginem</strong></span> <span class='ocrx_word' id='word_1_50' title='bbox 1531 700 1617 740; x_wconf 88' lang='lat' dir='ltr'><strong>suam</strong></span> <span class='ocrx_word' id='word_1_51' title='bbox 1633 681 1798 764; x_wconf 85' lang='lat' dir='ltr'><strong>aquodam</strong></span> <span class='ocrx_word' id='word_1_52' title='bbox 1811 685 1920 745; x_wconf 82' lang='lat' dir='ltr'><strong>artifice</strong></span> <span class='ocrx_word' id='word_1_53' title='bbox 1934 684 2116 766; x_wconf 84' lang='lat' dir='ltr'><strong>expres&#39;sam.</strong></span> 
     </span>
     <span class='ocr_line' id='line_1_6' title="bbox 194 793 767 871; baseline -0.024 -10"><span class='ocrx_word' id='word_1_54' title='bbox 194 808 254 871; x_wconf 75' lang='lat'><strong>27.</strong></span> <span class='ocrx_word' id='word_1_55' title='bbox 297 796 474 861; x_wconf 73' lang='lat' dir='ltr'><strong>dlelmthon</strong></span> <span class='ocrx_word' id='word_1_56' title='bbox 489 793 609 863; x_wconf 82' lang='lat' dir='ltr'><strong>cholica</strong></span> <span class='ocrx_word' id='word_1_57' title='bbox 624 801 767 870; x_wconf 77' lang='lat' dir='ltr'><strong>aegrotat.</strong></span> 
     </span>
     <span class='ocr_line' id='line_1_7' title="bbox 187 881 2232 985; baseline -0.007 -23"><span class='ocrx_word' id='word_1_58' title='bbox 187 925 260 985; x_wconf 53' lang='grc' dir='ltr'><strong>μω,</strong></span> <span class='ocrx_word' id='word_1_59' title='bbox 294 897 422 963; x_wconf 82' lang='lat' dir='ltr'><strong>Inerrnte</strong></span> <span class='ocrx_word' id='word_1_60' title='bbox 437 893 517 958; x_wconf 90' lang='lat' dir='ltr'><strong>Nov.</strong></span> <span class='ocrx_word' id='word_1_61' title='bbox 531 892 709 957; x_wconf 82' lang='lat' dir='ltr'><strong>Melanthon</strong></span> <span class='ocrx_word' id='word_1_62' title='bbox 724 891 825 951; x_wconf 87' lang='lat' dir='ltr'><strong>scribit</strong></span> <span class='ocrx_word' id='word_1_63' title='bbox 842 890 1001 970; x_wconf 85' lang='lat' dir='ltr'><strong>epistolam</strong></span> <span class='ocrx_word' id='word_1_64' title='bbox 1024 885 1063 946; x_wconf 90' lang='lat' dir='ltr'><strong>ad</strong></span> <span class='ocrx_word' id='word_1_65' title='bbox 1077 882 1272 965; x_wconf 77' lang='lat' dir='ltr'><strong>Agricolam,</strong></span> <span class='ocrx_word' id='word_1_66' title='bbox 1306 886 1450 968; x_wconf 84' lang='lat' dir='ltr'><strong>illamqua</strong></span> <span class='ocrx_word' id='word_1_67' title='bbox 1472 889 1502 945; x_wconf 91' lang='lat' dir='ltr'><strong>ei</strong></span> <span class='ocrx_word' id='word_1_68' title='bbox 1522 888 1617 946; x_wconf 88' lang='lat' dir='ltr'><strong>mittit</strong></span> <span class='ocrx_word' id='word_1_69' title='bbox 1638 906 1691 967; x_wconf 91' lang='lat' dir='ltr'><strong>per</strong></span> <span class='ocrx_word' id='word_1_70' title='bbox 1706 881 1897 965; x_wconf 87' lang='lat' dir='ltr'><strong>Lutherum,</strong></span> <span class='ocrx_word' id='word_1_71' title='bbox 1929 890 2044 971; x_wconf 87' lang='lat' dir='ltr'><strong>inqua</strong></span> <span class='ocrx_word' id='word_1_72' title='bbox 2067 888 2195 949; x_wconf 76' lang='lat' dir='ltr'><strong>relirtnra</strong></span> <span class='ocrx_word' id='word_1_73' title='bbox 2227 966 2232 975; x_wconf 33' lang='grc'>1</span> 
     </span>
     <span class='ocr_line' id='line_1_8' title="bbox 346 983 2195 1080; baseline -0.005 -19"><span class='ocrx_word' id='word_1_74' title='bbox 346 998 444 1062; x_wconf 89' lang='lat' dir='ltr'><strong>studet</strong></span> <span class='ocrx_word' id='word_1_75' title='bbox 457 1018 509 1072; x_wconf 88' lang='lat' dir='ltr'><strong>ea,</strong></span> <span class='ocrx_word' id='word_1_76' title='bbox 543 1017 619 1080; x_wconf 89' lang='lat' dir='ltr'><strong>quae</strong></span> <span class='ocrx_word' id='word_1_77' title='bbox 634 993 779 1074; x_wconf 80' lang='lat' dir='ltr'><strong>Agricola</strong></span> <span class='ocrx_word' id='word_1_78' title='bbox 792 1004 896 1054; x_wconf 89' lang='lat' dir='ltr'><strong>contra</strong></span> <span class='ocrx_word' id='word_1_79' title='bbox 911 986 983 1052; x_wconf 81' lang='lat' dir='ltr'><strong>Mel.</strong></span> <span class='ocrx_word' id='word_1_80' title='bbox 1001 987 1169 1049; x_wconf 86' lang='lat' dir='ltr'><strong>doctrinam</strong></span> <span class='ocrx_word' id='word_1_81' title='bbox 1185 986 1222 1047; x_wconf 89' lang='lat' dir='ltr'><strong>de</strong></span> <span class='ocrx_word' id='word_1_82' title='bbox 1241 990 1425 1069; x_wconf 84' lang='lat' dir='ltr'><strong>poenitentia</strong></span> <span class='ocrx_word' id='word_1_83' title='bbox 1447 1000 1614 1048; x_wconf 82' lang='lat' dir='ltr'><strong>monuerat.</strong></span> <span class='ocrx_word' id='word_1_84' title='bbox 1666 983 1779 1049; x_wconf 86' lang='lat' dir='ltr'><strong>Eadem</strong></span> <span class='ocrx_word' id='word_1_85' title='bbox 1799 988 1840 1049; x_wconf 88' lang='lat' dir='ltr'><strong>de</strong></span> <span class='ocrx_word' id='word_1_86' title='bbox 1861 1011 1893 1048; x_wconf 92' lang='lat' dir='ltr'><strong>re</strong></span> <span class='ocrx_word' id='word_1_87' title='bbox 1913 987 2093 1051; x_wconf 82' lang='lat' dir='ltr'><strong>sententiam</strong></span> <span class='ocrx_word' id='word_1_88' title='bbox 2113 994 2195 1051; x_wconf 76' lang='lat' dir='ltr'><strong>raim</strong></span> 
     </span>
     <span class='ocr_line' id='line_1_9' title="bbox 347 1082 2189 1181; baseline -0.014 -18"><span class='ocrx_word' id='word_1_89' title='bbox 347 1104 449 1163; x_wconf 78' lang='lat' dir='ltr'><strong>scribit</strong></span> <span class='ocrx_word' id='word_1_90' title='bbox 463 1096 551 1181; x_wconf 81' lang='lat' dir='ltr'><strong>Casp.</strong></span> <span class='ocrx_word' id='word_1_91' title='bbox 567 1095 710 1180; x_wconf 63' lang='lat' dir='ltr'><strong>Aquilia·</strong></span> <span class='ocrx_word' id='word_1_92' title='bbox 1641 1095 1647 1103; x_wconf 87' lang='lat'>&#39;</span> <span class='ocrx_word' id='word_1_93' title='bbox 1787 1094 1803 1100; x_wconf 87' lang='lat'><strong>&#39;&#39;</strong></span> <span class='ocrx_word' id='word_1_94' title='bbox 2003 1090 2007 1098; x_wconf 87' lang='grc'><strong>’</strong></span> <span class='ocrx_word' id='word_1_95' title='bbox 2184 1082 2189 1091; x_wconf 85' lang='grc'><em>“</em></span> 
     </span>
     <span class='ocr_line' id='line_1_10' title="bbox 195 1190 1428 1285; baseline -0.015 -18"><span class='ocrx_word' id='word_1_96' title='bbox 195 1218 251 1278; x_wconf 78' lang='lat'><strong>12.</strong></span> <span class='ocrx_word' id='word_1_97' title='bbox 296 1190 451 1265; x_wconf 63' lang='lat' dir='ltr'><strong>Adversui</strong></span> <span class='ocrx_word' id='word_1_98' title='bbox 467 1199 679 1281; x_wconf 87' lang='lat' dir='ltr'><strong>Anabaptistas</strong></span> <span class='ocrx_word' id='word_1_99' title='bbox 694 1199 820 1258; x_wconf 89' lang='lat' dir='ltr'><strong>scribere</strong></span> <span class='ocrx_word' id='word_1_100' title='bbox 833 1196 976 1256; x_wconf 85' lang='lat' dir='ltr'><strong>decernit.</strong></span> <span class='ocrx_word' id='word_1_101' title='bbox 1420 1262 1428 1285; x_wconf 40' lang='grc' dir='ltr'><strong>ὅ</strong></span> 
     </span>
     <span class='ocr_line' id='line_1_11' title="bbox 194 1293 1434 1389; baseline -0.01 -20"><span class='ocrx_word' id='word_1_102' title='bbox 194 1315 252 1379; x_wconf 82' lang='grc'><strong>17.</strong></span> <span class='ocrx_word' id='word_1_103' title='bbox 297 1304 539 1389; x_wconf 73' lang='lat' dir='ltr'><strong>Controversiam</strong></span> <span class='ocrx_word' id='word_1_104' title='bbox 552 1301 590 1363; x_wconf 91' lang='lat' dir='ltr'><strong>de</strong></span> <span class='ocrx_word' id='word_1_105' title='bbox 606 1320 698 1363; x_wconf 84' lang='lat' dir='ltr'><strong>coena</strong></span> <span class='ocrx_word' id='word_1_106' title='bbox 713 1318 813 1376; x_wconf 74' lang='lat' dir='ltr'><strong>mera,</strong></span> <span class='ocrx_word' id='word_1_107' title='bbox 839 1293 975 1377; x_wconf 85' lang='lat' dir='ltr'><strong>Goburgi</strong></span> <span class='ocrx_word' id='word_1_108' title='bbox 992 1308 1103 1373; x_wconf 73' lang='lat' dir='ltr'><strong>onam,</strong></span> <span class='ocrx_word' id='word_1_109' title='bbox 1131 1316 1310 1378; x_wconf 83' lang='lat' dir='ltr'><strong>componere</strong></span> <span class='ocrx_word' id='word_1_110' title='bbox 1326 1297 1434 1358; x_wconf 81' lang='lat' dir='ltr'><strong>studet.</strong></span> 
     </span>
     <span class='ocr_line' id='line_1_12' title="bbox 195 1380 1441 1485; baseline -0.015 -14"><span class='ocrx_word' id='word_1_111' title='bbox 195 1416 250 1479; x_wconf 81' lang='lat'><strong>18.</strong></span> <span class='ocrx_word' id='word_1_112' title='bbox 295 1404 333 1469; x_wconf 89' lang='lat' dir='ltr'><strong>In</strong></span> <span class='ocrx_word' id='word_1_113' title='bbox 346 1411 447 1469; x_wconf 88' lang='lat' dir='ltr'><strong>aulam</strong></span> <span class='ocrx_word' id='word_1_114' title='bbox 460 1417 584 1466; x_wconf 88' lang='lat' dir='ltr'><strong>vocatur</strong></span> <span class='ocrx_word' id='word_1_115' title='bbox 597 1414 720 1485; x_wconf 90' lang='lat' dir='ltr'><strong>propter</strong></span> <span class='ocrx_word' id='word_1_116' title='bbox 733 1404 951 1482; x_wconf 77' lang='lat' dir='ltr'><strong>inspectionem</strong></span> <span class='ocrx_word' id='word_1_117' title='bbox 969 1396 1181 1460; x_wconf 85' lang='lat' dir='ltr'><strong>Ecclesiarnm.</strong></span> <span class='ocrx_word' id='word_1_118' title='bbox 1438 1380 1441 1387; x_wconf 42' lang='lat'><em>¹</em></span> 
     </span>
     <span class='ocr_line' id='line_1_13' title="bbox 177 1497 2196 1592; baseline -0.012 -9"><span class='ocrx_word' id='word_1_119' title='bbox 177 1516 279 1583; x_wconf 76' lang='lat'><strong>20-30</strong></span> <span class='ocrx_word' id='word_1_120' title='bbox 299 1509 429 1584; x_wconf 75' lang='lat' dir='ltr'><strong>Torgom</strong></span> <span class='ocrx_word' id='word_1_121' title='bbox 453 1509 650 1589; x_wconf 87' lang='lat' dir='ltr'><strong>proficiscitur</strong></span> <span class='ocrx_word' id='word_1_122' title='bbox 665 1501 841 1564; x_wconf 81' lang='lat' dir='ltr'><strong>blelantbou</strong></span> <span class='ocrx_word' id='word_1_123' title='bbox 864 1502 900 1560; x_wconf 90' lang='lat' dir='ltr'><strong>ad</strong></span> <span class='ocrx_word' id='word_1_124' title='bbox 923 1501 1195 1580; x_wconf 81' lang='lat' dir='ltr'><strong>recognoscendum</strong></span> <span class='ocrx_word' id='word_1_125' title='bbox 1220 1502 1332 1592; x_wconf 70' lang='lat' dir='ltr'><strong>librum</strong></span> <span class='ocrx_word' id='word_1_126' title='bbox 1353 1504 1541 1561; x_wconf 78' lang='lat' dir='ltr'><strong>visitationis.</strong></span> <span class='ocrx_word' id='word_1_127' title='bbox 1612 1498 1658 1562; x_wconf 83' lang='lat' dir='ltr'><strong>Eo</strong></span> <span class='ocrx_word' id='word_1_128' title='bbox 1684 1514 1827 1590; x_wconf 62' lang='lat' dir='ltr'><strong>vpnerunt</strong></span> <span class='ocrx_word' id='word_1_129' title='bbox 1850 1497 1999 1562; x_wconf 63' lang='lat' dir='ltr'><strong>attens</strong></span> <span class='ocrx_word' id='word_1_130' title='bbox 2023 1514 2196 1587; x_wconf 71' lang='lat' dir='ltr'><strong>quoquest</strong></span> 
     </span>
     <span class='ocr_line' id='line_1_14' title="bbox 347 1599 2197 1688; baseline -0.002 -18"><span class='ocrx_word' id='word_1_131' title='bbox 347 1608 506 1685; x_wconf 73' lang='lat' dir='ltr'><strong>Agricola.</strong></span> <span class='ocrx_word' id='word_1_132' title='bbox 557 1605 781 1688; x_wconf 76' lang='lat' dir='ltr'><strong>colloquuntur</strong></span> <span class='ocrx_word' id='word_1_133' title='bbox 796 1601 974 1664; x_wconf 75' lang='lat' dir='ltr'><strong>Melanthea</strong></span> <span class='ocrx_word' id='word_1_134' title='bbox 988 1616 1017 1663; x_wconf 90' lang='lat' dir='ltr'><strong>et</strong></span> <span class='ocrx_word' id='word_1_135' title='bbox 1030 1601 1178 1682; x_wconf 77' lang='lat' dir='ltr'><strong>Agricola</strong></span> <span class='ocrx_word' id='word_1_136' title='bbox 1197 1601 1235 1661; x_wconf 92' lang='lat' dir='ltr'><strong>de</strong></span> <span class='ocrx_word' id='word_1_137' title='bbox 1258 1601 1394 1663; x_wconf 87' lang='lat' dir='ltr'><strong>doctrina</strong></span> <span class='ocrx_word' id='word_1_138' title='bbox 1420 1602 1456 1663; x_wconf 90' lang='lat' dir='ltr'><strong>de</strong></span> <span class='ocrx_word' id='word_1_139' title='bbox 1479 1605 1665 1683; x_wconf 86' lang='lat' dir='ltr'><strong>poenitentia</strong></span> <span class='ocrx_word' id='word_1_140' title='bbox 1688 1602 1770 1663; x_wconf 88' lang='lat' dir='ltr'><strong>etde</strong></span> <span class='ocrx_word' id='word_1_141' title='bbox 1789 1607 1828 1665; x_wconf 90' lang='lat' dir='ltr'><strong>iis</strong></span> <span class='ocrx_word' id='word_1_142' title='bbox 1851 1623 1926 1688; x_wconf 86' lang='lat' dir='ltr'><strong>quae</strong></span> <span class='ocrx_word' id='word_1_143' title='bbox 1939 1599 2086 1684; x_wconf 80' lang='lat' dir='ltr'><strong>Agricola</strong></span> <span class='ocrx_word' id='word_1_144' title='bbox 2102 1608 2137 1665; x_wconf 91' lang='lat' dir='ltr'><strong>in</strong></span> <span class='ocrx_word' id='word_1_145' title='bbox 2156 1608 2197 1666; x_wconf 92' lang='lat' dir='ltr'><strong>li·</strong></span> 
     </span>
     <span class='ocr_line' id='line_1_15' title="bbox 348 1700 2198 1792; baseline -0.002 -20"><span class='ocrx_word' id='word_1_146' title='bbox 348 1717 428 1772; x_wconf 90' lang='lat' dir='ltr'><strong>beilo</strong></span> <span class='ocrx_word' id='word_1_147' title='bbox 444 1730 555 1791; x_wconf 79' lang='lat' dir='ltr'><strong>parvo,</strong></span> <span class='ocrx_word' id='word_1_148' title='bbox 581 1709 664 1792; x_wconf 90' lang='lat' dir='ltr'><strong>quod</strong></span> <span class='ocrx_word' id='word_1_149' title='bbox 676 1711 771 1767; x_wconf 87' lang='lat' dir='ltr'><strong>inscio</strong></span> <span class='ocrx_word' id='word_1_150' title='bbox 788 1702 984 1764; x_wconf 85' lang='lat' dir='ltr'><strong>lllelantboue</strong></span> <span class='ocrx_word' id='word_1_151' title='bbox 998 1709 1090 1786; x_wconf 93' lang='lat' dir='ltr'><strong>paulo</strong></span> <span class='ocrx_word' id='word_1_152' title='bbox 1105 1715 1174 1765; x_wconf 91' lang='lat' dir='ltr'><strong>ante</strong></span> <span class='ocrx_word' id='word_1_153' title='bbox 1188 1703 1357 1785; x_wconf 83' lang='lat' dir='ltr'><strong>prodierat,</strong></span> <span class='ocrx_word' id='word_1_154' title='bbox 1382 1707 1513 1765; x_wconf 80' lang='lat' dir='ltr'><strong>taxabat.</strong></span> <span class='ocrx_word' id='word_1_155' title='bbox 1566 1701 1677 1766; x_wconf 87' lang='lat' dir='ltr'><strong>Totam</strong></span> <span class='ocrx_word' id='word_1_156' title='bbox 1693 1726 1756 1764; x_wconf 89' lang='lat' dir='ltr'><strong>rem</strong></span> <span class='ocrx_word' id='word_1_157' title='bbox 1769 1719 1868 1766; x_wconf 89' lang='lat' dir='ltr'><strong>narrat</strong></span> <span class='ocrx_word' id='word_1_158' title='bbox 1882 1700 2062 1767; x_wconf 86' lang='lat' dir='ltr'><strong>Melanthon</strong></span> <span class='ocrx_word' id='word_1_159' title='bbox 2078 1710 2146 1789; x_wconf 86' lang='lat' dir='ltr'><strong>ipsa</strong></span> <span class='ocrx_word' id='word_1_160' title='bbox 2164 1709 2198 1769; x_wconf 86' lang='lat' dir='ltr'><strong>iu</strong></span> 
     </span>
     <span class='ocr_line' id='line_1_16' title="bbox 349 1798 2197 1895; baseline -0.002 -21"><span class='ocrx_word' id='word_1_161' title='bbox 349 1816 484 1895; x_wconf 89' lang='lat' dir='ltr'><strong>epistolis</strong></span> <span class='ocrx_word' id='word_1_162' title='bbox 500 1811 530 1871; x_wconf 88' lang='lat' dir='ltr'><strong>d.</strong></span> <span class='ocrx_word' id='word_1_163' title='bbox 550 1816 605 1876; x_wconf 90' lang='lat'><strong>10.</strong></span> <span class='ocrx_word' id='word_1_164' title='bbox 627 1813 684 1876; x_wconf 84' lang='lat'><strong>18.</strong></span> <span class='ocrx_word' id='word_1_165' title='bbox 704 1803 868 1875; x_wconf 82' lang='lat' dir='ltr'><strong>20·Decb.</strong></span> <span class='ocrx_word' id='word_1_166' title='bbox 886 1806 924 1866; x_wconf 90' lang='lat' dir='ltr'><strong>ad</strong></span> <span class='ocrx_word' id='word_1_167' title='bbox 937 1809 1068 1884; x_wconf 90' lang='lat' dir='ltr'><strong>amicos,</strong></span> <span class='ocrx_word' id='word_1_168' title='bbox 1101 1811 1133 1865; x_wconf 91' lang='lat' dir='ltr'><strong>in</strong></span> <span class='ocrx_word' id='word_1_169' title='bbox 1155 1810 1259 1887; x_wconf 91' lang='lat' dir='ltr'><strong>primis</strong></span> <span class='ocrx_word' id='word_1_170' title='bbox 1281 1806 1317 1866; x_wconf 86' lang='lat' dir='ltr'><strong>ad</strong></span> <span class='ocrx_word' id='word_1_171' title='bbox 1333 1801 1439 1895; x_wconf 79' lang='lat' dir='ltr'><strong>lorsam</strong></span> <span class='ocrx_word' id='word_1_172' title='bbox 1455 1819 1485 1867; x_wconf 89' lang='lat' dir='ltr'><strong>et</strong></span> <span class='ocrx_word' id='word_1_173' title='bbox 1499 1803 1703 1868; x_wconf 75' lang='lat' dir='ltr'><strong>camerarium</strong></span> <span class='ocrx_word' id='word_1_174' title='bbox 1717 1810 1844 1888; x_wconf 89' lang='lat' dir='ltr'><strong>seriptis.</strong></span> <span class='ocrx_word' id='word_1_175' title='bbox 1867 1839 1919 1852; x_wconf 96' lang='lat'>—</span> <span class='ocrx_word' id='word_1_176' title='bbox 1967 1803 2129 1870; x_wconf 76' lang='lat' dir='ltr'><strong>Manifesta</strong></span> <span class='ocrx_word' id='word_1_177' title='bbox 2143 1798 2197 1870; x_wconf 80' lang='lat' dir='ltr'><strong>au·</strong></span> 
     </span>
     <span class='ocr_line' id='line_1_17' title="bbox 348 1904 2199 1993; baseline -0.002 -16"><span class='ocrx_word' id='word_1_178' title='bbox 348 1930 410 1977; x_wconf 91' lang='lat' dir='ltr'><strong>tem</strong></span> <span class='ocrx_word' id='word_1_179' title='bbox 425 1924 522 1974; x_wconf 91' lang='lat' dir='ltr'><strong>errant</strong></span> <span class='ocrx_word' id='word_1_180' title='bbox 537 1915 579 1989; x_wconf 89' lang='lat' dir='ltr'><strong>ii,</strong></span> <span class='ocrx_word' id='word_1_181' title='bbox 613 1913 666 1993; x_wconf 90' lang='lat' dir='ltr'><strong>qni</strong></span> <span class='ocrx_word' id='word_1_182' title='bbox 691 1921 797 1989; x_wconf 89' lang='lat' dir='ltr'><strong>putant</strong></span> <span class='ocrx_word' id='word_1_183' title='bbox 817 1908 899 1967; x_wconf 91' lang='lat' dir='ltr'><strong>huno</strong></span> <span class='ocrx_word' id='word_1_184' title='bbox 922 1920 1104 1968; x_wconf 88' lang='lat' dir='ltr'><strong>conventum</strong></span> <span class='ocrx_word' id='word_1_185' title='bbox 1121 1904 1356 1988; x_wconf 82' lang='lat' dir='ltr'><strong>Torgaviensem</strong></span> <span class='ocrx_word' id='word_1_186' title='bbox 1378 1912 1470 1968; x_wconf 86' lang='lat' dir='ltr'><strong>fuisse</strong></span> <span class='ocrx_word' id='word_1_187' title='bbox 1493 1930 1594 1968; x_wconf 89' lang='lat' dir='ltr'><strong>mense</strong></span> <span class='ocrx_word' id='word_1_188' title='bbox 1616 1907 1746 1991; x_wconf 87' lang='lat' dir='ltr'><strong>Septbri.</strong></span> <span class='ocrx_word' id='word_1_189' title='bbox 1798 1904 1873 1968; x_wconf 88' lang='lat' dir='ltr'><strong>Eius</strong></span> <span class='ocrx_word' id='word_1_190' title='bbox 1896 1913 2002 1970; x_wconf 88' lang='lat' dir='ltr'><strong>erroris</strong></span> <span class='ocrx_word' id='word_1_191' title='bbox 2028 1931 2117 1973; x_wconf 85' lang='lat' dir='ltr'><strong>causa</strong></span> <span class='ocrx_word' id='word_1_192' title='bbox 2140 1931 2199 1973; x_wconf 82' lang='lat' dir='ltr'><strong>uua</strong></span> 
     </span>
     <span class='ocr_line' id='line_1_18' title="bbox 349 2005 2198 2093; baseline -0.003 -14"><span class='ocrx_word' id='word_1_193' title='bbox 349 2030 466 2079; x_wconf 90' lang='lat' dir='ltr'><strong>tanturn</strong></span> <span class='ocrx_word' id='word_1_194' title='bbox 483 2027 543 2091; x_wconf 90' lang='lat' dir='ltr'><strong>est,</strong></span> <span class='ocrx_word' id='word_1_195' title='bbox 575 2013 714 2092; x_wconf 83' lang='lat' dir='ltr'><strong>videlicet</strong></span> <span class='ocrx_word' id='word_1_196' title='bbox 736 2014 863 2092; x_wconf 89' lang='lat' dir='ltr'><strong>epistola</strong></span> <span class='ocrx_word' id='word_1_197' title='bbox 877 2005 1080 2072; x_wconf 81' lang='lat' dir='ltr'><strong>illelantlronis</strong></span> <span class='ocrx_word' id='word_1_198' title='bbox 1096 2010 1134 2069; x_wconf 90' lang='lat' dir='ltr'><strong>ad</strong></span> <span class='ocrx_word' id='word_1_199' title='bbox 1148 2008 1369 2085; x_wconf 73' lang='lat' dir='ltr'><strong>camerarium,</strong></span> <span class='ocrx_word' id='word_1_200' title='bbox 1402 2031 1494 2093; x_wconf 87' lang='lat' dir='ltr'><strong>quom</strong></span> <span class='ocrx_word' id='word_1_201' title='bbox 1510 2009 1579 2068; x_wconf 88' lang='lat' dir='ltr'><strong>dedi</strong></span> <span class='ocrx_word' id='word_1_202' title='bbox 1594 2011 1623 2073; x_wconf 88' lang='lat' dir='ltr'><strong>d.</strong></span> <span class='ocrx_word' id='word_1_203' title='bbox 1644 2017 1701 2078; x_wconf 66' lang='grc' dir='ltr'><strong>ΞΟ.</strong></span> <span class='ocrx_word' id='word_1_204' title='bbox 1717 2006 1811 2071; x_wconf 88' lang='lat' dir='ltr'><strong>Deob.</strong></span> <span class='ocrx_word' id='word_1_205' title='bbox 1864 2007 1922 2070; x_wconf 89' lang='lat' dir='ltr'><strong>Illa</strong></span> <span class='ocrx_word' id='word_1_206' title='bbox 1944 2015 2025 2073; x_wconf 88' lang='lat' dir='ltr'><strong>enim</strong></span> <span class='ocrx_word' id='word_1_207' title='bbox 2046 2012 2114 2073; x_wconf 90' lang='lat' dir='ltr'><strong>data</strong></span> <span class='ocrx_word' id='word_1_208' title='bbox 2138 2032 2198 2074; x_wconf 82' lang='lat' dir='ltr'><strong>essa</strong></span> 
     </span>
     <span class='ocr_line' id='line_1_19' title="bbox 349 2098 2200 2193; baseline -0.004 -12"><span class='ocrx_word' id='word_1_209' title='bbox 349 2120 460 2181; x_wconf 90' lang='lat' dir='ltr'><strong>dicitur</strong></span> <span class='ocrx_word' id='word_1_210' title='bbox 474 2123 507 2178; x_wconf 92' lang='lat' dir='ltr'><strong>iu</strong></span> <span class='ocrx_word' id='word_1_211' title='bbox 527 2117 584 2174; x_wconf 84' lang='lat' dir='ltr'><strong>fine</strong></span> <span class='ocrx_word' id='word_1_212' title='bbox 609 2160 629 2191; x_wconf 90' lang='lat'><strong>‚,</strong></span> <span class='ocrx_word' id='word_1_213' title='bbox 639 2109 683 2174; x_wconf 90' lang='lat' dir='ltr'><strong>X.</strong></span> <span class='ocrx_word' id='word_1_214' title='bbox 699 2098 822 2175; x_wconf 82' lang='lat' dir='ltr'><strong>Culend.</strong></span> <span class='ocrx_word' id='word_1_215' title='bbox 839 2108 952 2171; x_wconf 88' lang='lat' dir='ltr'><strong>Novbr.</strong></span> <span class='ocrx_word' id='word_1_216' title='bbox 961 2111 990 2189; x_wconf 89' lang='lat'><strong>”,</strong></span> <span class='ocrx_word' id='word_1_217' title='bbox 1022 2115 1044 2172; x_wconf 92' lang='lat' dir='ltr'><strong>i.</strong></span> <span class='ocrx_word' id='word_1_218' title='bbox 1058 2134 1084 2170; x_wconf 90' lang='lat' dir='ltr'><strong>e.</strong></span> <span class='ocrx_word' id='word_1_219' title='bbox 1099 2111 1128 2170; x_wconf 92' lang='lat' dir='ltr'><strong>d.</strong></span> <span class='ocrx_word' id='word_1_220' title='bbox 1151 2117 1209 2178; x_wconf 79' lang='lat'><strong>28.</strong></span> <span class='ocrx_word' id='word_1_221' title='bbox 1224 2106 1376 2171; x_wconf 85' lang='lat' dir='ltr'><strong>Octobris.</strong></span> <span class='ocrx_word' id='word_1_222' title='bbox 1428 2106 1535 2189; x_wconf 86' lang='lat' dir='ltr'><strong>Quum</strong></span> <span class='ocrx_word' id='word_1_223' title='bbox 1557 2126 1656 2173; x_wconf 89' lang='lat' dir='ltr'><strong>autem</strong></span> <span class='ocrx_word' id='word_1_224' title='bbox 1677 2116 1709 2172; x_wconf 90' lang='lat' dir='ltr'><strong>in</strong></span> <span class='ocrx_word' id='word_1_225' title='bbox 1732 2132 1765 2171; x_wconf 90' lang='lat' dir='ltr'><strong>ea</strong></span> <span class='ocrx_word' id='word_1_226' title='bbox 1779 2108 1957 2177; x_wconf 85' lang='lat' dir='ltr'><strong>Melantbon</strong></span> <span class='ocrx_word' id='word_1_227' title='bbox 1981 2112 2078 2177; x_wconf 88' lang='lat' dir='ltr'><strong>dicat:</strong></span> <span class='ocrx_word' id='word_1_228' title='bbox 2113 2110 2200 2193; x_wconf 77' lang='lat' dir='ltr'><strong>„Fui</strong></span> 
     </span>
     <span class='ocr_line' id='line_1_20' title="bbox 319 2206 2199 2305; baseline -0.005 -21"><span class='ocrx_word' id='word_1_229' title='bbox 319 2300 322 2305; x_wconf 25' lang='grc' dir='ltr'><strong><em>Ι</em></strong></span> <span class='ocrx_word' id='word_1_230' title='bbox 350 2219 468 2300; x_wconf 85' lang='lat' dir='ltr'><strong>Torgae</strong></span> <span class='ocrx_word' id='word_1_231' title='bbox 489 2218 626 2297; x_wconf 77' lang='lat' dir='ltr'><strong>proximo</strong></span> <span class='ocrx_word' id='word_1_232' title='bbox 646 2206 779 2292; x_wconf 79' lang='lat' dir='ltr'><strong>mense”,</strong></span> <span class='ocrx_word' id='word_1_233' title='bbox 811 2225 974 2274; x_wconf 85' lang='lat' dir='ltr'><strong>conventus</strong></span> <span class='ocrx_word' id='word_1_234' title='bbox 995 2216 1047 2272; x_wconf 86' lang='lat' dir='ltr'><strong>ille</strong></span> <span class='ocrx_word' id='word_1_235' title='bbox 1067 2234 1169 2272; x_wconf 87' lang='lat' dir='ltr'><strong>mense</strong></span> <span class='ocrx_word' id='word_1_236' title='bbox 1191 2208 1278 2293; x_wconf 88' lang='lat' dir='ltr'><strong>Sptb.</strong></span> <span class='ocrx_word' id='word_1_237' title='bbox 1302 2213 1395 2274; x_wconf 80' lang='lat' dir='ltr'><strong>fuisse</strong></span> <span class='ocrx_word' id='word_1_238' title='bbox 1419 2214 1587 2296; x_wconf 89' lang='lat' dir='ltr'><strong>putabatur.</strong></span> <span class='ocrx_word' id='word_1_239' title='bbox 1644 2210 1689 2274; x_wconf 82' lang='lat' dir='ltr'><strong>At</strong></span> <span class='ocrx_word' id='word_1_240' title='bbox 1712 2218 1744 2274; x_wconf 88' lang='lat' dir='ltr'><strong>in</strong></span> <span class='ocrx_word' id='word_1_241' title='bbox 1765 2216 1827 2274; x_wconf 86' lang='lat' dir='ltr'><strong>illis</strong></span> <span class='ocrx_word' id='word_1_242' title='bbox 1843 2210 2032 2293; x_wconf 74' lang='lat' dir='ltr'><strong>verbis„X.</strong></span> <span class='ocrx_word' id='word_1_243' title='bbox 2051 2212 2118 2279; x_wconf 82' lang='lat' dir='ltr'><strong>Cal.</strong></span> <span class='ocrx_word' id='word_1_244' title='bbox 2132 2214 2199 2279; x_wconf 85' lang='lat' dir='ltr'><strong>No-</strong></span> 
     </span>
     <span class='ocr_line' id='line_1_21' title="bbox 315 2302 2200 2400; baseline -0.008 -15"><span class='ocrx_word' id='word_1_245' title='bbox 315 2308 318 2313; x_wconf 28' lang='lat'>·</span> <span class='ocrx_word' id='word_1_246' title='bbox 351 2319 474 2385; x_wconf 89' lang='lat' dir='ltr'><strong>vemb.”</strong></span> <span class='ocrx_word' id='word_1_247' title='bbox 497 2318 672 2380; x_wconf 85' lang='lat' dir='ltr'><strong>manifestus</strong></span> <span class='ocrx_word' id='word_1_248' title='bbox 687 2337 767 2375; x_wconf 90' lang='lat' dir='ltr'><strong>error</strong></span> <span class='ocrx_word' id='word_1_249' title='bbox 781 2312 984 2396; x_wconf 87' lang='lat' dir='ltr'><strong>agnoscendus</strong></span> <span class='ocrx_word' id='word_1_250' title='bbox 999 2328 1057 2392; x_wconf 83' lang='lat' dir='ltr'><strong>est,</strong></span> <span class='ocrx_word' id='word_1_251' title='bbox 1092 2328 1125 2375; x_wconf 88' lang='lat' dir='ltr'><strong>ut</strong></span> <span class='ocrx_word' id='word_1_252' title='bbox 1136 2314 1224 2375; x_wconf 80' lang='lat' dir='ltr'><strong>docet</strong></span> <span class='ocrx_word' id='word_1_253' title='bbox 1238 2318 1326 2376; x_wconf 86' lang='lat' dir='ltr'><strong>series</strong></span> <span class='ocrx_word' id='word_1_254' title='bbox 1343 2326 1371 2374; x_wconf 88' lang='lat' dir='ltr'><strong>et</strong></span> <span class='ocrx_word' id='word_1_255' title='bbox 1387 2328 1597 2396; x_wconf 82' lang='lat' dir='ltr'><strong>argumentum</strong></span> <span class='ocrx_word' id='word_1_256' title='bbox 1612 2302 1804 2398; x_wconf 87' lang='lat' dir='ltr'><strong>epistolarum</strong></span> <span class='ocrx_word' id='word_1_257' title='bbox 1820 2311 2043 2394; x_wconf 79' lang='lat' dir='ltr'><strong>Melanthcnis,</strong></span> <span class='ocrx_word' id='word_1_258' title='bbox 2075 2320 2200 2400; x_wconf 62' lang='lat' dir='ltr'><strong>potissi.</strong></span> 
     </span>
     <span class='ocr_line' id='line_1_22' title="bbox 351 2414 2201 2505; baseline -0.005 -19"><span class='ocrx_word' id='word_1_259' title='bbox 351 2447 436 2486; x_wconf 91' lang='lat' dir='ltr'><strong>mum</strong></span> <span class='ocrx_word' id='word_1_260' title='bbox 451 2425 577 2505; x_wconf 86' lang='lat' dir='ltr'><strong>epistola</strong></span> <span class='ocrx_word' id='word_1_261' title='bbox 591 2420 629 2481; x_wconf 92' lang='lat' dir='ltr'><strong>ad</strong></span> <span class='ocrx_word' id='word_1_262' title='bbox 641 2415 748 2480; x_wconf 86' lang='lat' dir='ltr'><strong>Iouam</strong></span> <span class='ocrx_word' id='word_1_263' title='bbox 762 2418 791 2477; x_wconf 94' lang='lat' dir='ltr'><strong>d.</strong></span> <span class='ocrx_word' id='word_1_264' title='bbox 809 2423 867 2485; x_wconf 80' lang='lat'><strong>20.</strong></span> <span class='ocrx_word' id='word_1_265' title='bbox 881 2414 987 2494; x_wconf 80' lang='lat' dir='ltr'><strong>Deob.,</strong></span> <span class='ocrx_word' id='word_1_266' title='bbox 1014 2437 1089 2500; x_wconf 89' lang='lat' dir='ltr'><strong>quae</strong></span> <span class='ocrx_word' id='word_1_267' title='bbox 1106 2438 1177 2478; x_wconf 91' lang='lat' dir='ltr'><strong>oum</strong></span> <span class='ocrx_word' id='word_1_268' title='bbox 1190 2436 1225 2476; x_wconf 90' lang='lat' dir='ltr'><strong>ea</strong></span> <span class='ocrx_word' id='word_1_269' title='bbox 1239 2416 1276 2476; x_wconf 89' lang='lat' dir='ltr'><strong>ad</strong></span> <span class='ocrx_word' id='word_1_270' title='bbox 1293 2415 1497 2480; x_wconf 76' lang='lat' dir='ltr'><strong>Cmerarium</strong></span> <span class='ocrx_word' id='word_1_271' title='bbox 1511 2418 1578 2479; x_wconf 89' lang='lat' dir='ltr'><strong>da&#39;ta</strong></span> <span class='ocrx_word' id='word_1_272' title='bbox 1591 2421 1624 2478; x_wconf 92' lang='lat' dir='ltr'><strong>in</strong></span> <span class='ocrx_word' id='word_1_273' title='bbox 1637 2422 1777 2500; x_wconf 89' lang='lat' dir='ltr'><strong>plurimis</strong></span> <span class='ocrx_word' id='word_1_274' title='bbox 1790 2416 1945 2497; x_wconf 80' lang='lat' dir='ltr'><strong>convenit,</strong></span> <span class='ocrx_word' id='word_1_275' title='bbox 1965 2432 1996 2480; x_wconf 86' lang='lat' dir='ltr'><strong>at</strong></span> <span class='ocrx_word' id='word_1_276' title='bbox 2011 2418 2094 2481; x_wconf 88' lang='lat' dir='ltr'><strong>hand</strong></span> <span class='ocrx_word' id='word_1_277' title='bbox 2109 2419 2201 2485; x_wconf 76' lang='lat' dir='ltr'><strong>dubia</strong></span> 
     </span>
     <span class='ocr_line' id='line_1_23' title="bbox 350 2513 2201 2606; baseline -0.004 -17"><span class='ocrx_word' id='word_1_278' title='bbox 350 2527 458 2589; x_wconf 87' lang='lat' dir='ltr'><strong>eodem</strong></span> <span class='ocrx_word' id='word_1_279' title='bbox 482 2538 616 2606; x_wconf 88' lang='lat' dir='ltr'><strong>tempore</strong></span> <span class='ocrx_word' id='word_1_280' title='bbox 640 2525 747 2602; x_wconf 85' lang='lat' dir='ltr'><strong>scripta</strong></span> <span class='ocrx_word' id='word_1_281' title='bbox 772 2532 825 2579; x_wconf 87' lang='lat' dir='ltr'><strong>est.</strong></span> <span class='ocrx_word' id='word_1_282' title='bbox 878 2513 963 2578; x_wconf 89' lang='lat' dir='ltr'><strong>Idem</strong></span> <span class='ocrx_word' id='word_1_283' title='bbox 987 2521 1164 2598; x_wconf 83' lang='lat' dir='ltr'><strong>intelligitur</strong></span> <span class='ocrx_word' id='word_1_284' title='bbox 1182 2540 1221 2578; x_wconf 88' lang='lat' dir='ltr'><strong>ex</strong></span> <span class='ocrx_word' id='word_1_285' title='bbox 1235 2523 1370 2599; x_wconf 88' lang='lat' dir='ltr'><strong>epistolis</strong></span> <span class='ocrx_word' id='word_1_286' title='bbox 1384 2514 1524 2581; x_wconf 85' lang='lat' dir='ltr'><strong>ertheri.</strong></span> <span class='ocrx_word' id='word_1_287' title='bbox 1575 2517 1682 2603; x_wconf 84' lang='lat' dir='ltr'><strong>Neque</strong></span> <span class='ocrx_word' id='word_1_288' title='bbox 1697 2524 1779 2605; x_wconf 83' lang='lat' dir='ltr'><strong>enirn</strong></span> <span class='ocrx_word' id='word_1_289' title='bbox 1794 2514 1948 2585; x_wconf 86' lang='lat' dir='ltr'><strong>Lutherus</strong></span> <span class='ocrx_word' id='word_1_290' title='bbox 1961 2517 2201 2605; x_wconf 54' lang='lat' dir='ltr'><strong>nequessbilip-</strong></span> 
     </span>
     <span class='ocr_line' id='line_1_24' title="bbox 351 2616 2201 2713; baseline -0.004 -24"><span class='ocrx_word' id='word_1_291' title='bbox 351 2651 408 2713; x_wconf 91' lang='lat' dir='ltr'><strong>pus</strong></span> <span class='ocrx_word' id='word_1_292' title='bbox 429 2631 555 2689; x_wconf 87' lang='lat' dir='ltr'><strong>verbum</strong></span> <span class='ocrx_word' id='word_1_293' title='bbox 577 2625 688 2685; x_wconf 80' lang='lat' dir='ltr'><strong>habent</strong></span> <span class='ocrx_word' id='word_1_294' title='bbox 711 2622 747 2683; x_wconf 92' lang='lat' dir='ltr'><strong>de</strong></span> <span class='ocrx_word' id='word_1_295' title='bbox 772 2634 922 2682; x_wconf 90' lang='lat' dir='ltr'><strong>conventu</strong></span> <span class='ocrx_word' id='word_1_296' title='bbox 946 2617 1144 2702; x_wconf 85' lang='lat' dir='ltr'><strong>Torgnviensi</strong></span> <span class='ocrx_word' id='word_1_297' title='bbox 1166 2641 1268 2680; x_wconf 87' lang='lat' dir='ltr'><strong>mense</strong></span> <span class='ocrx_word' id='word_1_298' title='bbox 1292 2616 1416 2703; x_wconf 71' lang='lat' dir='ltr'><strong>septb,</strong></span> <span class='ocrx_word' id='word_1_299' title='bbox 1458 2624 1487 2681; x_wconf 83' lang='lat' dir='ltr'><strong>et</strong></span> <span class='ocrx_word' id='word_1_300' title='bbox 1509 2616 1663 2682; x_wconf 89' lang='lat' dir='ltr'><strong>Lutberus</strong></span> <span class='ocrx_word' id='word_1_301' title='bbox 1688 2625 1753 2681; x_wconf 89' lang='lat' dir='ltr'><strong>eius</strong></span> <span class='ocrx_word' id='word_1_302' title='bbox 1776 2627 1962 2683; x_wconf 88' lang='lat' dir='ltr'><strong>mentionem</strong></span> <span class='ocrx_word' id='word_1_303' title='bbox 1982 2623 2106 2684; x_wconf 92' lang='lat' dir='ltr'><strong>demum</strong></span> <span class='ocrx_word' id='word_1_304' title='bbox 2127 2626 2201 2688; x_wconf 83' lang='lat' dir='ltr'><strong>facit</strong></span> 
     </span>
     <span class='ocr_line' id='line_1_25' title="bbox 352 2719 2201 2812; baseline -0.004 -20"><span class='ocrx_word' id='word_1_305' title='bbox 352 2738 385 2792; x_wconf 92' lang='lat' dir='ltr'><strong>in</strong></span> <span class='ocrx_word' id='word_1_306' title='bbox 398 2754 446 2812; x_wconf 90' lang='lat' dir='ltr'><strong>ep.</strong></span> <span class='ocrx_word' id='word_1_307' title='bbox 461 2730 491 2790; x_wconf 87' lang='lat' dir='ltr'><strong>d.</strong></span> <span class='ocrx_word' id='word_1_308' title='bbox 512 2735 567 2795; x_wconf 91' lang='lat'><strong>10.</strong></span> <span class='ocrx_word' id='word_1_309' title='bbox 582 2723 674 2787; x_wconf 90' lang='lat' dir='ltr'><strong>Decb.</strong></span> <span class='ocrx_word' id='word_1_310' title='bbox 692 2726 729 2784; x_wconf 91' lang='lat' dir='ltr'><strong>ad</strong></span> <span class='ocrx_word' id='word_1_311' title='bbox 743 2720 849 2784; x_wconf 86' lang='lat' dir='ltr'><strong>Ionam</strong></span> <span class='ocrx_word' id='word_1_312' title='bbox 864 2726 983 2804; x_wconf 87' lang='lat' dir='ltr'><strong>scripta.</strong></span> <span class='ocrx_word' id='word_1_313' title='bbox 1036 2720 1071 2782; x_wconf 91' lang='lat' dir='ltr'><strong>Si</strong></span> <span class='ocrx_word' id='word_1_314' title='bbox 1086 2735 1250 2783; x_wconf 90' lang='lat' dir='ltr'><strong>conventus</strong></span> <span class='ocrx_word' id='word_1_315' title='bbox 1266 2726 1318 2783; x_wconf 92' lang='lat' dir='ltr'><strong>ille</strong></span> <span class='ocrx_word' id='word_1_316' title='bbox 1335 2729 1394 2784; x_wconf 91' lang='lat' dir='ltr'><strong>iam</strong></span> <span class='ocrx_word' id='word_1_317' title='bbox 1410 2744 1511 2784; x_wconf 90' lang='lat' dir='ltr'><strong>mense</strong></span> <span class='ocrx_word' id='word_1_318' title='bbox 1521 2719 1624 2805; x_wconf 88' lang='lat' dir='ltr'><strong>Septb.</strong></span> <span class='ocrx_word' id='word_1_319' title='bbox 1641 2724 1757 2799; x_wconf 83' lang='lat' dir='ltr'><strong>fuisset,</strong></span> <span class='ocrx_word' id='word_1_320' title='bbox 1774 2719 1928 2786; x_wconf 87' lang='lat' dir='ltr'><strong>Lutlrerns</strong></span> <span class='ocrx_word' id='word_1_321' title='bbox 1942 2729 2028 2786; x_wconf 88' lang='lat' dir='ltr'><strong>nullo</strong></span> <span class='ocrx_word' id='word_1_322' title='bbox 2052 2732 2201 2808; x_wconf 81' lang='lat' dir='ltr'><strong>potuisset</strong></span> 
     </span>
     <span class='ocr_line' id='line_1_26' title="bbox 352 2819 2202 2909; baseline -0.004 -14"><span class='ocrx_word' id='word_1_323' title='bbox 352 2834 444 2895; x_wconf 91' lang='lat' dir='ltr'><strong>modo</strong></span> <span class='ocrx_word' id='word_1_324' title='bbox 461 2831 490 2892; x_wconf 93' lang='lat' dir='ltr'><strong>d.</strong></span> <span class='ocrx_word' id='word_1_325' title='bbox 510 2834 566 2898; x_wconf 80' lang='lat'><strong>27.</strong></span> <span class='ocrx_word' id='word_1_326' title='bbox 582 2824 655 2891; x_wconf 89' lang='lat' dir='ltr'><strong>Oct.</strong></span> <span class='ocrx_word' id='word_1_327' title='bbox 669 2827 706 2886; x_wconf 91' lang='lat' dir='ltr'><strong>ad</strong></span> <span class='ocrx_word' id='word_1_328' title='bbox 721 2822 946 2887; x_wconf 80' lang='lat' dir='ltr'><strong>blelauthonem</strong></span> <span class='ocrx_word' id='word_1_329' title='bbox 960 2826 1103 2885; x_wconf 86' lang='lat' dir='ltr'><strong>scribere:</strong></span> <span class='ocrx_word' id='word_1_330' title='bbox 1139 2819 1281 2903; x_wconf 89' lang='lat' dir='ltr'><strong>„Scribis</strong></span> <span class='ocrx_word' id='word_1_331' title='bbox 1302 2838 1332 2885; x_wconf 90' lang='lat' dir='ltr'><strong>te</strong></span> <span class='ocrx_word' id='word_1_332' title='bbox 1354 2827 1480 2905; x_wconf 87' lang='lat' dir='ltr'><strong>flagitari</strong></span> <span class='ocrx_word' id='word_1_333' title='bbox 1500 2846 1517 2884; x_wconf 92' lang='lat' dir='ltr'><strong>a</strong></span> <span class='ocrx_word' id='word_1_334' title='bbox 1542 2824 1691 2909; x_wconf 89' lang='lat' dir='ltr'><strong>quodam,</strong></span> <span class='ocrx_word' id='word_1_335' title='bbox 1726 2825 1809 2908; x_wconf 89' lang='lat' dir='ltr'><strong>quod</strong></span> <span class='ocrx_word' id='word_1_336' title='bbox 1830 2829 2045 2907; x_wconf 79' lang='lat' dir='ltr'><strong>poenitentiam</strong></span> <span class='ocrx_word' id='word_1_337' title='bbox 2060 2832 2202 2891; x_wconf 87' lang='lat' dir='ltr'><strong>atimora</strong></span> 
     </span>
     <span class='ocr_line' id='line_1_27' title="bbox 354 2922 2201 3014; baseline -0.014 -16"><span class='ocrx_word' id='word_1_338' title='bbox 354 2983 374 3014; x_wconf 91' lang='lat'><em>„</em></span> <span class='ocrx_word' id='word_1_339' title='bbox 384 2937 499 2997; x_wconf 89' lang='lat' dir='ltr'><strong>domini</strong></span> <span class='ocrx_word' id='word_1_340' title='bbox 516 2934 609 3011; x_wconf 85' lang='lat' dir='ltr'><strong>incipi</strong></span> <span class='ocrx_word' id='word_1_341' title='bbox 625 2929 760 2989; x_wconf 84' lang='lat' dir='ltr'><strong>docueris</strong></span> <span class='ocrx_word' id='word_1_342' title='bbox 774 2932 806 2987; x_wconf 91' lang='lat' dir='ltr'><strong>in</strong></span> <span class='ocrx_word' id='word_1_343' title='bbox 820 2929 989 2987; x_wconf 87' lang='lat' dir='ltr'><strong>visitatione</strong></span> <span class='ocrx_word' id='word_1_344' title='bbox 1003 2941 1107 2988; x_wconf 84' lang='lat' dir='ltr'><strong>vestra.</strong></span> <span class='ocrx_word' id='word_1_345' title='bbox 1160 2923 1285 3007; x_wconf 85' lang='lat' dir='ltr'><strong>Scripsit</strong></span> <span class='ocrx_word' id='word_1_346' title='bbox 1300 2931 1410 2987; x_wconf 90' lang='lat' dir='ltr'><strong>similia</strong></span> <span class='ocrx_word' id='word_1_347' title='bbox 1424 2927 1486 2986; x_wconf 86' lang='lat' dir='ltr'><strong>i&#39;ere</strong></span> <span class='ocrx_word' id='word_1_348' title='bbox 1501 2922 1643 3008; x_wconf 82' lang='lat' dir='ltr'><strong>Magister</strong></span> <span class='ocrx_word' id='word_1_349' title='bbox 1656 2923 1790 2986; x_wconf 76' lang='lat' dir='ltr'><strong>isichius.</strong></span> <span class='ocrx_word' id='word_1_350' title='bbox 1799 2924 1815 2948; x_wconf 77' lang='lat'><strong>’⁹</strong></span> <span class='ocrx_word' id='word_1_351' title='bbox 1867 2923 2021 3012; x_wconf 66' lang='lat' dir='ltr'><strong>Loquitur</strong></span> <span class='ocrx_word' id='word_1_352' title='bbox 2035 2930 2201 3010; x_wconf 59' lang='lat' dir='ltr'><strong>igitur-h„</strong></span> 
     </span>
     <span class='ocr_line' id='line_1_28' title="bbox 273 3026 2201 3120; baseline 0.005 -43"><span class='ocrx_word' id='word_1_353' title='bbox 273 3036 280 3077; x_wconf 81' lang='lat'><strong>¹.</strong></span> <span class='ocrx_word' id='word_1_354' title='bbox 354 3039 391 3100; x_wconf 87' lang='lat' dir='ltr'><strong>do</strong></span> <span class='ocrx_word' id='word_1_355' title='bbox 405 3059 436 3097; x_wconf 89' lang='lat' dir='ltr'><strong>re</strong></span> <span class='ocrx_word' id='word_1_356' title='bbox 451 3030 739 3120; x_wconf 81' lang='lat' dir='ltr'><strong>qnasiMelontironi</strong></span> <span class='ocrx_word' id='word_1_357' title='bbox 752 3029 889 3090; x_wconf 89' lang='lat' dir='ltr'><strong>nondum</strong></span> <span class='ocrx_word' id='word_1_358' title='bbox 903 3042 994 3106; x_wconf 92' lang='lat' dir='ltr'><strong>nota,</strong></span> <span class='ocrx_word' id='word_1_359' title='bbox 1028 3028 1111 3111; x_wconf 90' lang='lat' dir='ltr'><strong>quod</strong></span> <span class='ocrx_word' id='word_1_360' title='bbox 1134 3048 1205 3089; x_wconf 88' lang='lat' dir='ltr'><strong>vero</strong></span> <span class='ocrx_word' id='word_1_361' title='bbox 1221 3040 1290 3110; x_wconf 88' lang='lat' dir='ltr'><strong>post</strong></span> <span class='ocrx_word' id='word_1_362' title='bbox 1304 3033 1487 3090; x_wconf 84' lang='lat' dir='ltr'><strong>conventum</strong></span> <span class='ocrx_word' id='word_1_363' title='bbox 1499 3026 1684 3110; x_wconf 82' lang='lat' dir='ltr'><strong>Tergensem</strong></span> <span class='ocrx_word' id='word_1_364' title='bbox 1696 3049 1759 3089; x_wconf 91' lang='lat' dir='ltr'><strong>non</strong></span> <span class='ocrx_word' id='word_1_365' title='bbox 1775 3033 1931 3111; x_wconf 87' lang='lat' dir='ltr'><strong>potuisset.</strong></span> <span class='ocrx_word' id='word_1_366' title='bbox 1981 3027 2125 3115; x_wconf 79' lang='lat' dir='ltr'><strong>Denique</strong></span> <span class='ocrx_word' id='word_1_367' title='bbox 2138 3056 2201 3095; x_wconf 67' lang='lat' dir='ltr'><strong>rem</strong></span> 
     </span>
     <span class='ocr_line' id='line_1_29' title="bbox 353 3126 2202 3221; baseline -0.01 -19"><span class='ocrx_word' id='word_1_368' title='bbox 353 3140 492 3214; x_wconf 85' lang='lat' dir='ltr'><strong>coniicit,</strong></span> <span class='ocrx_word' id='word_1_369' title='bbox 518 3136 601 3219; x_wconf 88' lang='lat' dir='ltr'><strong>quod</strong></span> <span class='ocrx_word' id='word_1_370' title='bbox 616 3131 805 3194; x_wconf 79' lang='lat' dir='ltr'><strong>Melanthoni</strong></span> <span class='ocrx_word' id='word_1_371' title='bbox 820 3153 855 3191; x_wconf 89' lang='lat' dir='ltr'><strong>eo</strong></span> <span class='ocrx_word' id='word_1_372' title='bbox 870 3144 1023 3211; x_wconf 88' lang='lat' dir='ltr'><strong>tempore,</strong></span> <span class='ocrx_word' id='word_1_373' title='bbox 1050 3151 1111 3215; x_wconf 90' lang='lat' dir='ltr'><strong>quc</strong></span> <span class='ocrx_word' id='word_1_374' title='bbox 1127 3127 1246 3211; x_wconf 89' lang='lat' dir='ltr'><strong>Torgae</strong></span> <span class='ocrx_word' id='word_1_375' title='bbox 1264 3143 1354 3209; x_wconf 89' lang='lat' dir='ltr'><strong>esset,</strong></span> <span class='ocrx_word' id='word_1_376' title='bbox 1384 3133 1420 3190; x_wconf 87' lang='lat' dir='ltr'><strong>ab</strong></span> <span class='ocrx_word' id='word_1_377' title='bbox 1435 3151 1547 3208; x_wconf 82' lang='lat' dir='ltr'><strong>uxore,</strong></span> <span class='ocrx_word' id='word_1_378' title='bbox 1570 3126 1658 3191; x_wconf 88' lang='lat' dir='ltr'><strong>lenae</strong></span> <span class='ocrx_word' id='word_1_379' title='bbox 1674 3143 1803 3221; x_wconf 74' lang='lat' dir='ltr'><strong>versata,</strong></span> <span class='ocrx_word' id='word_1_380' title='bbox 1833 3133 1932 3208; x_wconf 84' lang='lat' dir='ltr'><strong>filius,</strong></span> <span class='ocrx_word' id='word_1_381' title='bbox 1958 3129 2122 3208; x_wconf 74' lang='lat' dir='ltr'><strong>Georgius,</strong></span> <span class='ocrx_word' id='word_1_382' title='bbox 2142 3126 2202 3196; x_wconf 63' lang='lat' dir='ltr'><strong>rra.</strong></span> 
     </span>
     <span class='ocr_line' id='line_1_30' title="bbox 354 3230 2203 3320; baseline -0.005 -16"><span class='ocrx_word' id='word_1_383' title='bbox 354 3257 402 3304; x_wconf 88' lang='lat' dir='ltr'><strong>tus</strong></span> <span class='ocrx_word' id='word_1_384' title='bbox 427 3253 488 3316; x_wconf 89' lang='lat' dir='ltr'><strong>est,</strong></span> <span class='ocrx_word' id='word_1_385' title='bbox 521 3251 551 3297; x_wconf 89' lang='lat' dir='ltr'><strong>et</strong></span> <span class='ocrx_word' id='word_1_386' title='bbox 572 3236 696 3320; x_wconf 87' lang='lat' dir='ltr'><strong>quidem</strong></span> <span class='ocrx_word' id='word_1_387' title='bbox 717 3235 765 3295; x_wconf 94' lang='lat' dir='ltr'><strong>die</strong></span> <span class='ocrx_word' id='word_1_388' title='bbox 780 3231 973 3311; x_wconf 84' lang='lat' dir='ltr'><strong>Catlrarinae,</strong></span> <span class='ocrx_word' id='word_1_389' title='bbox 1009 3232 1038 3292; x_wconf 89' lang='lat' dir='ltr'><strong>d.</strong></span> <span class='ocrx_word' id='word_1_390' title='bbox 1059 3234 1115 3298; x_wconf 75' lang='lat'><strong>25.</strong></span> <span class='ocrx_word' id='word_1_391' title='bbox 1131 3230 1319 3294; x_wconf 82' lang='lat' dir='ltr'><strong>Novembris.</strong></span> <span class='ocrx_word' id='word_1_392' title='bbox 1370 3230 1472 3293; x_wconf 88' lang='lat' dir='ltr'><strong>Verba</strong></span> <span class='ocrx_word' id='word_1_393' title='bbox 1496 3237 1586 3312; x_wconf 87' lang='lat' dir='ltr'><strong>igitur</strong></span> <span class='ocrx_word' id='word_1_394' title='bbox 1608 3236 1640 3292; x_wconf 95' lang='lat' dir='ltr'><strong>in</strong></span> <span class='ocrx_word' id='word_1_395' title='bbox 1662 3236 1748 3312; x_wconf 88' lang='lat' dir='ltr'><strong>epist.</strong></span> <span class='ocrx_word' id='word_1_396' title='bbox 1773 3233 1810 3292; x_wconf 91' lang='lat' dir='ltr'><strong>ad</strong></span> <span class='ocrx_word' id='word_1_397' title='bbox 1824 3230 1972 3296; x_wconf 86' lang='lat' dir='ltr'><strong>Gamerar.</strong></span> <span class='ocrx_word' id='word_1_398' title='bbox 1998 3234 2057 3314; x_wconf 68' lang='lat' dir='ltr'><strong>„d</strong></span> <span class='ocrx_word' id='word_1_399' title='bbox 2074 3232 2117 3298; x_wconf 75' lang='grc' dir='ltr'><strong>Χ.</strong></span> <span class='ocrx_word' id='word_1_400' title='bbox 2134 3234 2203 3301; x_wconf 78' lang='lat' dir='ltr'><strong>cat.</strong></span> 
     </span>
     <span class='ocr_line' id='line_1_31' title="bbox 354 3333 2230 3411; baseline -0.003 -10"><span class='ocrx_word' id='word_1_401' title='bbox 354 3339 492 3404; x_wconf 84' lang='lat' dir='ltr'><strong>Noobr.”</strong></span> <span class='ocrx_word' id='word_1_402' title='bbox 516 3342 565 3398; x_wconf 90' lang='lat' dir='ltr'><strong>vel</strong></span> <span class='ocrx_word' id='word_1_403' title='bbox 582 3341 618 3397; x_wconf 93' lang='lat' dir='ltr'><strong>ab</strong></span> <span class='ocrx_word' id='word_1_404' title='bbox 631 3339 744 3397; x_wconf 88' lang='lat' dir='ltr'><strong>editore</strong></span> <span class='ocrx_word' id='word_1_405' title='bbox 759 3358 798 3396; x_wconf 87' lang='lat' dir='ltr'><strong>ex</strong></span> <span class='ocrx_word' id='word_1_406' title='bbox 813 3338 934 3395; x_wconf 90' lang='lat' dir='ltr'><strong>arbitrio</strong></span> <span class='ocrx_word' id='word_1_407' title='bbox 948 3335 1046 3394; x_wconf 91' lang='lat' dir='ltr'><strong>addita</strong></span> <span class='ocrx_word' id='word_1_408' title='bbox 1062 3347 1149 3411; x_wconf 89' lang='lat' dir='ltr'><strong>sunt,</strong></span> <span class='ocrx_word' id='word_1_409' title='bbox 1187 3337 1235 3394; x_wconf 82' lang='lat' dir='ltr'><strong>rel</strong></span> <span class='ocrx_word' id='word_1_410' title='bbox 1250 3334 1390 3395; x_wconf 87' lang='lat' dir='ltr'><strong>mendose</strong></span> <span class='ocrx_word' id='word_1_411' title='bbox 1407 3338 1483 3394; x_wconf 90' lang='lat' dir='ltr'><strong>lecta</strong></span> <span class='ocrx_word' id='word_1_412' title='bbox 1498 3335 1639 3410; x_wconf 87' lang='lat' dir='ltr'><strong>et-edita,</strong></span> <span class='ocrx_word' id='word_1_413' title='bbox 1670 3333 1717 3393; x_wconf 75' lang='lat' dir='ltr'><strong>v&#39;el</strong></span> <span class='ocrx_word' id='word_1_414' title='bbox 1735 3338 1843 3410; x_wconf 61' lang='lat' dir='ltr'><strong>mam,</strong></span> <span class='ocrx_word' id='word_1_415' title='bbox 1870 3335 2006 3395; x_wconf 90' lang='lat' dir='ltr'><strong>siedltor</strong></span> <span class='ocrx_word' id='word_1_416' title='bbox 2019 3336 2103 3401; x_wconf 83' lang='lat' dir='ltr'><strong>diem</strong></span> <span class='ocrx_word' id='word_1_417' title='bbox 2119 3339 2230 3401; x_wconf 73' lang='lat' dir='ltr'><strong>datas·-</strong></span> 
     </span>
     <span class='ocr_line' id='line_1_32' title="bbox 355 3432 2205 3527; baseline -0.007 -22"><span class='ocrx_word' id='word_1_418' title='bbox 355 3447 497 3527; x_wconf 89' lang='lat' dir='ltr'><strong>epistolaa</strong></span> <span class='ocrx_word' id='word_1_419' title='bbox 510 3438 719 3501; x_wconf 87' lang='lat' dir='ltr'><strong>Romanorum</strong></span> <span class='ocrx_word' id='word_1_420' title='bbox 732 3458 816 3498; x_wconf 92' lang='lat' dir='ltr'><strong>more</strong></span> <span class='ocrx_word' id='word_1_421' title='bbox 831 3440 994 3516; x_wconf 81' lang='lat' dir='ltr'><strong>significare</strong></span> <span class='ocrx_word' id='word_1_422' title='bbox 1010 3439 1126 3512; x_wconf 85' lang='lat' dir='ltr'><strong>voluit,</strong></span> <span class='ocrx_word' id='word_1_423' title='bbox 1159 3456 1201 3496; x_wconf 83' lang='lat' dir='ltr'><strong>ex</strong></span> <span class='ocrx_word' id='word_1_424' title='bbox 1220 3457 1318 3497; x_wconf 89' lang='lat' dir='ltr'><strong>errore</strong></span> <span class='ocrx_word' id='word_1_425' title='bbox 1339 3437 1371 3496; x_wconf 91' lang='lat' dir='ltr'><strong>in</strong></span> <span class='ocrx_word' id='word_1_426' title='bbox 1399 3438 1493 3495; x_wconf 90' lang='lat' dir='ltr'><strong>alium</strong></span> <span class='ocrx_word' id='word_1_427' title='bbox 1518 3436 1597 3495; x_wconf 87' lang='lat' dir='ltr'><strong>diem</strong></span> <span class='ocrx_word' id='word_1_428' title='bbox 1625 3448 1748 3494; x_wconf 81' lang='lat' dir='ltr'><strong>mutata.</strong></span> <span class='ocrx_word' id='word_1_429' title='bbox 1810 3432 1987 3498; x_wconf 87' lang='lat' dir='ltr'><strong>Similitudo</strong></span> <span class='ocrx_word' id='word_1_430' title='bbox 2010 3443 2205 3520; x_wconf 65' lang='lat' dir='ltr'><strong>epistolem.</strong></span> 
     </span>
     <span class='ocr_line' id='line_1_33' title="bbox 202 3533 1928 3655; baseline -0.01 -46"><span class='ocrx_word' id='word_1_431' title='bbox 202 3600 228 3655; x_wconf 66' lang='lat' dir='ltr'>N</span> <span class='ocrx_word' id='word_1_432' title='bbox 357 3547 395 3606; x_wconf 88' lang='lat' dir='ltr'><strong>ad</strong></span> <span class='ocrx_word' id='word_1_433' title='bbox 411 3543 516 3617; x_wconf 82' lang='lat' dir='ltr'><strong>Ionam</strong></span> <span class='ocrx_word' id='word_1_434' title='bbox 531 3556 560 3603; x_wconf 87' lang='lat' dir='ltr'><strong>et</strong></span> <span class='ocrx_word' id='word_1_435' title='bbox 574 3540 778 3607; x_wconf 75' lang='lat' dir='ltr'><strong>camerarium</strong></span> <span class='ocrx_word' id='word_1_436' title='bbox 793 3538 899 3613; x_wconf 89' lang='lat' dir='ltr'><strong>docet,</strong></span> <span class='ocrx_word' id='word_1_437' title='bbox 925 3552 1080 3620; x_wconf 88' lang='lat' dir='ltr'><strong>utramque</strong></span> <span class='ocrx_word' id='word_1_438' title='bbox 1091 3537 1200 3599; x_wconf 87' lang='lat' dir='ltr'><strong>eodem</strong></span> <span class='ocrx_word' id='word_1_439' title='bbox 1214 3537 1278 3597; x_wconf 82' lang='lat' dir='ltr'><strong>iirre</strong></span> <span class='ocrx_word' id='word_1_440' title='bbox 1292 3537 1342 3597; x_wconf 90' lang='lat' dir='ltr'><strong>die</strong></span> <span class='ocrx_word' id='word_1_441' title='bbox 1355 3542 1494 3619; x_wconf 91' lang='lat' dir='ltr'><strong>scriptam</strong></span> <span class='ocrx_word' id='word_1_442' title='bbox 1508 3546 1589 3614; x_wconf 87' lang='lat' dir='ltr'><strong>e&#39;sse,</strong></span> <span class='ocrx_word' id='word_1_443' title='bbox 1609 3535 1701 3597; x_wconf 86' lang='lat' dir='ltr'><strong>videl.</strong></span> <span class='ocrx_word' id='word_1_444' title='bbox 1716 3535 1746 3596; x_wconf 92' lang='lat' dir='ltr'><strong>d.</strong></span> <span class='ocrx_word' id='word_1_445' title='bbox 1765 3542 1821 3603; x_wconf 78' lang='lat'><strong>20.</strong></span> <span class='ocrx_word' id='word_1_446' title='bbox 1832 3533 1928 3600; x_wconf 74' lang='lat' dir='ltr'><strong>Deob.</strong></span> 
     </span>
     <span class='ocr_line' id='line_1_34' title="bbox 207 3619 2204 3750; baseline -0.007 -37"><span class='ocrx_word' id='word_1_447' title='bbox 207 3619 272 3750; x_wconf 53' lang='lat'><strong>205&#39;</strong></span> <span class='ocrx_word' id='word_1_448' title='bbox 307 3647 434 3710; x_wconf 83' lang='lat' dir='ltr'><strong>Filiolus</strong></span> <span class='ocrx_word' id='word_1_449' title='bbox 449 3637 883 3714; x_wconf 82' lang='lat' dir='ltr'><strong>nasciturlllelanthonilenaa,</strong></span> <span class='ocrx_word' id='word_1_450' title='bbox 901 3642 966 3718; x_wconf 91' lang='lat' dir='ltr'><strong>ipso</strong></span> <span class='ocrx_word' id='word_1_451' title='bbox 981 3640 1112 3716; x_wconf 86' lang='lat' dir='ltr'><strong>absente,</strong></span> <span class='ocrx_word' id='word_1_452' title='bbox 1128 3637 1272 3714; x_wconf 66' lang='lat' dir='ltr'><strong>owenus</strong></span> <span class='ocrx_word' id='word_1_453' title='bbox 1287 3643 1468 3702; x_wconf 86' lang='lat' dir='ltr'><strong>nominatus.</strong></span> <span class='ocrx_word' id='word_1_454' title='bbox 1494 3639 1534 3700; x_wconf 82' lang='lat' dir='ltr'><strong>of.</strong></span> <span class='ocrx_word' id='word_1_455' title='bbox 1548 3642 1640 3700; x_wconf 86' lang='lat' dir='ltr'><strong>etiarn</strong></span> <span class='ocrx_word' id='word_1_456' title='bbox 1653 3660 1700 3719; x_wconf 87' lang='lat' dir='ltr'><strong>ep.</strong></span> <span class='ocrx_word' id='word_1_457' title='bbox 1714 3637 1753 3698; x_wconf 90' lang='lat' dir='ltr'><strong>ad</strong></span> <span class='ocrx_word' id='word_1_458' title='bbox 1765 3634 1901 3700; x_wconf 88' lang='lat' dir='ltr'><strong>Manium</strong></span> <span class='ocrx_word' id='word_1_459' title='bbox 1914 3641 2034 3703; x_wconf 81' lang='lat' dir='ltr'><strong>iniiad</strong></span> <span class='ocrx_word' id='word_1_460' title='bbox 2056 3650 2089 3711; x_wconf 63' lang='grc' dir='ltr'><strong>ἲ.</strong></span> <span class='ocrx_word' id='word_1_461' title='bbox 2099 3640 2204 3728; x_wconf 68' lang='lat' dir='ltr'><strong>Septi.</strong></span> 
     </span>
     <span class='ocr_line' id='line_1_35' title="bbox 196 3736 1949 3859; baseline -0.011 -48"><span class='ocrx_word' id='word_1_462' title='bbox 196 3802 222 3859; x_wconf 73' lang='lat' dir='ltr'><strong>D</strong></span> <span class='ocrx_word' id='word_1_463' title='bbox 257 3801 273 3855; x_wconf 67' lang='lat' dir='ltr'>b</span> <span class='ocrx_word' id='word_1_464' title='bbox 364 3750 489 3826; x_wconf 81' lang='lat'><strong>1529.,</strong></span> <span class='ocrx_word' id='word_1_465' title='bbox 513 3756 543 3806; x_wconf 91' lang='lat' dir='ltr'><strong>at</strong></span> <span class='ocrx_word' id='word_1_466' title='bbox 560 3745 597 3805; x_wconf 87' lang='lat' dir='ltr'><strong>ad</strong></span> <span class='ocrx_word' id='word_1_467' title='bbox 610 3742 758 3808; x_wconf 85' lang='lat' dir='ltr'><strong>Carnerar.</strong></span> <span class='ocrx_word' id='word_1_468' title='bbox 776 3741 806 3802; x_wconf 93' lang='lat' dir='ltr'><strong>d.</strong></span> <span class='ocrx_word' id='word_1_469' title='bbox 824 3745 855 3805; x_wconf 81' lang='lat'><strong>7.</strong></span> <span class='ocrx_word' id='word_1_470' title='bbox 873 3737 935 3800; x_wconf 82' lang='lat' dir='ltr'><strong>lan·</strong></span> <span class='ocrx_word' id='word_1_471' title='bbox 957 3743 1062 3805; x_wconf 77' lang='lat'><strong>1528.</strong></span> <span class='ocrx_word' id='word_1_472' title='bbox 1545 3746 1550 3755; x_wconf 87' lang='lat'>&#39;</span> <span class='ocrx_word' id='word_1_473' title='bbox 1947 3736 1949 3741; x_wconf 84' lang='lat'>&#39;</span> 
     </span>
     <span class='ocr_line' id='line_1_36' title="bbox 210 3820 1636 3954; baseline -0.008 -37"><span class='ocrx_word' id='word_1_474' title='bbox 210 3820 282 3954; x_wconf 26' lang='grc' dir='ltr'><strong>ὦ]</strong></span> <span class='ocrx_word' id='word_1_475' title='bbox 308 3848 414 3917; x_wconf 87' lang='lat' dir='ltr'><strong>Narrat</strong></span> <span class='ocrx_word' id='word_1_476' title='bbox 429 3851 549 3924; x_wconf 90' lang='lat' dir='ltr'><strong>amicis,</strong></span> <span class='ocrx_word' id='word_1_477' title='bbox 577 3848 651 3929; x_wconf 91' lang='lat' dir='ltr'><strong>quid</strong></span> <span class='ocrx_word' id='word_1_478' title='bbox 664 3843 782 3924; x_wconf 87' lang='lat' dir='ltr'><strong>Torgae</strong></span> <span class='ocrx_word' id='word_1_479' title='bbox 798 3847 874 3903; x_wconf 89' lang='lat' dir='ltr'><strong>inter</strong></span> <span class='ocrx_word' id='word_1_480' title='bbox 889 3845 989 3922; x_wconf 87' lang='lat' dir='ltr'><strong>ipsum</strong></span> <span class='ocrx_word' id='word_1_481' title='bbox 1004 3854 1034 3901; x_wconf 92' lang='lat' dir='ltr'><strong>et</strong></span> <span class='ocrx_word' id='word_1_482' title='bbox 1048 3838 1226 3924; x_wconf 83' lang='lat' dir='ltr'><strong>Agricolam</strong></span> <span class='ocrx_word' id='word_1_483' title='bbox 1242 3855 1273 3905; x_wconf 89' lang='lat' dir='ltr'><strong>et</strong></span> <span class='ocrx_word' id='word_1_484' title='bbox 1284 3837 1457 3906; x_wconf 83' lang='lat' dir='ltr'><strong>Lutberum</strong></span> <span class='ocrx_word' id='word_1_485' title='bbox 1472 3859 1570 3906; x_wconf 89' lang='lat' dir='ltr'><strong>actum</strong></span> <span class='ocrx_word' id='word_1_486' title='bbox 1586 3849 1636 3906; x_wconf 89' lang='lat' dir='ltr'><strong>sit.</strong></span> 
     </span>
     <span class='ocr_line' id='line_1_37' title="bbox 308 3941 1013 4024; baseline -0.02 -6"><span class='ocrx_word' id='word_1_487' title='bbox 308 3953 447 4018; x_wconf 84' lang='lat' dir='ltr'><strong>Exenute</strong></span> <span class='ocrx_word' id='word_1_488' title='bbox 463 3970 542 4012; x_wconf 87' lang='lat' dir='ltr'><strong>anno</strong></span> <span class='ocrx_word' id='word_1_489' title='bbox 558 3950 659 4009; x_wconf 90' lang='lat' dir='ltr'><strong>scribit</strong></span> <span class='ocrx_word' id='word_1_490' title='bbox 675 3958 779 4008; x_wconf 90' lang='lat' dir='ltr'><strong>contra</strong></span> <span class='ocrx_word' id='word_1_491' title='bbox 793 3941 1013 4024; x_wconf 80' lang='lat' dir='ltr'><strong>Anabaptistas.</strong></span> 
     </span>
     <span class='ocr_line' id='line_1_38' title="bbox 309 4043 1804 4134; baseline -0.009 -12"><span class='ocrx_word' id='word_1_492' title='bbox 309 4057 377 4122; x_wconf 87' lang='lat' dir='ltr'><strong>Hoc</strong></span> <span class='ocrx_word' id='word_1_493' title='bbox 392 4064 470 4117; x_wconf 81' lang='lat' dir='ltr'><strong>auito</strong></span> <span class='ocrx_word' id='word_1_494' title='bbox 487 4050 636 4134; x_wconf 83' lang='lat' dir='ltr'><strong>praefatur</strong></span> <span class='ocrx_word' id='word_1_495' title='bbox 651 4054 684 4111; x_wconf 90' lang='lat' dir='ltr'><strong>in</strong></span> <span class='ocrx_word' id='word_1_496' title='bbox 699 4045 803 4111; x_wconf 85' lang='lat' dir='ltr'><strong>Nouoi</strong></span> <span class='ocrx_word' id='word_1_497' title='bbox 818 4045 1010 4128; x_wconf 88' lang='lat' dir='ltr'><strong>paraphrasin</strong></span> <span class='ocrx_word' id='word_1_498' title='bbox 1026 4048 1059 4107; x_wconf 85' lang='lat' dir='ltr'><strong>in</strong></span> <span class='ocrx_word' id='word_1_499' title='bbox 1074 4043 1189 4130; x_wconf 80' lang='lat' dir='ltr'><strong>Evang.</strong></span> <span class='ocrx_word' id='word_1_500' title='bbox 1203 4043 1326 4109; x_wconf 87' lang='lat' dir='ltr'><strong>loannis</strong></span> <span class='ocrx_word' id='word_1_501' title='bbox 1341 4051 1419 4110; x_wconf 89' lang='lat' dir='ltr'><strong>etin</strong></span> <span class='ocrx_word' id='word_1_502' title='bbox 1433 4045 1492 4112; x_wconf 88' lang='lat' dir='ltr'><strong>lac.</strong></span> <span class='ocrx_word' id='word_1_503' title='bbox 1506 4044 1625 4128; x_wconf 66' lang='lat' dir='ltr'><strong>Micpili</strong></span> <span class='ocrx_word' id='word_1_504' title='bbox 1643 4054 1804 4109; x_wconf 89' lang='lat' dir='ltr'><strong>metricam.</strong></span> 
     </span>
    </p>
   </div>
   <div class='ocr_carea' id='block_1_3' title="bbox 1071 4207 1443 4289">
    <p class='ocr_par' dir='ltr' id='par_1_3' title="bbox 1071 4207 1443 4289">
     <span class='ocr_line' id='line_1_39' title="bbox 1071 4207 1443 4289; baseline 0.013 -8"><span class='ocrx_word' id='word_1_505' title='bbox 1071 4207 1253 4284; x_wconf 84' lang='lat' dir='ltr'>ANNO</span> <span class='ocrx_word' id='word_1_506' title='bbox 1307 4210 1443 4289; x_wconf 72' lang='lat'><strong>15²8.</strong></span> 
     </span>
    </p>
   </div>
   <div class='ocr_carea' id='block_1_4' title="bbox 207 4336 2214 5439">
    <p class='ocr_par' dir='ltr' id='par_1_4' title="bbox 207 4336 2214 5439">
     <span class='ocr_line' id='line_1_40' title="bbox 207 4336 1679 4437; baseline 0.001 -48"><span class='ocrx_word' id='word_1_507' title='bbox 207 4383 264 4437; x_wconf 41' lang='lat' dir='ltr'><strong>m·</strong></span> <span class='ocrx_word' id='word_1_508' title='bbox 372 4382 378 4389; x_wconf 92' lang='lat'><strong>.</strong></span> <span class='ocrx_word' id='word_1_509' title='bbox 829 4338 981 4406; x_wconf 78' lang='lat' dir='ltr'><strong>(iliensibus</strong></span> <span class='ocrx_word' id='word_1_510' title='bbox 996 4336 1102 4392; x_wconf 76' lang='lat' dir='ltr'><strong>hnuar.</strong></span> <span class='ocrx_word' id='word_1_511' title='bbox 1118 4337 1198 4393; x_wconf 82' lang='lat' dir='ltr'><strong>Febr.</strong></span> <span class='ocrx_word' id='word_1_512' title='bbox 1215 4349 1241 4394; x_wconf 84' lang='lat' dir='ltr'><strong>at</strong></span> <span class='ocrx_word' id='word_1_513' title='bbox 1254 4339 1338 4396; x_wconf 83' lang='lat' dir='ltr'><strong>Mart.</strong></span> <span class='ocrx_word' id='word_1_514' title='bbox 1352 4338 1514 4395; x_wconf 83' lang='lat' dir='ltr'><strong>Malantbon</strong></span> <span class='ocrx_word' id='word_1_515' title='bbox 1528 4338 1607 4393; x_wconf 81' lang='lat' dir='ltr'><strong>ienae</strong></span> <span class='ocrx_word' id='word_1_516' title='bbox 1620 4343 1679 4408; x_wconf 84' lang='lat' dir='ltr'><strong>ast.)</strong></span> 
     </span>
     <span class='ocr_line' id='line_1_41' title="bbox 225 4432 1377 4528; baseline -0.011 -15"><span class='ocrx_word' id='word_1_517' title='bbox 225 4466 258 4528; x_wconf 59' lang='grc' dir='ltr'><strong>π</strong></span> <span class='ocrx_word' id='word_1_518' title='bbox 310 4444 409 4512; x_wconf 80' lang='lat' dir='ltr'><strong>Audit</strong></span> <span class='ocrx_word' id='word_1_519' title='bbox 422 4432 618 4519; x_wconf 84' lang='lat' dir='ltr'><strong>Melanthon,</strong></span> <span class='ocrx_word' id='word_1_520' title='bbox 630 4440 761 4502; x_wconf 79' lang='lat' dir='ltr'><strong>‚fratrem</strong></span> <span class='ocrx_word' id='word_1_521' title='bbox 775 4434 934 4501; x_wconf 83' lang='lat' dir='ltr'><strong>Camerarii</strong></span> <span class='ocrx_word' id='word_1_522' title='bbox 948 4440 1105 4500; x_wconf 89' lang='lat' dir='ltr'><strong>liberatum</strong></span> <span class='ocrx_word' id='word_1_523' title='bbox 1121 4461 1183 4500; x_wconf 86' lang='lat' dir='ltr'><strong>essa</strong></span> <span class='ocrx_word' id='word_1_524' title='bbox 1198 4460 1238 4499; x_wconf 87' lang='lat' dir='ltr'><strong>ex</strong></span> <span class='ocrx_word' id='word_1_525' title='bbox 1253 4459 1377 4500; x_wconf 85' lang='lat' dir='ltr'><strong>carcere.</strong></span> 
     </span>
     <span class='ocr_line' id='line_1_42' title="bbox 212 4536 2065 4635; baseline -0.005 -23"><span class='ocrx_word' id='word_1_526' title='bbox 212 4568 271 4635; x_wconf 70' lang='lat'><strong>23,</strong></span> <span class='ocrx_word' id='word_1_527' title='bbox 314 4548 412 4611; x_wconf 76' lang='lat' dir='ltr'><strong>Vtrum</strong></span> <span class='ocrx_word' id='word_1_528' title='bbox 428 4545 472 4604; x_wconf 84' lang='lat' dir='ltr'><em>W</em></span> <span class='ocrx_word' id='word_1_529' title='bbox 472 4544 659 4612; x_wconf 75' lang='lat' dir='ltr'><strong>molernium,</strong></span> <span class='ocrx_word' id='word_1_530' title='bbox 670 4626 674 4633; x_wconf 28' lang='grc' dir='ltr'>Ι</span> <span class='ocrx_word' id='word_1_531' title='bbox 685 4546 739 4624; x_wconf 89' lang='lat' dir='ltr'><strong>qui</strong></span> <span class='ocrx_word' id='word_1_532' title='bbox 753 4544 783 4599; x_wconf 92' lang='lat' dir='ltr'><strong>in</strong></span> <span class='ocrx_word' id='word_1_533' title='bbox 798 4542 900 4602; x_wconf 91' lang='lat' dir='ltr'><strong>schola</strong></span> <span class='ocrx_word' id='word_1_534' title='bbox 913 4537 1033 4601; x_wconf 87' lang='lat' dir='ltr'><strong>lonensi</strong></span> <span class='ocrx_word' id='word_1_535' title='bbox 1048 4553 1197 4616; x_wconf 88' lang='lat' dir='ltr'><strong>versatur,</strong></span> <span class='ocrx_word' id='word_1_536' title='bbox 1219 4540 1408 4601; x_wconf 87' lang='lat' dir='ltr'><strong>commendat</strong></span> <span class='ocrx_word' id='word_1_537' title='bbox 1420 4536 1725 4618; x_wconf 78' lang='lat' dir='ltr'><strong>Norinbergensibus,</strong></span> <span class='ocrx_word' id='word_1_538' title='bbox 1747 4552 1781 4599; x_wconf 90' lang='lat' dir='ltr'><strong>ut</strong></span> <span class='ocrx_word' id='word_1_539' title='bbox 1795 4539 1945 4620; x_wconf 88' lang='lat' dir='ltr'><strong>stipendio</strong></span> <span class='ocrx_word' id='word_1_540' title='bbox 1961 4545 2065 4605; x_wconf 83' lang='lat' dir='ltr'><strong>alatur.</strong></span> 
     </span>
     <span class='ocr_line' id='line_1_43' title="bbox 310 4636 2206 4726; baseline -0.003 -12"><span class='ocrx_word' id='word_1_541' title='bbox 310 4652 380 4715; x_wconf 87' lang='lat' dir='ltr'><strong>Hoc</strong></span> <span class='ocrx_word' id='word_1_542' title='bbox 392 4671 496 4710; x_wconf 89' lang='lat' dir='ltr'><strong>mense</strong></span> <span class='ocrx_word' id='word_1_543' title='bbox 510 4642 664 4708; x_wconf 88' lang='lat' dir='ltr'><strong>Lutberus</strong></span> <span class='ocrx_word' id='word_1_544' title='bbox 678 4645 789 4717; x_wconf 85' lang='lat' dir='ltr'><strong>librum</strong></span> <span class='ocrx_word' id='word_1_545' title='bbox 809 4639 1009 4720; x_wconf 87' lang='lat' dir='ltr'><strong>„Unterricbt</strong></span> <span class='ocrx_word' id='word_1_546' title='bbox 1024 4641 1075 4702; x_wconf 95' lang='lat' dir='ltr'><strong>der</strong></span> <span class='ocrx_word' id='word_1_547' title='bbox 1090 4640 1313 4719; x_wconf 84' lang='lat' dir='ltr'><strong>Visitatoren”,</strong></span> <span class='ocrx_word' id='word_1_548' title='bbox 1345 4663 1435 4726; x_wconf 89' lang='lat' dir='ltr'><strong>quern</strong></span> <span class='ocrx_word' id='word_1_549' title='bbox 1459 4645 1602 4721; x_wconf 88' lang='lat' dir='ltr'><strong>scriptum</strong></span> <span class='ocrx_word' id='word_1_550' title='bbox 1624 4636 1794 4721; x_wconf 81' lang='lat' dir='ltr'><strong>al’rinoipe</strong></span> <span class='ocrx_word' id='word_1_551' title='bbox 1806 4637 1945 4702; x_wconf 86' lang='lat' dir='ltr'><strong>Electore</strong></span> <span class='ocrx_word' id='word_1_552' title='bbox 1967 4661 2139 4726; x_wconf 87' lang='lat' dir='ltr'><strong>acceperat,</strong></span> <span class='ocrx_word' id='word_1_553' title='bbox 2173 4658 2206 4708; x_wconf 87' lang='lat' dir='ltr'><strong>ut</strong></span> 
     </span>
     <span class='ocr_line' id='line_1_44' title="bbox 275 4741 1758 4836; baseline -0.01 -20"><span class='ocrx_word' id='word_1_554' title='bbox 275 4822 282 4836; x_wconf 31' lang='grc' dir='ltr'>ι</span> <span class='ocrx_word' id='word_1_555' title='bbox 360 4756 451 4815; x_wconf 87' lang='lat' dir='ltr'><strong>illum</strong></span> <span class='ocrx_word' id='word_1_556' title='bbox 463 4752 645 4831; x_wconf 81' lang='lat' dir='ltr'><strong>perlegeret,</strong></span> <span class='ocrx_word' id='word_1_557' title='bbox 671 4741 804 4826; x_wconf 85' lang='lat' dir='ltr'><strong>Principi</strong></span> <span class='ocrx_word' id='word_1_558' title='bbox 816 4741 950 4807; x_wconf 84' lang='lat' dir='ltr'><strong>Electori</strong></span> <span class='ocrx_word' id='word_1_559' title='bbox 964 4747 1106 4822; x_wconf 88' lang='lat' dir='ltr'><strong>remittit,</strong></span> <span class='ocrx_word' id='word_1_560' title='bbox 1132 4765 1276 4829; x_wconf 89' lang='lat' dir='ltr'><strong>suamque</strong></span> <span class='ocrx_word' id='word_1_561' title='bbox 1290 4748 1467 4806; x_wconf 87' lang='lat' dir='ltr'><strong>sententiam</strong></span> <span class='ocrx_word' id='word_1_562' title='bbox 1482 4744 1645 4823; x_wconf 85' lang='lat' dir='ltr'><strong>perscribit.</strong></span> <span class='ocrx_word' id='word_1_563' title='bbox 1755 4762 1758 4769; x_wconf 89' lang='lat'>·</span> 
     </span>
     <span class='ocr_line' id='line_1_45' title="bbox 216 4847 781 4937; baseline -0.021 -19"><span class='ocrx_word' id='word_1_564' title='bbox 216 4871 273 4937; x_wconf 60' lang='grc' dir='ltr'><strong>ιο.</strong></span> <span class='ocrx_word' id='word_1_565' title='bbox 311 4851 404 4919; x_wconf 85' lang='lat' dir='ltr'><strong>Liber</strong></span> <span class='ocrx_word' id='word_1_566' title='bbox 419 4853 598 4914; x_wconf 81' lang='lat' dir='ltr'><strong>visitationis</strong></span> <span class='ocrx_word' id='word_1_567' title='bbox 613 4847 781 4909; x_wconf 87' lang='lat' dir='ltr'><strong>excuditur.</strong></span> 
     </span>
     <span class='ocr_line' id='line_1_46' title="bbox 506 4940 1954 5031; baseline -0.006 -18"><span class='ocrx_word' id='word_1_568' title='bbox 506 4949 708 5031; x_wconf 71' lang='lat' dir='ltr'><strong>,Memnon</strong></span> <span class='ocrx_word' id='word_1_569' title='bbox 720 4953 777 5010; x_wconf 89' lang='lat' dir='ltr'><strong>iter</strong></span> <span class='ocrx_word' id='word_1_570' title='bbox 791 4947 863 5009; x_wconf 85' lang='lat' dir='ltr'><strong>iacit</strong></span> <span class='ocrx_word' id='word_1_571' title='bbox 876 4947 913 5009; x_wconf 92' lang='lat' dir='ltr'><strong>ad</strong></span> <span class='ocrx_word' id='word_1_572' title='bbox 928 4944 1190 5011; x_wconf 82' lang='lat' dir='ltr'><strong>Reiffensteinium</strong></span> <span class='ocrx_word' id='word_1_573' title='bbox 1203 4945 1410 5030; x_wconf 88' lang='lat' dir='ltr'><strong>Stolbergam,</strong></span> <span class='ocrx_word' id='word_1_574' title='bbox 1436 4966 1498 5029; x_wconf 90' lang='lat' dir='ltr'><strong>quo</strong></span> <span class='ocrx_word' id='word_1_575' title='bbox 1516 4956 1634 5005; x_wconf 86' lang='lat' dir='ltr'><strong>venerat</strong></span> <span class='ocrx_word' id='word_1_576' title='bbox 1648 4940 1802 5012; x_wconf 83' lang='lat' dir='ltr'><strong>Caesarius</strong></span> <span class='ocrx_word' id='word_1_577' title='bbox 1817 4941 1954 5007; x_wconf 81' lang='lat' dir='ltr'><strong>Colonia.</strong></span> 
     </span>
     <span class='ocr_line' id='line_1_47' title="bbox 500 5050 600 5115; baseline 0 0"><span class='ocrx_word' id='word_1_578' title='bbox 500 5050 600 5115; x_wconf 80' lang='lat' dir='ltr'><strong>lenae.</strong></span> 
     </span>
     <span class='ocr_line' id='line_1_48' title="bbox 510 5132 1018 5239; baseline -0.008 -24"><span class='ocrx_word' id='word_1_579' title='bbox 510 5230 516 5239; x_wconf 32' lang='lat'>¹</span> <span class='ocrx_word' id='word_1_580' title='bbox 597 5132 792 5233; x_wconf 81' lang='lat' dir='ltr'><strong>Hippocratis</strong></span> <span class='ocrx_word' id='word_1_581' title='bbox 805 5170 822 5209; x_wconf 92' lang='lat' dir='ltr'><strong>a</strong></span> <span class='ocrx_word' id='word_1_582' title='bbox 837 5146 1018 5214; x_wconf 74' lang='lat' dir='ltr'><strong>camerario.</strong></span> 
     </span>
     <span class='ocr_line' id='line_1_49' title="bbox 531 5246 2214 5340; baseline -0.002 -23"><span class='ocrx_word' id='word_1_583' title='bbox 531 5252 705 5335; x_wconf 84' lang='lat' dir='ltr'><strong>Principem</strong></span> <span class='ocrx_word' id='word_1_584' title='bbox 716 5247 894 5314; x_wconf 55' lang='lat' dir='ltr'><strong>Eleusis»</strong></span> <span class='ocrx_word' id='word_1_585' title='bbox 910 5265 939 5313; x_wconf 90' lang='lat' dir='ltr'><strong>et</strong></span> <span class='ocrx_word' id='word_1_586' title='bbox 952 5246 1179 5333; x_wconf 87' lang='lat' dir='ltr'><strong>Landgravium</strong></span> <span class='ocrx_word' id='word_1_587' title='bbox 1189 5250 1323 5328; x_wconf 84' lang='lat' dir='ltr'><strong>Hassiae,</strong></span> <span class='ocrx_word' id='word_1_588' title='bbox 1349 5262 1383 5318; x_wconf 85' lang='lat' dir='ltr'><strong>ut</strong></span> <span class='ocrx_word' id='word_1_589' title='bbox 1398 5252 1456 5310; x_wconf 90' lang='lat' dir='ltr'><strong>sibi</strong></span> <span class='ocrx_word' id='word_1_590' title='bbox 1470 5262 1591 5311; x_wconf 88' lang='lat' dir='ltr'><strong>caveant</strong></span> <span class='ocrx_word' id='word_1_591' title='bbox 1606 5271 1623 5309; x_wconf 89' lang='lat' dir='ltr'><strong>a</strong></span> <span class='ocrx_word' id='word_1_592' title='bbox 1637 5246 1776 5311; x_wconf 86' lang='lat' dir='ltr'><strong>Romano</strong></span> <span class='ocrx_word' id='word_1_593' title='bbox 1786 5248 1986 5329; x_wconf 82' lang='lat' dir='ltr'><strong>-Gathoiicis,</strong></span> <span class='ocrx_word' id='word_1_594' title='bbox 2010 5276 2087 5340; x_wconf 84' lang='lat' dir='ltr'><strong>quor</strong></span> <span class='ocrx_word' id='word_1_595' title='bbox 2103 5255 2214 5321; x_wconf 76' lang='lat' dir='ltr'><strong>foedus</strong></span> 
     </span>
     <span class='ocr_line' id='line_1_50' title="bbox 608 5348 1947 5439; baseline 0 -22"><span class='ocrx_word' id='word_1_596' title='bbox 608 5376 643 5418; x_wconf 87' lang='lat' dir='ltr'><strong>os</strong></span> <span class='ocrx_word' id='word_1_597' title='bbox 658 5350 855 5439; x_wconf 82' lang='lat' dir='ltr'><strong>Eraogabcos</strong></span> <span class='ocrx_word' id='word_1_598' title='bbox 869 5358 947 5416; x_wconf 89' lang='lat' dir='ltr'><strong>clam</strong></span> <span class='ocrx_word' id='word_1_599' title='bbox 959 5357 1097 5436; x_wconf 87' lang='lat' dir='ltr'><strong>inivisse,</strong></span> <span class='ocrx_word' id='word_1_600' title='bbox 1125 5352 1201 5418; x_wconf 91' lang='lat' dir='ltr'><strong>Otto</strong></span> <span class='ocrx_word' id='word_1_601' title='bbox 1220 5350 1350 5417; x_wconf 78' lang='lat' dir='ltr'><strong>Packius</strong></span> <span class='ocrx_word' id='word_1_602' title='bbox 1365 5351 1593 5425; x_wconf 80' lang='lat' dir='ltr'><strong>denunciaverat</strong></span> <span class='ocrx_word' id='word_1_603' title='bbox 1607 5348 1799 5433; x_wconf 83' lang='lat' dir='ltr'><strong>Landgravio</strong></span> <span class='ocrx_word' id='word_1_604' title='bbox 1814 5351 1947 5417; x_wconf 76' lang='lat' dir='ltr'><strong>Hostiae.</strong></span> 
     </span>
    </p>
   </div>
   <div class='ocr_carea' id='block_1_5' title="bbox 0 0 2278 5780">
    <p class='ocr_par' dir='ltr' id='par_1_5' title="bbox 0 0 2278 5780">
     <span class='ocr_line' id='line_1_51' title="bbox 0 0 2278 5780; baseline 0 0"><span class='ocrx_word' id='word_1_605' title='bbox 0 0 2278 5780; x_wconf 95' lang='lat' dir='ltr'><strong> </strong></span> 
     </span>
    </p>
   </div>
  </div>
 </body>
</html>
