4500 5782
103 238 175 320 ⁸51
697 215 1138 297 EPISTULARUM
1189 220 1295 298 LlB.
1331 220 1378 301 11.
1433 223 1560 300 1521.
1865 157 1870 175 Ι
1952 274 1961 309 .,
2071 220 2143 313 36¹

103 411 307 493 adflixerint
321 398 571 483 conscientias,
593 410 634 469 ut
648 394 760 465 videri
775 390 1008 486 possitRoma
1021 416 1097 463 non
1248 390 1298 465 Et
1312 408 1352 464 ut
1366 394 1569 464 summatim
1584 396 1764 464 conferam
1779 397 1941 485 dogmata
1957 397 2000 465 de
2017 394 2143 488 poeni·

104 514 174 594 alia
187 527 287 611 parte
304 510 385 602 plus
399 503 579 587 nocuisse,
605 499 701 593 quod
717 492 776 565 hic
792 520 897 565 nemo
918 520 993 565 non
1016 519 1099 565 sen·
1150 495 1273 569 tentia.
1336 493 1497 585 Fingunt
1525 491 1668 565 scholae
1697 490 1837 565 homini
1869 498 1907 566 in
1934 522 2044 568 manu
2073 520 2143 569 esu

99 621 191 696 mit
212 638 304 687 onus
322 608 508 681 Romanae
536 598 746 696 tyrannidis.
807 594 927 685 Quare
951 621 1032 667 cum
1054 598 1098 666 de
1150 597 1266 683 odisse
1281 597 1367 666 vitia
1385 621 1467 681 sua,
1492 596 1630 691 quoties
1647 611 1682 667 et
1697 599 1993 691 quumvideatur.
2040 596 2143 671 Ideo·

106 713 343 811 Indulgentiis
357 703 531 799 disputari
547 715 710 794 coeptum
724 712 830 783 esset,
848 691 1039 768 hotkerus
1053 700 1097 767 ad
1150 723 1218 791 qne
1235 701 1373 782 docent,
1392 699 1635 770 simulandum
1650 701 1828 793 quendam
1846 701 2019 785 dolorem,
2039 722 2143 794 quent

83 816 86 820 Δ
104 818 357 909 Evangelicam
372 808 529 898 regulam
546 805 661 894 coepit
676 802 825 891 exigere,
848 825 938 893 quae
953 801 997 869 de
1014 824 1099 890 poc·
1150 813 1277 869 vocant
1292 800 1529 886 attritionem,
1556 801 1591 868 id
1610 825 1695 869 vero
1713 814 1782 886 est,
1804 803 1898 893 quod
1913 800 2051 871 Paulus
2066 826 2143 872 can-

106 921 258 1000 niteutia
278 914 419 1009 prodita
452 919 562 977 erant.
619 903 760 973 Placuit
782 903 888 972 hunis
907 894 1098 971 Luthcrus
1151 902 1280 970 terium
1308 915 1426 985 vocat,
1465 904 1560 996 quod
1587 898 1753 971 humanis
1775 904 1958 972 mentibus
1985 904 2143 979 inurunt

107 1045 142 1101 ge
162 1026 301 1118 aliquot
322 1014 427 1096 novi,
451 1031 603 1102 quorum
619 1005 756 1073 animos
770 1003 881 1073 erexit
895 998 1098 1073 Christiana
1151 999 1495 1094 Adduntpspiritum
1509 1004 1566 1072 dei
1580 1003 1760 1073 attritione
1777 1005 1970 1095 impetrari.
2011 1002 2143 1077 Contu

105 1127 235 1202 fidutia
249 1122 294 1190 ad
311 1139 408 1209 spem
423 1111 564 1192 salutis,
589 1121 625 1176 et
639 1106 702 1199 qui
718 1106 787 1175 sibi
800 1107 899 1174 velut
915 1129 956 1173 ex
976 1104 1098 1173 inferis
1151 1105 1294 1174 divinae
1319 1105 1442 1173 literae
1469 1108 1614 1189 docent,
1640 1104 1764 1174 divino
1786 1107 1917 1175 adflatu
1938 1102 2143 1196 contingere

105 1225 260 1305 revocati
274 1219 508 1295 videbantur,
532 1211 577 1279 ab
595 1209 657 1278 illo
678 1208 760 1297 iugo
775 1204 961 1279 Romanae
977 1219 1100 1301 tyran·
1151 1207 1275 1277 odium
1290 1207 1432 1297 peccati.
1480 1203 1573 1276 Nam
1594 1207 1657 1300 qui
1674 1208 1831 1276 carnales
1847 1221 1942 1292 sunt,
1970 1230 2046 1277 non
2064 1228 2144 1299 pos·

106 1332 204 1405 nidis
219 1340 253 1397 et
268 1317 555 1393 scholasticarum
570 1309 782 1401 opinionum
800 1306 954 1380 liberati.
1000 1306 1100 1396 Quot
1151 1321 1234 1378 sunt
1254 1332 1328 1377 non
1346 1309 1496 1399 probare
1511 1322 1711 1399 peccatum,
1737 1321 1778 1378 ut
1794 1311 1838 1377 ad
1852 1307 2039 1380 Romanos
2051 1308 2144 1381 Pan·

108 1433 204 1508 enim
221 1431 333 1498 bonas
349 1431 483 1490 mentes
502 1410 753 1483 abominabilis
769 1404 1012 1479 Antichristus
1034 1409 1100 1478 isto
1151 1412 1208 1479 lus
1223 1409 1356 1482 scribit.
1406 1405 1455 1478 Et
1472 1405 1562 1478 hanc
1579 1422 1698 1480 tuetur
1716 1410 1927 1480 sententiam
1940 1402 2144 1485 Lethaeus.

107 1534 201 1610 tristi
215 1532 298 1618 iugo
317 1517 496 1616 perdidit?
546 1512 808 1583 Paenitentiam
832 1512 1006 1580 docebant
1027 1533 1100 1579 esse
1151 1510 1309 1583 Rursum
1324 1505 1464 1581 scholae
1481 1512 1645 1595 tradunt,
1667 1512 1864 1581 condonari
1880 1527 2144 1603 peccatumno·

108 1634 313 1709 simulatum
336 1624 461 1694 odium
487 1629 727 1709 peccatorum,
761 1613 958 1682 condonari
979 1635 1102 1703 pecca-

107 1756 185 1813 tum
198 1718 396 1808 tradebant,
421 1722 452 1790 si
466 1716 687 1789 satisfecisses
699 1715 776 1786 rite.
808 1712 877 1783 Hic
893 1712 1102 1783 satisfactio-

107 1865 173 1913 nes
195 1835 283 1931 quid
303 1852 378 1899 non
397 1824 557 1893 fecerunt
578 1817 716 1906 negocii
743 1814 896 1885 adflictis
918 1816 1102 1884 conscien-

107 1941 192 2018 tiis?
233 1932 282 2006 Et
300 1951 411 2026 quum
427 1919 590 1995 Christus
612 1943 688 1988 non
702 1917 800 1987 aliud
818 1930 913 2006 agat,
938 1941 1047 2009 quam
1061 1929 1102 1985 ut

109 2053 247 2117 serenet
269 2026 518 2108 conscientias,
557 2021 634 2090 istis
663 2020 763 2089 nulla
795 2043 879 2088 cura
904 2019 991 2101 fuit,
1031 2017 1102 2086 nisi

107 2144 335 2219 labefactare,
361 2128 537 2209 cruciare,
566 2121 733 2210 adfligere
755 2119 1004 2203 conscientias,
1038 2141 1103 2187 vae

108 2246 229 2327 vobis,
267 2229 444 2331 pharisaei
477 2240 514 2296 et
538 2224 691 2304 scribae,
724 2235 777 2293 tot
797 2221 998 2291 animarum
1022 2220 1103 2303 reis,

110 2370 197 2445 quas
225 2332 411 2435 prophano
442 2326 624 2399 doctrinae
656 2346 783 2414 genere
818 2321 1008 2392 crudeliter
1039 2345 1104 2390 ne-

110 2449 222 2523 castis.
285 2437 356 2508 llic
384 2422 576 2503 Lutherus
609 2426 749 2508 docuit,
790 2438 931 2515 peccata
968 2424 1104 2493 condu-

110 2550 191 2623 nari
234 2564 310 2614 non
356 2528 678 2611 satisfactionibus,
731 2549 806 2594 non
853 2525 1103 2615 indulgentiis,

111 2654 173 2726 ned
220 2642 329 2737 gratis
377 2661 397 2706 a
438 2627 611 2712 Christo,
660 2627 767 2697 modo
812 2628 978 2698 credatur
1021 2625 1102 2695 voci

110 2749 246 2828 Christi
272 2735 498 2815 absolventis.
554 2729 638 2801 Non
663 2727 911 2820 spectandum,
949 2741 1102 2821 quantus

112 2858 158 2929 sit
204 2849 331 2925 dolor,
382 2849 556 2934 quantum
598 2832 645 2900 sit
686 2829 810 2899 odium
851 2829 997 2899 admissi
1039 2829 1103 2898 de.

110 2957 205 3041 licti,
228 2971 313 3021 nam
333 2943 384 3013 sic
400 2939 460 3009 isti
476 2935 668 3018 docebant,
693 2933 754 3001 sed
768 2930 950 3000 fidendum
967 2926 1103 3001 Christi

111 3053 364 3157 promissione,
400 3041 463 3137 qui
494 3037 601 3129 gratis
632 3033 844 3104 condonarit
863 3044 1002 3124 peccata
1026 3054 1101 3101 cre-

112 3159 291 3236 dentibus.
356 3142 562 3216 inculcabat
582 3137 673 3207 illud
687 3131 845 3221 Christi,
883 3129 923 3201 in
948 3155 1102 3203 arenam

113 3253 307 3353 aedificare
321 3272 413 3332 eum,
437 3238 597 3343 quisuis
614 3232 807 3308 conatibus
825 3229 1103 3330 ntugisfidcret,

113 3386 226 3467 prtum
255 3351 402 3427 divione
422 3336 681 3444 promissionis
704 3333 866 3412 oraculo.
929 3336 1104 3422 Fortasse,

112 3462 310 3563 principes,
330 3463 463 3519 vestras
482 3445 588 3515 etiam
604 3441 837 3512 conscientias
853 3452 956 3508 testes
978 3435 1103 3522 habeo,

112 3589 219 3667 quam
235 3553 406 3632 foeliciter
420 3543 637 3617 consuluerit
651 3540 945 3611 conscientiarum
956 3552 1105 3631 'pertur-

110 3662 249 3743 bationi
275 3645 477 3729 Lutherus.
552 3645 623 3715 Hic
648 3644 710 3711 ille
736 3642 891 3710 insanire
929 3655 964 3710 et
992 3641 1104 3710 recla-

112 3792 210 3844 mare
236 3754 453 3835 haereticum
482 3750 630 3838 dogma,
679 3741 817 3814 Romae
835 3737 1020 3836 Syleester
1042 3743 1103 3811 illc

113 3845 525 3948 S.PalatiiMagistcr*),
539 3841 707 3918 Martini
721 3843 1103 3915 commentariosetiam

113 3968 301 4051 cremavit,
325 3959 455 4055 quibus
473 3950 620 4024 tradidit
640 3947 737 4018 iuxta
755 3943 1010 4034 Evangelium‚
1033 3941 1105 4017 Pa.

114 4101 189 4150 cem
210 4093 286 4142 non
308 4061 511 4147 contingere
531 4050 782 4132 conscientiae,
807 4047 877 4115 nisi
900 4047 1104 4137 perfidem,

114 4177 222 4272 gratis
240 4161 437 4242 condonari
456 4156 670 4235 admissum,
695 4174 770 4220 non
790 4148 880 4217 dilui
906 4147 944 4215 id
966 4149 1022 4216 vel
1044 4172 1105 4217 ex-

114 4279 207 4375 piari
220 4269 351 4345 nostris
363 4259 557 4333 laboribus.
594 4252 678 4324 Nun
691 4254 795 4322 docet
807 4242 1012 4334 Lasthenes,
1029 4274 1104 4318 non

116 4402 191 4453 esse
205 4369 423 4467 deploranda
439 4372 596 4453 peccata,
621 4378 695 4425 non
713 4376 787 4422 esse
800 4365 1007 4423 vetustatem
1027 4376 1106 4420 car-

115 4485 173 4555 nis
196 4491 336 4548 nostrae
362 4462 606 4555 iugulandaxn.
642 4455 741 4526 ·Sed
765 4448 833 4523 hoc
853 4454 974 4538 docet,
1007 4454 1104 4522 unde

116 4580 268 4655 adflictis
297 4563 520 4642 conscientiis
549 4557 674 4628 solatia
703 4556 855 4649 petenda
884 4555 972 4639 sint,
1015 4578 1107 4648 quo-

115 4686 224 4757 modo
247 4670 404 4764 erigendi
427 4667 514 4749 sint,
544 4683 634 4755 quus
654 4657 789 4750 peccati
805 4657 1001 4749 mortisque
1025 4680 1107 4724 sen-

117 4811 177 4859 sus
189 4777 350 4876 perculit.
401 4766 478 4839 Hos
492 4762 655 4855 Papistae
669 4772 798 4828 vocant
811 4759 855 4827 ad
870 4758 1105 4827 satisfaction-

117 4889 231 4962 culas‚
268 4879 313 4948 ad
336 4868 591 4958 indulgentias,
624 4853 816 4931 Lntltcrus
838 4860 882 4931 ad
904 4859 1028 4943 fidem,
1061 4860 1106 4928 ad

117 4982 348 5075 Evangelinm
377 4985 490 5043 vocat.
542 4966 580 5035 id
607 4965 704 5059 quod
733 4974 907 5032 testantur
938 4962 1107 5089 pleraque

117 5094 193 5161 eius
216 5089 389 5173 dogmata.

123 5285 422 5312 W

149 5416 178 5485 ⁸)
197 5410 343 5480 Syteester
354 5362 481 5456 Peiorebs
499 5418 524 5453 s.
536 5398 572 5449 de
586 5391 709 5460 hierio,
729 5388 799 5446 Ortl.
809 5386 934 5446 endu.
985 5390 1020 5444 F.

1152 1613 1232 1682 stris
1260 1611 1520 1703 expiationibus
1549 1636 1611 1682 seu
1637 1613 1947 1687 satisfactionibus.
2011 1610 2144 1685 Coum

1152 1709 1315 1786 Christus
1331 1737 1404 1782 sese
1421 1715 1600 1783 victimam
1615 1708 1783 1783 exhibens
1802 1740 1867 1807 pro
1885 1727 2049 1805 peccato,
2071 1734 2144 1787 non

1153 1815 1273 1905 exigit,
1299 1814 1370 1883 nisi
1390 1828 1431 1885 ut
1450 1816 1650 1900 credamus,
1675 1839 1756 1884 cum
1779 1817 1843 1885 ait:
1869 1811 1950 1911 Qui
1969 1810 2084 1887 credit
2107 1814 2144 1887 itt

1152 1937 1219 2001 mc,
1234 1913 1268 1984 is
1286 1911 1374 1984 vivet
1390 1929 1454 1988 etc.
1495 1914 1617 2009 ltaque
1633 1916 1864 1988 conscientias
1878 1919 2002 1987 divino
2017 1917 2144 2010 spiritu

1153 2040 1339 2087 concussas
1358 2041 1397 2087 ac
1412 2018 1550 2087 territas
1565 2017 1769 2088 consolatur
1790 2014 1857 2091 hoc
1877 2011 2144 2089 modo'Lutlte·

1154 2141 1234 2203 rus,
1259 2143 1329 2212 quo
1345 2119 1433 2189 solet
1447 2115 1696 2208 Evangelium.
1749 2115 1868 2215 Atque
1884 2117 1988 2206 haec,
2010 2121 2144 2214 princi·

1153 2244 1231 2313 pes,
1261 2220 1498 2290 contentionis
1522 2215 1629 2290 huius
1652 2244 1786 2291 summa
1812 2237 1882 2307 est,
1906 2224 1951 2292 de
1971 2246 2043 2317 qtra
2066 2244 2144 2295 cunt

1155 2322 1367 2407 iudicabitis,
1390 2346 1529 2415 quaeso,
1551 2323 1740 2410 diligenter
1759 2326 1993 2408 considerate,
2020 2334 2144 2418 quae’a

1152 2416 1322 2494 Luthcro
1346 2437 1423 2493 tum
1446 2423 1485 2490 in
1502 2421 1759 2523 Baby'rpicam
1783 2426 2042 2518 captivitatem,
2069 2438 2145 2499 tun

1154 2527 1193 2594 in
1213 2524 1451 2594 adsertionem
1471 2537 1536 2598 etc.
1559 2520 1626 2594 hac
1650 2525 1693 2594 de
1717 2549 1756 2596 re
1780 2528 1909 2618 scripta
1926 2540 2024 2597 sunt·
2073 2524 2145 2597 sm

1154 2626 1212 2696 isti
1225 2626 1380 2709 somnia,
1403 2621 1462 2695 hic
1476 2625 1751 2696 divinas·literas
1767 2628 1887 2719 docet,
1909 2628 1968 2698 isti
1982 2628 2145 2701 simultas

1153 2727 1372 2820 poenitentia
1402 2727 1632 2798 ludificantur
1659 2722 1847 2799 hominurn
1882 2729 2043 2816 animos,
2087 2724 2145 2801 his

1153 2853 1273 2899 veram
1304 2827 1422 2918 exigit.
1491 2824 1552 2898 Illi
1580 2830 1812 2900 conscientias
1843 2844 1904 2901 aut
1930 2832 2145 2915 exanimant,

1154 2944 1215 3003 aut
1249 2953 1339 2999 rana
1374 2953 1523 3022 operum
1558 2924 1800 3002 humanorum
1837 2932 1967 3002 fiducia
2002 2933 2145 3007 tollunt.

1154 3031 1253 3122 Quid
1293 3032 1390 3125 quod
1432 3031 1571 3120 legibus
1604 3034 1844 3103 astrinxerunt
1877 3034 2145 3118 confessionem,

1153 3158 1260 3229 quam
1279 3134 1432 3203 maxime
1454 3133 1612 3224 oportuit
1633 3135 1791 3226 permitti
1811 3134 1968 3205 cuiusvis
1987 3134 2145 3208 arbitrio.

1153 3235 1245 3307 Nam
1272 3259 1352 3306 cum
1383 3235 1639 3306 confessionem
1670 3237 1803 3328 peccati
1830 3237 1948 3306 solum
1974 3238 2145 3330 exprimet

1154 3337 1259 3407 nobis
1274 3360 1379 3407 verus
1394 3336 1509 3420 dolor,
1530 3362 1636 3429 quem
1651 3338 1765 3406 divini
1782 3338 1925 3429 spiritus
1936 3362 2046 3430 opera
2060 3350 2145 3409 cutt-

1154 3438 1352 3530 coepimus,
1383 3462 1489 3531 quaxn
1509 3462 1703 3529 paucorum
1722 3438 1895 3509 confessio
1917 3440 1977 3530 pia
1999 3440 2064 3526 sit,
2086 3440 2145 3509 'le-

1155 3540 1220 3610 cile
1240 3552 1292 3608 est
1309 3539 1501 3612 aestimare.
1562 3538 1705 3632 Quippe
1728 3565 1809 3610 cum
1833 3541 1937 3631 pauci
1960 3564 2002 3609 er
2025 3536 2145 3611 animo

1154 3640 1237 3711 odio
1263 3634 1416 3710 habeant
1436 3653 1630 3730 peccatum.
1675 3639 1752 3712 ·Sed
1773 3635 1859 3709 haee
1879 3642 1978 3711 alias.
2030 3636 2146 3714 Audi·

1155 3742 1234 3826 stis,
1272 3740 1473 3833 Principes,
1510 3742 1599 3834 quid
1637 3743 1681 3812 de
1714 3741 1928 3812 contritione
1954 3735 2145 3813 Lutltsm

1155 3845 1301 3926 sentiat,
1334 3867 1441 3936 quam
1472 3841 1635 3934 improbe
1666 3843 1858 3912 mentiatur
1893 3839 2034 3926 hircus,
2066 3866 2145 3917 cun

1156 3944 1406 4016 contritionem
1431 3944 1480 4013 ait
1502 3968 1522 4012 a
1543 3936 1712 4013 Lutftero
1737 3944 1868 4034 negari.
1924 3941 2052 4017 Exstat
2073 3934 2146 4017 etsi

1156 4048 1200 4116 de
1214 4044 1436 4116 Paenitentia
1452 4068 1587 4129 sermo,
1612 4059 1748 4116 exstant
1762 4071 1852 4139 quac
1864 4047 2005 4139 scripsit
2024 4048 2061 4117 in
2077 4044 2145 4119 Bs-

1156 4146 1357 4242 bylonicam
1375 4145 1613 4237 captivitatem
1642 4161 1676 4217 et
1699 4148 1737 4216 in
1754 4143 1998 4218 Adsentiones.

1259 4244 1335 4315 lam
1365 4247 1445 4340 quis
1478 4249 1625 4317 omuino
1656 4243 1823 4318 hactenus
1851 4249 1895 4315 de
1921 4247 2144 4323 Contritiotte

1156 4349 1246 4417 male
1269 4348 1400 4419 sentire
1419 4340 1627 4416 Lutherum
1651 4349 1820 4419 iudicavit
1840 4365 1980 4441 praeter
2006 4364 2060 4436 te,
2090 4350 2144 4420 ni·

1155 4451 1288 4520 mirum
1302 4445 1457 4520 hostium
1475 4450 1572 4519 illius
1591 4450 1842 4527 acutissimum.
1893 4449 1966 4522 Sed
1982 4447 2055 4525 hoc
2068 4474 2144 4541 age·

1155 4552 1238 4635 bas,
1273 4575 1346 4621 non
1372 4566 1413 4622 ut
1437 4543 1646 4621 Lutlecrum
1676 4553 1890 4637 revincercs,
1937 4555 2001 4623 sed
2027 4568 2070 4626 ut
2090 4576 2144 4625 tn·

1156 4651 1393 4727 lumniarcris.
1442 4651 1533 4724 Nam
1552 4657 1647 4747 quod
1666 4655 1838 4748 qrtaedam
1853 4646 2051 4725 eLutlsert
2063 4654 2145 4726 scri·

1156 4755 1225 4845 ptis
1241 4755 1346 4838 citas,
1371 4768 1406 4825 et
1420 4756 1568 4824 obscure
1584 4768 1619 4824 et
1635 4755 1795 4846 improbe
1812 4754 1919 4838 citas,
1942 4769 1985 4826 ut
2001 4758 2067 4850 qui
2083 4778 2144 4829 nst

1157 4858 1276 4925 locum
1291 4856 1528 4947 adscripseris,
1553 4858 1650 4925 unde
1668 4857 1798 4947 petisti,
1820 4879 1883 4924 nec
1904 4855 2144 4947 integramu-

1158 4958 1281 5027 tuleris
1295 4958 1521 5042 sententiam,
1546 4981 1602 5042 ne,
1621 4957 1652 5026 si
1673 4958 1824 5028 candide
1838 4957 1976 5041 citares,
1995 4956 2089 5031 nihil
2102 4958 2144 5029 etl

1157 5083 1232 5128 rem
1247 5061 1361 5128 facere
1378 5058 1575 5143 videretur,
1601 5061 1697 5151 quod
1712 5059 1890 5151 producis.
1940 5058 2069 5133 Proser
2083 5059 2144 5151 igi·

1158 5174 1234 5244 tur,
1266 5162 1329 5230 ubi
1354 5153 1546 5230 Luthcrus
1576 5160 1625 5229 sic
1653 5175 1934 5251 argumentetur:
1970 5160 2144 5255 Baptisari

1159 5285 1234 5331 non
1261 5262 1450 5346 contritos,
1492 5261 1602 5352 igitur
1632 5277 1667 5335 et
1700 5262 1838 5334 absolvi
1866 5286 1943 5333 nou
1968 5263 2144 5337 mussites·

1159 5360 1241 5433 Nou
1258 5363 1400 5455 disputo
1425 5387 1521 5433 nunc
1537 5366 1582 5434 de
1598 5358 1664 5461 hac
1684 5363 1874 5449 sententis,
1898 5388 1982 5437 cunt
2007 5376 2145 5463 cenna,
