4500 5782
65 201 103 281 Ι
603 200 1040 281 ErtsroLAltUM
1091 205 1198 285 LIB.
1228 206 1295 286 ΙΙΙ.
1351 208 1483 287 1524.
1988 212 2065 287 nno

65 410 66 448 ,
114 371 249 433 -flmiut
285 371 464 427 risintotum
478 370 639 429 Pssltffium
653 372 864 433 Commentariis
903 374 1018 433 inass-

122 436 220 495 .demis
293 441 492 582 ittembergpppi
538 441 629 497 ubliee
656 442 812 515 praelectis,
846 408 1019 499 illustratum.

128 509 251 564 Auctore
270 510 311 564 lo.
331 508 423 581 Bugen
477 510 506 564 io
549 530 679 565 omersno
698 512 857 567 Ecclesiaste
875 510 1017 568 Wittem-

127 579 263 662 hergensi.
302 578 434 635 Frsuooi.
453 600 499 651 sp.
519 580 584 640 Chr.
603 579 802 653 Egenolphum.
827 613 862 628 ·-
902 584 1018 652 (recusa)
1055 614 1059 623 ·

129 648 212 703 Bassi.
232 646 550 730 apostatantium.
569 650 595 703 4.
615 670 647 703 er
685 669 718 703 ua
737 650 801 704 edit.
823 650 1016 723 praefationem

129 717 274 790 descripsit
291 716 418 772 tonnus.
458 718 615 773 Secundum
636 669 766 789 Ssiigium
785 719 813 771 in
832 720 880 772 der
900 718 1018 773 ilistorie

129 786 180 841 der
198 786 314 857 Augsh.·
326 784 451 843 Coniess.
473 787 574 842 T.·lll.
599 807 626 858 p.
641 787 701 843 399.
719 799 745 843 et
764 791 918 843 secundum
940 788 1017 845 Mlii

129 853 339 927 chronologiam
352 854 447 909 libror.
463 856 647 910 Melantbonis
666 857 753 927 prima
767 855 850 911 editio
866 875 937 910 anuo
953 810 984 910 li

127 924 244 995 prodiit.
288 925 380 978 Altera
409 924 467 980 rice
499 924 568 978 liber
600 924 768 979 emendatior
798 925 901 997 prodiit
927 923 1018 981 Viteh.

129 994 209 1051 1626.
227 997 255 1051 4.

109 1112 366 1215 Philippus
392 1109 628 1186 Melanch.
655 1109 870 1187 Lectoribus
890 1112 931 1187 S.

65 1232 195 1340 itmetsi
207 1266 429 1349 compertum
442 1250 609 1341 habeam,
633 1278 703 1350 qna
724 1258 793 1326 fide
813 1252 919 1328 huius
933 1277 1019 1346 ope-

65 1356 223 1431 i'auctor
250 1359 290 1427 in
321 1359 528 1429 enarrandis
550 1359 701 1429 Psalmis
729 1371 886 1427 versatus
910 1356 958 1425 sit
970 1348 1018 1450 *),

66 1485 165 1559 men,
196 1485 277 1553 cum
292 1454 424 1533 Paulus
448 1462 551 1531 ndbis
572 1463 714 1553 piorum
738 1455 924 1531 hominum
940 1470 1017 1526 tum

66 1562 155 1657 ripta
177 1576 255 1635 tum
280 1564 471 1634 sententias
494 1564 655 1655 religiose
681 1564 922 1645 commendet,
954 1560 1018 1629 ubi

67 1660 230 1759 ophetias
246 1676 342 1735 vetat
359 1677 603 1750 contemnere,
636 1690 710 1733 non
726 1677 820 1748 orat,
848 1686 912 1733 cur
934 1661 1017 1731 libri

67 1766 131 1839 tius
152 1766 384 1859 praeconium
407 1769 600 1838 faceremus
625 1767 704 1859 ipsi.
764 1760 930 1856 Optarim
955 1788 1019 1833 au-

68 1892 96 1947 n
117 1870 164 1941 ad
187 1867 264 1938 eius
288 1867 477 1938 lectionem
493 1868 644 1940 Paulina
667 1893 752 1937 voce
775 1891 883 1960 quam
904 1865 1019 1957 pluri-

69 1994 100 2043 ss
115 1968 283 2055 invitari,
308 1972 403 2063 qrrod
419 1968 570 2041 Psalmis
585 1995 660 2041 non
673 1972 888 2064 mediocrem
902 1969 1017 2038 lucem

70 2072 377 2145 :commentarius
393 2072 538 2146 adserat.
589 2071 704 2143 Porro
718 2074 799 2165 quis
822 2070 950 2153 nescit,
979 2068 1017 2138 io

70 2171 174 2245 nidis
189 2174 405 2245 carminibus
420 2175 493 2244 vim
508 2175 648 2267 pietatis
662 2169 827 2267 graphice
842 2171 1016 2263 depictam

71 2296 115 2361 e,
151 2276 254 2347 cuius
276 2276 433 2369 siquem
457 2291 553 2347 tenet
575 2277 755 2360 studium,
793 2274 839 2358 is,
879 2273 1019 2364 opinor,

72 2376 206 2447 minem
247 2376 315 2447 sibi
353 2380 464 2470 magis
502 2379 714 2449 familiarem
753 2398 1018 2465 congerronem,

72 2502 129 2549 am
156 2472 256 2549 hunc
286 2492 403 2549 vatem
430 2504 504 2551 esse
533 2482 647 2566 volet,
687 2479 749 2574 qui
777 2477 900 2547 divina
931 2501 1017 2545 voce

73 2580 190 2653 inilsus
219 2580 607 2653 animorummotibus
637 2583 815 2665 medetur,
858 2578 1018 2650 adllictos

74 2682 144 2775 git,
177 2683 411 2754 somnolentis
434 2699 619 2755 veternum
640 2683 780 2755 excutit.
831 2676 867 2753 Ο
889 2681 1017 2750 miram

74 2782 215 2859 ridicae
245 2778 399 2855 citharae
421 2788 512 2873 vim,
547 2810 639 2881 quae
660 2787 809 2856 verbnm
831 2783 890 2855 dei
913 2783 1017 2852 nobis

75 2910 108 2959 ιο
123 2885 372 2977 multipliciter
387 2890 559 2961 decantat.
584 2890 587 2896 ’
610 2887 782 2960 Pietatem
798 2887 860 2956 alii
877 2899 1018 2977 ponunt

76 2986 347 3079 baptismatibus
363 2992 496 3076 carnis,
529 3004 570 3061 ut
595 3004 740 3075 vocant,
772 2988 834 3058 alii
860 2988 898 3055 in
919 3010 1015 3056 com-

77 3088 187 3161 nium
208 3114 349 3161 morum
372 3107 595 3185 contemptu3
627 3093 780 3185 denique
795 3090 892 3159 varie
912 3089 1015 3159 nobis
1090 3154 1099 3172 ‚

77 3214 90 3261 e
113 3192 202 3261 deos
224 3194 459 3280 somniamus,
497 3220 517 3264 a
540 3195 670 3287 quibus
693 3192 874 3263 erroribus
894 3190 1015 3261 niudi-

78 3291 249 3385 i.mentes
273 3291 450 3367 humanae
474 3298 545 3367 nisi
565 3297 723 3386 germani
747 3294 847 3364 verbi
872 3293 928 3362 dci
955 3317 1013 3363 co-

79 3394 182 3467 tione
209 3418 285 3495 non
313 3413 471 3489 possunt.
539 3398 659 3488 Quare
687 3397 864 3468 studiosos
893 3419 1013 3465 rerum

79 3496 305 3567 ristianamm
319 3495 510 3587 adhortor,
540 3514 597 3586 ut,
628 3503 770 3594 quando
786 3500 847 3567 vix
864 3520 1014 3590 usquam

80 3610 132 3669 tas
144 3597 275 3667 clarius
292 3601 465 3693 descripta
480 3619 551 3684 cst.
579 3628 684 3696 quam
702 3605 741 3671 in
756 3600 922 3684 Psalmis,
948 3594 1013 3668 bos

81 3712 210 3791 genter
227 3720 450 3790 cognoscant.
502 3703 699 3776 Adiuvabit
716 3707 752 3773 id
776 3703 935 3774 studium
959 3725 1014 3770 se-

82 3800 316 3894 pinterpres,
350 3807 467 3898 quiin
486 3805 572 3877 locis
595 3807 755 3878 obscuris
778 3806 911 3874 erranti
931 3827 1014 3896 per-

83 3926 103 3973 e
136 3926 177 3972 ac
199 3903 431 3977 Mercuriales
454 3922 586 3979 statuae
608 3911 684 3981 vias
711 3907 891 3991 indicant,
930 3929 1014 3976 can-

83 4026 102 4074 e
116 4001 394 4102 simpliciterque
409 4011 631 4085 monstrabit.
683 4010 817 4082 Valete.

400 4385 632 4474 Iudicium.

87 4539 222 4595 iudicium
239 4538 418 4613 Woiigsngo
432 4563 446 4597 a
458 4544 620 4599 Saallssusen
633 4547 763 4618 scriptum
777 4550 804 4603 d.
817 4550 844 4607 8.
854 4550 925 4625 Aug.
936 4546 1011 4619 1624,

121 4612 165 4663 eui
183 4608 403 4680 subscripserunt
426 4612 574 4686 botherus,
603 4615 771 4670 l'omeranus
796 4632 821 4673 et
841 4620 911 4676 Phil.
932 4621 1011 4693 Mel,

105 4692 180 4731 -πυιι
194 4695 208 4729 s
224 4677 400 4732 Mebostone
414 4683 543 4751 scriptum
559 4693 608 4737 est.
644 4684 763 4739 liabetur
781 4690 808 4739 in
823 4688 932 4744 Lutheri
950 4690 1009 4762 epi·

120 4747 198 4805 stolis
218 4757 244 4801 et
264 4746 371 4801 indiciis
391 4752 462 4820 apud
483 4750 648 4807 Walclrium
671 4753 851 4813 TomXVll.
870 4779 933 4831 opp.
951 4761 1007 4815 hu-

122 4815 191 4870 theri
205 4836 232 4888 p.
247 4816 331 4887 2689,
350 4829 374 4870 et
390 4819 460 4889 apud
474 4820 506 4873 de
520 4818 568 4872 W
570 4832 616 4874 ιιι.
636 4823 661 4876 T
686 4824 720 4877 ll.
741 4846 766 4896 p.
780 4828 840 4881 582.

95 4976 286 5048 Bugenhsgius
301 4978 328 5031 in
344 4979 419 5051 epist.
433 4981 466 5034 ad
477 4981 646 5040 Fridericum
658 4988 845 5063 nueenisaz,
863 5014 1006 5049 canimen—

90 5046 155 5100 ‚ario
168 5067 217 5100 suo
233 5048 393 5118 praeruissa,
413 5061 523 5105 testatur
551 5073 580 5108 se
593 5054 766 5114 Melanthone
781 5066 916 5118 rnouitore
929 5066 1005 5120 Psal-

90 5134 145 5168 ποι
159 5116 266 5187 publice
282 5136 434 5189 enarrasse,
455 5131 480 5173 et
495 5090 585 5177 addit:
612 5135 662 5197 „et
676 5127 817 5202 Philippus
835 5138 927 5186 noste'r
940 5138 1006 5189 suh·

93 5183 148 5237 ude
161 5203 205 5236 me
219 5202 265 5236 sna
279 5187 441 5259 praesentia,
466 5189 578 5246 honoris
598 5195 698 5270 gratis,
722 5209 747 5251 et
767 5201 847 5254 simul
867 5214 896 5256 ιιι
914 5203 1007 5278 sciret,

101 5251 149 5305 nid
168 5251 323 5326 efficerem,
346 5254 522 5331 dignabatur,
547 5271 578 5312 ιιι
590 5261 630 5315 rel
646 5264 686 5321 sic
701 5275 726 5320 et
744 5287 787 5322 me
812 5280 837 5324 et
858 5290 935 5327 meos
955 5293 1004 5326 an·

92 5320 203 5403 iteres,
227 5339 296 5403 puae
309 5342 355 5414 spa
369 5334 407 5378 est
424 5325 450 5380 in
464 5326 534 5385 haue
546 5328 667 5387 scholam
680 5335 886 5415 benevolentis,
911 5341 939 5396 iu
959 5342 1004 5397 oi·

92 5406 144 5445 seso
158 5400 323 5447 contineret.

985 860 1040 912 tt-

1072 379 1138 455 Νι).
1153 379 1240 456 285.
1333 338 1340 349 l
1785 386 1861 479 (boc
1875 393 1938 455 iere
1950 385 2064 481 temp.)

1078 478 1248 508 Μ
1791 486 2058 523 *κν

1444 553 1684 642 Studiosis.

1141 746 1276 802 Praelatio
1291 750 1435 821 praemissa
1448 752 1533 807 libro:
1552 752 1619 825 ,.l)e
1631 751 1826 807 constituendis
1839 751 1938 805 scholis
1951 752 1990 805 M.
2003 750 2061 802 Lu·

1175 820 1252 871 theri
1261 818 1346 901 liber,
1364 819 1479 875 donatus
1492 820 1639 876 Latinitati.
1675 820 1899 903 PraeceditnPhil.
1912 817 2062 900 Melancht:

1173 886 1587 1029 tt²tltt.⁰.·...¹l3⁸tt⁰.tt,¹iit;
1608 886 2061 1027 ⁸'v÷i}..ili¹'ii¹i.¹ip?.iii¹'ii¹

1172 1025 1254 1077 hrum
1269 1025 1378 1078 Lutheri
1392 1029 1517 1096 vertisse,
1534 1040 1560 1080 et
1575 1028 1781 1081 illelanthonem
1795 1025 1950 1081 versionem
1964 1042 2060 1078 ernen-

1175 1092 1260 1146 dasse.
1281 1124 1310 1135 -
1346 1096 1456 1165 Legitur
1476 1096 1520 1150 illa
1534 1096 1623 1148 versio
1638 1096 1775 1167 Obsopaei
1790 1115 1853 1150 cum
1870 1092 1936 1146 Mel.
1953 1090 2060 1169 praeis·

1173 1161 1247 1213 tione
1272 1159 1354 1217 etiam
1379 1166 1408 1218 in
1427 1184 1462 1236 op
1485 1165 1619 1219 .butheri
1643 1165 1778 1237 Viteberg.
1802 1163 1878 1220 tasin.
1902 1159 2060 1217 'tomttt

1173 1247 1200 1302 p.
1214 1228 1281 1302 438,
1301 1230 1372 1291 unde
1385 1252 1444 1287 esna
1459 1185 1661 1304 descripsimus.

1115 1379 1375 1485 Philippus
1402 1386 1687 1463 Melanthea
1712 1385 2023 1489 (Melanchthon)

1348 1488 1527 1566 studiosis
1550 1492 1719 1567 carnibus
1743 1491 1783 1567 S.

1068 1604 1235 1711 Videris,
1264 1627 1517 1716 adulescentes,
1551 1630 1794 1702 commendari
1815 1628 1918 1700 vobis
1940 1627 2062 1698 litera-

1068 1750 1150 1797 rum
1171 1742 1206 1798 et
1227 1724 1458 1815 humanitatis
1479 1735 1637 1805 studium
1655 1760 1676 1805 a
1691 1725 1879 1812 Luthero,
1911 1730 2012 1800 cuius
2032 1731 2061 1799 si

1069 1853 1139 1922 qua
1165 1842 1217 1899 cst
1246 1833 1435 1904 auctoritas
1465 1838 1561 1926 apud
1590 1860 1670 1922 vos,
1710 1833 1897 1928 patiamini
1919 1854 2063 1927 quaeso,

1069 1931 1231 2024 publicae
1245 1935 1460 2008 necessitatis
1477 1961 1598 2023 causa,
1630 1940 1767 2009 avobis
1781 1939 1986 2029 impetrare,
2021 1948 2063 2006 ut

1069 2057 1145 2101 rem
1162 2034 1354 2106 literariam
1370 2052 1512 2109 strenue
1527 2041 1709 2114 tueamini.
1751 2037 1817 2110 Est
1831 2039 1926 2107 enim
1944 2035 2062 2107 omni-

1070 2159 1117 2204 no
1144 2135 1198 2204 vis
1220 2137 1335 2207 maior
1355 2141 1557 2227 literarum,
1588 2168 1694 2236 quam
1711 2143 1818 2232 mrigo
1843 2138 2059 2210 existimant:

1069 2239 1293 2329 nequeenim
1311 2242 1494 2332 religionis
1510 2259 1759 2315 ornamentum
1781 2243 1876 2313 aliud
1902 2241 2062 2333 splendi-

1069 2339 1150 2409 dius
1171 2353 1239 2426 est,
1268 2354 1301 2410 et
1323 2345 1438 2415 civilis
1462 2370 1582 2415 rernm
1604 2360 1715 2417 status
1734 2366 1880 2437 prorsus
1903 2343 2061 2417 aditeris

1068 2441 1209 2532 pendet.
1259 2440 1361 2514 Bona
1376 2470 1458 2538 pars
1473 2472 1616 2534 corum,
1650 2450 1712 2542 qui
1737 2448 1811 2516 vim
1833 2446 1977 2516 virtutis
1996 2468 2062 2514 nec

1068 2556 1213 2629 norunt,
1238 2568 1304 2616 nec
1318 2549 1551 2634 admirantur,
1577 2552 1727 2622 desertis
1743 2545 1873 2620 scholis
1891 2549 1936 2618 ad
1953 2569 2063 2641 qnae-

1068 2659 1203 2717 stnosas
1217 2661 1309 2717 artes
1323 2672 1359 2719 se
1382 2651 1587 2737 conterunt,
1619 2653 1701 2746 qui,
1735 2675 1817 2723 cum
1839 2674 1924 2743 prae
1948 2648 2061 2719 literis

1067 2748 1202 2817 ventris
1214 2750 1309 2820 bona
1322 2746 1495 2838 habeant,
1523 2757 1737 2848 quantulum
1759 2754 1892 2826 distant
1914 2776 1934 2821 a
1956 2775 2060 2845 peco-

1067 2849 1192 2919 ribus?
1242 2849 1319 2923 Alii
1334 2856 1582 2947 superstitione
1597 2858 1798 2928 desciscunt
1817 2880 1839 2926 a
1859 2853 1992 2938 literis,
2025 2866 2059 2921 et

1067 2949 1228 3041 ignaviae
1270 2978 1352 3026 suae
1386 2957 1596 3047 religionem
1629 2970 1854 3050 praetexunt,
1897 2951 1937 3023 hi
1974 2977 2059 3023 vem

1066 3054 1233 3123 omnibus
1246 3059 1362 3126 modis
1385 3061 1588 3131 exsecrandi
1602 3074 1695 3133 sunt.
1745 3058 1845 3130 Nulli
1863 3058 1958 3127 enim
1975 3054 2059 3124 reli·

1066 3178 1207 3244 gionem
1223 3158 1364 3245 gravius
1385 3160 1551 3247 laedunt,
1582 3186 1689 3253 quae,
1718 3187 1800 3231 cnm
1823 3159 1935 3231 literis
1955 3181 2059 3227 mnn-

1066 3258 1148 3326 data
1163 3256 1226 3342 sit,
1250 3260 1464 3330 nonnullam
1480 3264 1727 3333 discendarum
1741 3264 1923 3334 literarum
1937 3283 2058 3331 curam

1064 3359 1225 3451 requirit.
1289 3360 1439 3452 Linguis
1462 3364 1563 3458 loqui
1586 3380 1620 3436 et
1643 3362 1775 3437 Paulus
1800 3365 1919 3449 iussit3
1962 3362 2058 3432 idem

1064 3461 1219 3553 praecipi
1240 3464 1343 3533 vobis
1364 3466 1538 3535 sentiatis:
1571 3492 1686 3563 neque
1711 3468 1806 3536 enim
1829 3465 1980 3537 dubium
1996 3477 2059 3545 est,

1065 3562 1153 3657 quin
1168 3562 1206 3632 in
1222 3558 1290 3635 boc
1306 3568 1532 3639 relloruerint
1553 3564 1731 3641 humanae
1757 3569 1897 3652 literae,
1927 3580 1967 3636 ut
1992 3566 2056 3635 ad-

1066 3664 1235 3735 miniculo
1252 3682 1367 3740 essent
1380 3670 1521 3760 pictatis
1536 3672 1751 3747 doctorilms.
1800 3670 1958 3760 Lingnas
1971 3691 2069 3760 pro-¹

1063 3767 1154 3839 fecto
1182 3771 1338 3859 praecidi
1364 3786 1504 3863 oportet
1534 3773 1596 3858 iis,
1637 3776 1699 3865 qui
1728 3797 1793 3866 pro
1824 3769 2057 3842 concionibus

1063 3869 1195 3960 passim
1218 3893 1238 3939 a
1261 3871 1445 3944 literarum
1464 3876 1589 3945 studiis
1612 3873 1811 3968 imperitam
1836 3876 2056 3945 iuventutem

1065 3965 1308 4046 dehortantur.
1342 3973 1434 4045 Nam
1448 3978 1601 4047 admissa
1615 3977 1777 4047 barbarie
1791 3977 1953 4045 videmus
1968 3972 2055 4043 olim

1064 4073 1307 4145 labefactatam
1324 4069 1647 4168 esse'retigionem,
1678 4093 1710 4151 et
1732 4074 1959 4147 vehementer
1981 4098 2055 4142 me-

1064 4187 1143 4259 tuo,
1171 4198 1217 4244 ne
1233 4178 1356 4247 eodem
1371 4180 1491 4251 redcat
1510 4205 1583 4266 res,
1615 4181 1686 4251 nisi
1705 4180 1871 4250 manibus
1894 4200 1935 4247 ac
1953 4175 2054 4267 pedi-

1065 4277 1133 4345 bus
1153 4274 1433 4369 pulcherrimum
1450 4281 1519 4352 Dei
1537 4306 1686 4367 munus,
1715 4283 1852 4366 literas,
1886 4276 2073 4349 defende--

1064 4377 1186 4451 rimus.
1239 4378 1373 4456 Valete.

1063 4521 1290 4539 Μ

1097 4589 1125 4660 2)
1145 4589 1221 4646 llaec
1239 4590 1376 4649 Vincentii
1395 4594 1532 4719 Obsopael
1556 4597 1668 4667 epistola
1691 4595 1792 4668 legitur
1817 4595 1846 4649 in
1868 4596 1937 4651 cod.
1958 4594 2052 4678 Barpr.

1134 4656 1198 4715 Vol.
1213 4659 1245 4715 ll.
1263 4681 1291 4734 p.
1304 4664 1364 4745 647,
1373 4676 1403 4745 et
1417 4684 1445 4719 m
1459 4667 1467 4719 i
1481 4666 1578 4749 iavpost
1600 4685 1662 4721 uam
1675 4665 1804 4787 lopuutus
1824 4674 1863 4721 est
1881 4664 1916 4719 de
1933 4682 2054 4745 (sturme

1130 4746 1197 4797 suo,
1221 4730 1294 4801 quod
1311 4731 1436 4814 Philippo
1455 4744 1527 4787 nnsst
1548 4744 1578 4787 ut
1594 4735 1661 4789 illud
1678 4754 1701 4816 ιι
1723 4745 1778 4788 eret
1792 4744 1817 4819 et
1831 4734 2003 4815 emendaret,
2024 4750 2052 4812 ¹.¹¹

1130 4797 1730 4971 :raptamurtaratra
1750 4801 2053 4952 austrinus!

1129 4934 1599 5076 :3³23¹0¹4...⁵'ttl'ttl’tlttta..¹¹²
1616 4961 1724 5064 t‘ttt
1752 4940 1796 5062 iii
1816 4946 2052 5075 timidi}

1128 5110 1148 5145 „
1195 5073 1276 5155 ristus
1289 5076 1366 5130 norit
1379 5096 1428 5130 cor
1441 5097 1542 5131 rrreum.
1580 5078 1712 5132 Confiteri
1729 5075 1818 5158 (solo)
1831 5095 1881 5146 ego
1895 5092 2004 5147 quoque
2024 5075 2052 5128 iu

1128 5178 1148 5215 „
1171 5153 1327 5226 eneratrpne
1356 5144 1407 5199 bac
1437 5147 1572 5229 adut-tera·
1590 5156 1617 5201 et
1645 5156 1797 5269 peccatrice
1812 5163 1932 5227 'quoquo
1956 5144 2051 5226 modo.

1127 5161 1233 5293 „Quae
1252 5231 1295 5268 ssa
1315 5212 1462 5269 confitendi
1483 5235 1506 5269 st
1524 5216 1572 5269 trba
1591 5233 1643 5288 pro
1663 5224 1741 5288 atur,
1763 5212 1829 5269 mhsl
1851 5213 1941 5295 deesse
1962 5210 2052 5284 rideo,

1128 5299 1206 5353 „uns
1249 5282 1310 5364 ⁰⁰5¹.
1326 5282 1450 5365 extrudat
1473 5302 1582 5339 carmen
1602 5280 1930 5406 22¹⁸l¹35⁰¹⁸3l¹⁸¹l⁸³¹mffi
1978 5280 2051 5335 Beue

1127 5349 1223 5425 ιμὴ,
1263 5350 1380 5425 hdrppe,
1397 5371 1589 5409 snrmsemese
1614 5371 2014 5491 pmzppprmfimobwmm
