4500 5782
63 514 67 521 .
123 485 132 508 0

153 126 253 285 a

171 304 239 437 xa.
253 361 340 439 scs.
364 363 451 441 aas.

178 466 447 504 W

948 376 1013 456 (ex.
1030 352 1148 460 April.)

874 494 877 499 <
937 474 1152 510 w

317 573 336 599 ²
415 607 418 611 ’
449 580 520 665 De
548 508 877 692 Artabaptistis.

237 807 347 866 l’rodiil
360 808 557 892 bocniudicinm
570 806 651 929 simpl
664 809 854 930 cumppistola
866 810 905 934 a}
915 812 1159 937 Frpdepicpmlpqlpl-

166 970 172 989 .
272 882 724 1012 ananaurauna
767 897 868 1028 tzur,
881 899 1158 1031 caparam

163 1045 168 1055 ¹
271 1018 315 1072 nis
330 1017 450 1071 Basileae
471 1015 548 1067 editis
568 1015 601 1067 Τ.
614 1015 635 1067 Ι.
655 1034 681 1086 p.
694 1014 755 1069 403.
776 1025 800 1068 el
820 1036 848 1068 in
861 1017 991 1072 Consrhrs
1008 1018 1082 1072 latin.
1094 1021 1159 1074 Me-

165 1074 170 1081 '
273 1085 411 1140 lantsoni,
432 1081 571 1135 anezan
589 1081 668 1136 caini.
686 1083 718 1136 τ.
734 1083 753 1136 ι.
779 1102 806 1153 p.
818 1084 943 1138 sr-rs.
991 1087 1055 1140 vra.
1075 1091 1107 1141 aa
1125 1109 1159 1142 eo

271 1149 480 1208 Seelendortius
500 1151 528 1202 in
548 1151 642 1205 histor.
665 1151 862 1206 Lutberanismi
887 1155 919 1206 P.
941 1154 975 1208 ll.
1000 1175 1026 1226 p.
1041 1157 1101 1211 118.
1124 1185 1159 1203 ι-

271 1221 379 1277 Prodiit
389 1220 483 1274 eodem
498 1238 570 1273 anno
589 1221 759 1289 germanice:
788 1225 927 1288 ltnttttldtt
941 1227 1018 1282 albet
1036 1228 1073 1281 blo
1087 1227 1159 1295 tetre

166 1273 172 1285 ⁴
269 1296 313 1348 tet
326 1289 524 1357 tutetctto'ufet,
543 1294 593 1344 out
611 1292 665 1345 tem
679 1291 774 1345 tetdo.
792 1292 955 1358 nertrutldnt
967 1293 1038 1372 bord
1052 1295 1158 1359 &udum

270 1364 382 1424 Senatu.
412 1357 638 1414 tutuno-1⁵28.
667 1356 693 1412 4.
748 1359 850 1410 lterum
869 1358 1106 1416 &sordue-1528.
1131 1366 1157 1417 8.

166 1469 180 1473 .«
271 1429 350 1488 lianc
366 1425 520 1480 versionem
536 1424 658 1478 Perelius
673 1425 996 1501 inseruitlllelantbonis,
1014 1432 1158 1499 clptlssttdpen

217 1506 220 1511 ’
273 1495 439 1563 Βιδῑηῑεη”,
465 1512 491 1564 p.
508 1493 551 1545 51.
576 1502 602 1545 et
621 1492 771 1550 Walchius
792 1495 919 1566 operibus
940 1469 1049 1552 Lutberi
1070 1519 1157 1570 gerru.

150 1600 153 1605 .
270 1565 304 1618 T,
320 1565 378 1618 ΧΧ.
395 1582 423 1634 p.
433 1562 514 1617 2149.
533 1594 568 1606 -
605 1561 743 1631 (Primum
757 1562 820 1618 edit.
834 1561 910 1619 latin.
921 1584 979 1619 non
994 1567 1071 1636 vidi.)

644 1769 687 1842 A.

164 1883 377 2013 Reverendo
393 1928 522 2020 Patri,
548 1929 639 2003 Fri
645 1931 745 2005 deri
752 1962 799 2007 co
826 1932 967 2008 Abbati
986 1936 1043 2009 ad
1057 1938 1159 2012 San-

162 2057 264 2121 ctum
287 2035 482 2133 Aegidium
504 2032 863 2208 lllprihergsaeDPhi
869 2038 886 2109 l
891 2039 908 2107 i
911 2066 936 2137 p
942 2066 1028 2139 pus
1053 2040 1110 2111 M
1116 2069 1158 2112 e-

162 2196 170 2204 ·
286 2195 288 2198 -
536 2158 636 2212 ¹an.
700 2188 710 2208 .
778 2189 787 2210 .

139 2322 145 2332 “
168 2299 308 2407 Scripsi
340 2326 420 2382 ante
448 2312 585 2405 aliquot
613 2334 750 2380 menses
775 2314 919 2383 brevem
947 2315 1158 2406 disputatio-

162 2429 251 2488 nem
275 2409 312 2508 *)
342 2417 508 2483 adversus
533 2408 793 2503 Anabaptistas.
852 2414 911 2486 Sic
939 2417 1033 2485 enim
1061 2441 1157 2487 cram

161 2494 208 2590 'eo
227 2525 383 2607 tempore
399 2527 608 2605 occupatus,
632 2528 760 2584 utnon
778 2532 914 2588 vacaret
932 2512 1021 2585 mihi
1038 2518 1070 2586 ei
1092 2520 1157 2588 uni

170 2631 376 2710 argumento
395 2615 565 2684 adsidere.
616 2612 664 2684 Et
684 2616 746 2707 qui
767 2641 885 2685 meum
905 2619 1075 2688 iudicium
1100 2645 1157 2689 re-

169 2722 375 2817 quirebant,
405 2717 492 2785 adeo
513 2717 703 2805 urgebant,
735 2732 774 2787 ut
797 2720 853 2786 vel
874 2744 984 2789 vacuo
1007 2744 1081 2789 non
1101 2723 1157 2790 vi-

167 2827 336 2899 derentur
350 2816 525 2888 ¹relicturi
558 2819 646 2887 satis¹
677 2820 846 2909 temporis
882 2823 927 2889 ad
959 2821 1175 2926 longiorem·

168 2921 479 3005 commentarium,
511 2919 656 3009 permisi
681 2933 816 3005 tamen,
841 2935 882 2990 ut
905 2924 1067 2993 ederetur
1088 2920 1156 2993 hoc

126 3088 133 3097 .
160 3011 419 3121 Jqualecunque
443 3021 632 3110 scriptum,
669 3035 708 3090 ut
735 3022 868 3091 interea
900 3037 1049 3094 exstaret
1077 3049 1154 3094 mea

159 3127 351 3199 ¹sententia.
386 3121 520 3192 Multas
534 3135 648 3212 pestes
663 3146 779 3191 secum
791 3119 900 3195 trahit
915 3125 1006 3195 illud
1018 3127 1155 3216 dogma,

166 3256 232 3301 nec
246 3252 316 3299 uua
334 3227 369 3293 in
386 3248 424 3292 rc
442 3238 580 3295 tautum
601 3223 776 3294 falluntur
796 3225 856 3296 isti
875 3227 1019 3295 fanatici
1039 3222 1155 3295 homi-

158 3348 241 3402 nes.
294 3326 335 3396 ld
354 3328 450 3419 quod
466 3347 580 3417 nuper
594 3326 721 3394 rescivi
742 3349 782 3393 ex
803 3330 973 3418 quodam,
1000 3329 1062 3421 qui
1084 3329 1155 3396 ini-

99 3444 106 3451 ’
158 3435 273 3503 'tiatus
297 3429 368 3497 illis
386 3425 504 3518 impiis
520 3427 696 3519 mysteriis
722 3428 816 3496 ultro
838 3429 995 3519 resipuit.
1047 3426 1154 3499 Nulla

159 3532 218 3602 'est
234 3543 391 3600 veterum
404 3523 621 3612 haeresium,
642 3551 731 3620 quae
747 3552 820 3596 non
837 3530 999 3600 videatur
1013 3525 1070 3598 his
1091 3555 1156 3600 au-

158 3634 325 3707 ctoribus
346 3629 572 3722 repullulare.
623 3627 773 3698 Prodest
799 3629 907 3718 igitur
930 3626 1065 3700 hortari
1087 3632 1155 3699 iru-

158 3728 299 3831 ‘peritos
322 3729 503 3814 homines,
528 3743 568 3798 ut
586 3730 722 3819 fugiant
740 3726 1003 3822 Anabaptistas:
1031 3733 1155 3802 obam-

157 3834 401 3912 ‘butatsatam
426 3847 593 3924 tanquam
608 3832 663 3900 leo
677 3831 839 3920 rugiens,
864 3857 1034 3926 quaerens
1050 3858 1154 3927 quem

156 3943 320 4010 devoret.
374 3933 471 4022 Quid
488 3931 583 4001 enim
606 3934 703 4003 aliud
727 3947 810 4002 sunt
830 3934 974 4004 illorum
996 3935 1155 4025 disputa-

158 4043 298 4123 tiones,
331 4042 443 4129 ‘quam
475 4035 622 4103 insidiae
659 4035 879 4104 diabolicae?
942 4033 1026 4105 Non
1053 4060 1153 4129 saepe

164 4143 356 4233 scripturas
379 4138 506 4220 citant,
531 4137 739 4228 plerumque
761 4136 958 4206 rationibus
978 4138 1153 4223 nituntur,

159 4240 287 4317 'et'illis
304 4239 449 4335 quidem
464 4238 555 4305 male
573 4237 665 4306 inter
686 4261 720 4304 se
744 4231 1028 4308 cohaerentibus:
1056 4240 1152 4332 (prod

160 4336 338 4421 indicium
347 4355 399 4410 est
413 4354 657 4430 corruptarum
671 4339 863 4423 mentium,
878 4337 1029 4408 utPauli
1042 4342 1151 4410 verbo

157 4454 254 4516 utar.
317 4442 390 4522 Nos
420 4465 502 4508 vero
537 4463 698 4528 rogemus
725 4435 925 4524 Christum,
968 4441 1032 4534 qui
1064 4441 1152 4511 dixit

162 4546 289 4628 Petro,
323 4565 358 4610 se
384 4566 448 4633 pro
472 4565 513 4609 eo
535 4564 672 4629 rogasse
700 4564 745 4609 ne
773 4541 1032 4611 deficereteius
1057 4542 1153 4627 fides,

157 4642 203 4720 'ut
230 4660 264 4715 et
290 4645 397 4714 corda
425 4656 543 4711 nostra
565 4642 757 4727 custodiat,
788 4655 823 4711 et
845 4658 884 4711 ut
907 4643 1091 4714 exsuscitet
1114 4644 1153 4714 in

162 4749 267 4825 nobis
291 4747 413 4828 fidem,
444 4766 490 4811 ne
513 4768 532 4811 a
559 4742 781 4833 simplicitate
798 4741 909 4814 Verbi
926 4741 995 4813 Dei
1017 4746 1063 4814 ad
1085 4745 1153 4814 im-

156 4846 239 4947 pias
255 4847 442 4939 opiniones
458 4839 714 4919 abstrahamur.
766 4841 855 4914 Vale
872 4846 1032 4917 feliciter.

166 5065 390 5093 ‘¹¹⁸¹‘-

198 5188 229 5254 ι)
249 5184 363 5239 Videtur
380 5199 408 5237 sa
423 5197 494 5246 esse,
515 5194 595 5246 quam
610 5173 732 5230 dedimus
747 5173 794 5229 fin.
809 5195 875 5233 ann.
890 5175 964 5232 1⁵27.

132 5402 172 5432 h.

705 247 709 255 .
749 192 1199 321 nrtsronxxuu-
1241 201 1629 289 xrn.1v.·1tscs.

2122 226 2195 307 '⁰66

1684 387 1726 463 Β.
2131 364 2135 371 .

1211 501 1353 583 Contra
1376 509 1651 623 Anabaptistas
1672 515 1903 624 Philippi
1923 513 2195 612 Melantho·

1562 618 1613 688 ni
1618 645 1649 692 s.
1665 618 1853 702 iodicium.

1314 760 1426 855 Saepe
1448 763 1531 834 alias
1552 762 1724 855 diximus,
1750 797 1905 865 quorum
1925 777 2093 873 locorum
2113 772 2196 854 noli-

1212 865 1261 933 tia
1289 865 1440 933 maxime
1468 869 1661 938 necessaria
1694 870 1749 940 sit.
1815 872 1996 949 Indicavit
2024 880 2122 950 enirn
2148 906 2195 953 eos

1211 961 1391 1050 Christus,
1431 990 1510 1036 cum
1540 969 1637 1038 iubet
1663 975 1857 1071 praedicari
1881 981 2144 1071 poenitentiam
2167 997 2195 1054 et

1211 1068 1453 1135 remissionem
1472 1082 1703 1159 peccatorum.
1744 1071 1792 1148 Et
1808 1079 1923 1150 voluit
1936 1079 2075 1153 Paulus
2091 1099 2194 1154 osten-

1212 1170 1295 1236 dere
1317 1168 1526 1260 principalia
1544 1173 1656 1263 capita
1675 1176 1856 1247 doctrinae
1873 1177 2120 1270 Christianae,
2142 1187 2194 1256 ubi

1211 1270 1344 1362 inquit:
1369 1262 1483 1337 Finis
1495 1271 1679 1369 praecepti
1692 1284 1743 1344 est
1760 1278 1901 1350 caritas
1917 1306 1966 1351 ea:
1981 1280 2088 1353 corde
2103 1310 2195 1383 puro,

1212 1379 1243 1438 et
1260 1368 1479 1438 conscientia
1494 1368 1611 1454 bona,
1639 1383 1670 1442 ct
1672 1371 1753 1469 fide
1766 1404 1840 1450 non
1844 1377 1954 1474 ficta.
2007 1383 2124 1455 Iidem
2136 1390 2193 1458 loci

1211 1483 1463 1565 proponuntur
1476 1477 1569 1564 apud
1585 1474 1794 1568 Prophetas:
1818 1474 2127 1556 Misericordiam
2142 1513 2195 1559 co-

1213 1571 1285 1653 lui,
1328 1598 1400 1642 non
1430 1570 1669 1666 sacrificium,
1710 1588 1742 1648 et
1773 1581 1965 1656 scientiam
1996 1583 2081 1657 Dei
2105 1584 2194 1686 pios,

1211 1698 1323 1771 quarn
1355 1667 1585 1745 holocausta.
1654 1680 1710 1750 Ad
1745 1677 1841 1754 hunc
1875 1691 2025 1758 modum
2053 1706 2089 1760 et
2119 1693 2195 1762 alias

1212 1799 1313 1867 saepe
1336 1777 1507 1867 scriptura
1530 1794 1669 1864 monet,
1702 1796 1743 1853 ut
1771 1789 1922 1857 maxime
1951 1814 2195 1881 cognoscamus

1210 1872 1277 1945 hos
1291 1879 1404 1960 locos,
1429 1880 1626 1947 doctrinam
1643 1886 1898 1973 poenitentiae,
1918 1880 2003 1960 item
2020 1893 2123 1979 fidei,
2142 1920 2197 1988 pa-

1211 1978 1370 2062 tientiae,
1407 1980 1561 2049 caritatis
1588 1997 1621 2052 et
1647 1988 1807 2056 oxnnium
1836 1991 2016 2061 bonorum
2043 2018 2193 2086 operum.

1212 2076 1255 2148 ln
1277 2073 1343 2148 hos
1365 2079 1460 2149 locos
1490 2079 1621 2152 intueri
1646 2104 1894 2180 nos··oportet,
1934 2090 1992 2162 his
2019 2098 2195 2166 excitanda

1211 2196 1294 2251 sunt
1314 2182 1419 2250 corda
1442 2195 1475 2250 et
1495 2187 1713 2271 exercenda,
1727 2202 1768 2259 ut
1790 2192 1897 2263 simul
1913 2194 1951 2263 in
1973 2197 2083 2266 nobis
2097 2198 2197 2268 timor

1211 2295 1246 2353 et
1274 2281 1360 2351 fides
1391 2296 1603 2372 augeantur,
1638 2302 1672 2357 et
1704 2307 1834 2363 crescat
1864 2297 2022 2385 cognitio
2048 2296 2133 2385 Dei,
2149 2317 2195 2386 ¹et

1200 2383 1349 2476 ,quoties
1364 2384 1520 2476 aliquam
1536 2399 1672 2477 partem
1691 2393 1884 2484 scripturae
1906 2397 1947 2466 in
1965 2423 2096 2469 manus
2111 2401 2195 2473 aeci-

1211 2485 1344 2576 pimus,
1376 2485 1432 2552 illi
1455 2487 1541 2571 loci,
1575 2513 1664 2581 quos
1689 2497 1868 2581 recensui,
1900 2500 2058 2569 maxime
2084 2505 2196 2597 requi-

1209 2585 1312 2654 rendi
1341 2599 1433 2658 sunt.
1492 2585 1541 2656 Et
1570 2603 1620 2659 est
1650 2597 1821 2684 quaedam
1848 2621 1987 2669 summa
2019 2605 2195 2675 doctrinae

1209 2681 1431 2756 Christianae
1462 2689 1699 2761 informanda.
1767 2696 1838 2769 Sed
1860 2691 1928 2770 hoc
1954 2705 2075 2775 seculo
2097 2706 2195 2797 plane

1209 2803 1432 2879 praepostera
1458 2793 1611 2882 quadam
1635 2794 1805 2885 sapientia
1832 2801 2059 2875 delectantur
2085 2802 2195 2877 homi-

1209 2912 1289 2974 nes,
1314 2890 1476 2961 rixantur
1501 2894 1544 2961 de
1565 2897 1792 2983 ceremoniis,
1819 2902 1903 2971 item
1928 2906 1974 2974 de
1996 2908 2194 2978 traditioni·

1208 2991 1275 3059 bus
1293 2985 1459 3061 humanis
1475 2994 1550 3063 sine
1566 2995 1654 3081 fine,
1680 2999 1822 3070 interim
1837 3006 1881 3072 de
1895 3007 2138 3095 poenitentia,
2154 3013 2194 3081 de

1208 3091 1295 3176 fide,
1342 3093 1387 3160 de
1419 3118 1537 3179 cruce,
1575 3099 1619 3166 de
1649 3100 1791 3172 caritate
1832 3118 1867 3175 et
1895 3109 2068 3179 omnibus
2096 3110 2194 3181 bonis

1209 3193 1376 3282 operibus
1392 3217 1556 3284 magnum
1573 3199 1754 3270 silentium
1769 3217 1831 3277 est.
1875 3203 1951 3276 Nos
1967 3224 2089 3281 autem
2104 3237 2194 3283 sum-

1208 3317 1302 3361 mam
1317 3295 1497 3365 doctrinae
1513 3293 1736 3370 Christianae
1751 3327 1852 3396 saepe
1868 3309 1957 3377 alias
1976 3314 2194 3399 tradidimus,

1208 3407 1241 3463 et
1262 3394 1409 3465 fortasse
1433 3421 1495 3468 suo
1516 3401 1593 3469 loco
1619 3417 1826 3494 repetemus.
1891 3409 2018 3497 Nunc,
2036 3415 2132 3508 ,quia
2152 3419 2191 3485 de

1208 3493 1444 3566 Sacramentis
1460 3513 1531 3569 tam
1548 3503 1679 3572 multae
1699 3529 1738 3575 ac
1761 3509 1981 3597 perniciosae
2007 3515 2193 3586 dissensio·

1207 3618 1269 3664 nes
1291 3612 1394 3683 sunt,
1418 3600 1532 3670 visum
1553 3617 1604 3673 est
1627 3599 1793 3676 hocloco
1817 3611 1990 3704 attingere
2015 3616 2096 3685 illas
2114 3643 2194 3688 oon-

1207 3698 1412 3784 troversias‚
1436 3714 1476 3770 ut
1493 3706 1777 3793 praemuniamus
1799 3711 1919 3805 aliqua
1943 3733 2108 3809 exparte
2131 3721 2193 3788 im-

1206 3799 1339 3888 peritos
1366 3803 1533 3873 adversus
1562 3799 1741 3894 haereses,
1780 3836 1869 3903 qnae
1894 3839 2028 3906 magno
2050 3844 2191 3891 nomem

1207 3901 1358 3969 subinde
1389 3919 1592 3981 nascuntur.
1655 3906 1720 3981 Est
1751 3914 1845 3982 enim
1875 3915 2022 3989 difficile
2047 3925 2191 3993 retinere

1205 4024 1330 4070 verum
1353 4002 1446 4073 inter
1463 4018 1515 4076 tot
1543 4010 1727 4095 scandala,
1769 4014 1808 4081 in
1832 4028 1884 4084 tot
1906 4019 2193 4108 dissensionibus,

1195 4115 1242 4170 et
1265 4103 1338 4171 lere
1359 4104 1415 4184 fit,
1438 4120 1480 4175 ut
1503 4131 1603 4180 error
1622 4112 1741 4200 gignat
1764 4138 1938 4204 errorem,
1964 4129 2191 4214 quemadmo

1206 4205 1292 4272 dum
1317 4204 1490 4292 significat
1515 4222 1550 4278 et
1572 4209 1721 4297 Paulus,
1756 4239 1835 4285 enm
1859 4218 2001 4312 inquit,
2030 4221 2192 4322 preficere

1206 4296 1404 4375 haereticos
1420 4305 1459 4374 in
1474 4303 1640 4384 deterius.

1395 4483 1521 4583 Quid
1548 4492 1612 4562 sit
1644 4492 2006 4583 Sacramentum.

1305 4615 1371 4688 Est
1402 4635 1519 4697 autern
1551 4645 1807 4702 sacramentum
1844 4635 1990 4726 signum
2027 4644 2215 4720 divinitus

1207 4720 1408 4789 institutum
1432 4727 1624 4813 promissae
1645 4735 1774 4818 gratiae
1790 4731 1868 4809 Dei.
1914 4736 1965 4809 Et
1979 4744 2099 4835 placet
2114 4744 2193 4818 mibi

1206 4822 1294 4891 olim
1314 4838 1482 4912 usurpata
1504 4852 1588 4896 vox:
1618 4828 1774 4903 Accedat
1800 4835 1944 4908 verbum
1970 4839 2031 4912 ad
2050 4844 2194 4919 elemen-

1207 4929 1302 5006 tum,
1336 4929 1367 4989 et
1379 4918 1429 5016 fit
1451 4939 1732 5007 sacramentnm.
1787 4934 1880 5007 Nam
1906 4937 1996 5015 haec
2021 4949 2096 5021 duo
2120 4965 2192 5023 suu

1207 5022 1247 5092 in
1263 5040 1496 5097 sacramento:
1513 5026 1590 5101 Res
1601 5057 1690 5126 quae
1704 5036 1876 5126 significat
1891 5047 2109 5133 promissam
2124 5077 2193 5144 gra-

1207 5123 1311 5206 tiam,
1344 5139 1378 5195 ct
1394 5125 1552 5199 Verbum
1574 5157 1644 5226 quo
1668 5140 1888 5231 promittitur
1909 5149 2045 5235 gratia,
2077 5167 2190 5247 atquo

1205 5222 1304 5295 Deus
1324 5225 1477 5299 instituit
1498 5232 1651 5322 siguum.
1710 5236 1826 5333 Multa
1848 5243 1959 5334 igitur
1983 5268 2189 5325 sacramente

1193 5330 1387 5407 ⁴numerari
1413 5346 1570 5423 possent,
1597 5336 1625 5403 si
1639 5338 1717 5432 quis
1734 5343 1853 5424 omnia
1865 5347 1973 5440 ,signa
1991 5356 2188 5444 promissio·
