<?xml version="1.0" encoding="UTF-8"?>
<!DOCTYPE html PUBLIC "-//W3C//DTD XHTML 1.0 Transitional//EN"
    "http://www.w3.org/TR/xhtml1/DTD/xhtml1-transitional.dtd">
<html xmlns="http://www.w3.org/1999/xhtml" xml:lang="en" lang="en">
 <head>
  <title>
</title>
<meta http-equiv="Content-Type" content="text/html;charset=utf-8" />
  <meta name='ocr-system' content='tesseract 3.04.00' />
  <meta name='ocr-capabilities' content='ocr_page ocr_carea ocr_par ocr_line ocrx_word'/>
</head>
<body>
  <div class='ocr_page' id='page_1' title='image "./corpusreformato07melagoog/corpusreformato07melagoog_0531.png"; bbox 0 0 4500 5782; ppageno 0'>
   <div class='ocr_carea' id='block_1_1' title="bbox 110 112 2139 279">
    <p class='ocr_par' dir='ltr' id='par_1_1' title="bbox 110 112 2139 279">
     <span class='ocr_line' id='line_1_1' title="bbox 110 112 2139 279; baseline 0.002 -31"><span class='ocrx_word' id='word_1_1' title='bbox 110 180 185 271; x_wconf 65' lang='lat' dir='ltr'>sa</span> <span class='ocrx_word' id='word_1_2' title='bbox 677 112 1115 247; x_wconf 77' lang='lat' dir='ltr'>urrsroranuu</span> <span class='ocrx_word' id='word_1_3' title='bbox 1164 169 1274 246; x_wconf 81' lang='lat' dir='ltr'>nro.</span> <span class='ocrx_word' id='word_1_4' title='bbox 1311 167 1381 248; x_wconf 79' lang='lat' dir='ltr'>rr.</span> <span class='ocrx_word' id='word_1_5' title='bbox 1433 169 1568 276; x_wconf 78' lang='lat' dir='ltr'>rser.</span> <span class='ocrx_word' id='word_1_6' title='bbox 1671 162 1679 177; x_wconf 86' lang='lat'><em>&#39;</em></span> <span class='ocrx_word' id='word_1_7' title='bbox 2072 176 2139 279; x_wconf 83' lang='lat' dir='ltr'>sa</span> 
     </span>
    </p>
   </div>
   <div class='ocr_carea' id='block_1_2' title="bbox 22 318 2141 1458">
    <p class='ocr_par' dir='ltr' id='par_1_2' title="bbox 22 318 2141 1458">
     <span class='ocr_line' id='line_1_2' title="bbox 111 318 2138 445; baseline -0 -21"><span class='ocrx_word' id='word_1_8' title='bbox 111 350 269 424; x_wconf 88' lang='lat' dir='ltr'>uberius.</span> <span class='ocrx_word' id='word_1_9' title='bbox 308 328 564 440; x_wconf 76' lang='lat' dir='ltr'>&#39;Impediebant</span> <span class='ocrx_word' id='word_1_10' title='bbox 587 346 683 417; x_wconf 89' lang='lat' dir='ltr'>enim</span> <span class='ocrx_word' id='word_1_11' title='bbox 707 318 781 434; x_wconf 71' lang='lat' dir='ltr'>nie,</span> <span class='ocrx_word' id='word_1_12' title='bbox 813 360 855 418; x_wconf 98' lang='grc' dir='ltr'>ιιι</span> <span class='ocrx_word' id='word_1_13' title='bbox 878 346 962 434; x_wconf 78' lang='lat' dir='ltr'>scis,</span> <span class='ocrx_word' id='word_1_14' title='bbox 992 370 1103 441; x_wconf 90' lang='lat' dir='ltr'>quae-</span> <span class='ocrx_word' id='word_1_15' title='bbox 1151 343 1234 416; x_wconf 88' lang='lat' dir='ltr'>dam</span> <span class='ocrx_word' id='word_1_16' title='bbox 1259 344 1330 416; x_wconf 86' lang='lat' dir='ltr'>tois</span> <span class='ocrx_word' id='word_1_17' title='bbox 1355 342 1540 441; x_wconf 64' lang='lat' dir='ltr'>laborffius</span> <span class='ocrx_word' id='word_1_18' title='bbox 1567 348 1730 441; x_wconf 75' lang='lat' dir='ltr'><strong>cognovi.</strong></span> <span class='ocrx_word' id='word_1_19' title='bbox 1793 342 1843 433; x_wconf 81' lang='lat' dir='ltr'>Et</span> <span class='ocrx_word' id='word_1_20' title='bbox 1872 372 2082 445; x_wconf 80' lang='lat' dir='ltr'>quanquam</span> <span class='ocrx_word' id='word_1_21' title='bbox 2104 374 2138 423; x_wconf 81' lang='lat' dir='ltr'>ex</span> 
     </span>
     <span class='ocr_line' id='line_1_3' title="bbox 112 445 2139 543; baseline 0 -20"><span class='ocrx_word' id='word_1_22' title='bbox 112 450 394 523; x_wconf 83' lang='lat' dir='ltr'>damlamiliaria</span> <span class='ocrx_word' id='word_1_23' title='bbox 412 450 561 540; x_wconf 88' lang='lat' dir='ltr'>negotia.</span> <span class='ocrx_word' id='word_1_24' title='bbox 606 445 689 540; x_wconf 24' lang='lat' dir='ltr'>&#39;Ego</span> <span class='ocrx_word' id='word_1_25' title='bbox 704 462 821 519; x_wconf 91' lang='lat' dir='ltr'>tamen</span> <span class='ocrx_word' id='word_1_26' title='bbox 837 463 890 534; x_wconf 91' lang='lat' dir='ltr'>te,</span> <span class='ocrx_word' id='word_1_27' title='bbox 916 473 1043 543; x_wconf 76' lang='lat' dir='ltr'>exquo</span> <span class='ocrx_word' id='word_1_28' title='bbox 1057 452 1102 519; x_wconf 90' lang='lat' dir='ltr'>de</span> <span class='ocrx_word' id='word_1_29' title='bbox 1151 447 1227 539; x_wconf 91' lang='lat' dir='ltr'>ipso</span> <span class='ocrx_word' id='word_1_30' title='bbox 1255 470 1381 538; x_wconf 80' lang='lat' dir='ltr'>genere</span> <span class='ocrx_word' id='word_1_31' title='bbox 1414 451 1585 520; x_wconf 83' lang='lat' dir='ltr'>orationis</span> <span class='ocrx_word' id='word_1_32' title='bbox 1613 465 1694 521; x_wconf 87' lang='lat' dir='ltr'>tuae</span> <span class='ocrx_word' id='word_1_33' title='bbox 1726 475 1842 522; x_wconf 86' lang='lat' dir='ltr'>mores</span> <span class='ocrx_word' id='word_1_34' title='bbox 1872 450 1972 524; x_wconf 73' lang='lat' dir='ltr'>tuos¹</span> <span class='ocrx_word' id='word_1_35' title='bbox 1990 452 2139 543; x_wconf 84' lang='lat' dir='ltr'>suavita-</span> 
     </span>
     <span class='ocr_line' id='line_1_4' title="bbox 111 546 2139 654; baseline 0 -30"><span class='ocrx_word' id='word_1_36' title='bbox 111 557 205 625; x_wconf 84' lang='lat' dir='ltr'>lama</span> <span class='ocrx_word' id='word_1_37' title='bbox 230 552 333 637; x_wconf 89' lang='lat' dir='ltr'>novi,</span> <span class='ocrx_word' id='word_1_38' title='bbox 365 572 504 643; x_wconf 83' lang='lat' dir='ltr'>semper</span> <span class='ocrx_word' id='word_1_39' title='bbox 531 551 667 636; x_wconf 86' lang='lat' dir='ltr'>amavi,</span> <span class='ocrx_word' id='word_1_40' title='bbox 698 552 779 644; x_wconf 89' lang='lat' dir='ltr'>quia</span> <span class='ocrx_word' id='word_1_41' title='bbox 800 576 876 621; x_wconf 93' lang='lat' dir='ltr'>non</span> <span class='ocrx_word' id='word_1_42' title='bbox 896 550 1011 621; x_wconf 91' lang='lat' dir='ltr'>solum</span> <span class='ocrx_word' id='word_1_43' title='bbox 1036 553 1103 621; x_wconf 92' lang='lat' dir='ltr'>do-</span> <span class='ocrx_word' id='word_1_44' title='bbox 1152 562 1292 642; x_wconf 79' lang='lat' dir='ltr'>temque</span> <span class='ocrx_word' id='word_1_45' title='bbox 1306 550 1442 641; x_wconf 89' lang='lat' dir='ltr'>ingeuii</span> <span class='ocrx_word' id='word_1_46' title='bbox 1457 554 1690 634; x_wconf 78' lang='lat' dir='ltr'>aestimarim,</span> <span class='ocrx_word' id='word_1_47' title='bbox 1712 550 1788 624; x_wconf 80' lang='grc' dir='ltr'>ἔστι</span> <span class='ocrx_word' id='word_1_48' title='bbox 1807 546 1883 652; x_wconf 77' lang='lat' dir='ltr'>ydp</span> <span class='ocrx_word' id='word_1_49' title='bbox 1907 548 1927 625; x_wconf 85' lang='grc' dir='ltr'><strong><em>ὅ</em></strong></span> <span class='ocrx_word' id='word_1_50' title='bbox 1951 546 2063 654; x_wconf 71' lang='grc' dir='ltr'><strong><em>λόγος</em></strong></span> <span class='ocrx_word' id='word_1_51' title='bbox 2075 578 2139 647; x_wconf 68' lang='lat' dir='ltr'>go·</span> 
     </span>
     <span class='ocr_line' id='line_1_5' title="bbox 58 647 2140 748; baseline 0 -22"><span class='ocrx_word' id='word_1_52' title='bbox 58 706 62 717; x_wconf 81' lang='lat'><strong>·</strong></span> <span class='ocrx_word' id='word_1_53' title='bbox 112 680 208 740; x_wconf 91' lang='lat' dir='ltr'>cere,</span> <span class='ocrx_word' id='word_1_54' title='bbox 234 656 294 723; x_wconf 87' lang='lat' dir='ltr'>sed</span> <span class='ocrx_word' id='word_1_55' title='bbox 313 654 418 723; x_wconf 90' lang='lat' dir='ltr'>etiam</span> <span class='ocrx_word' id='word_1_56' title='bbox 434 654 605 744; x_wconf 77' lang='lat' dir='ltr'>singulari</span> <span class='ocrx_word' id='word_1_57' title='bbox 627 654 794 723; x_wconf 88' lang='lat' dir='ltr'>modestia</span> <span class='ocrx_word' id='word_1_58' title='bbox 815 654 867 723; x_wconf 88' lang='lat' dir='ltr'>uti</span> <span class='ocrx_word' id='word_1_59' title='bbox 890 654 927 721; x_wconf 92' lang='lat' dir='ltr'>in</span> <span class='ocrx_word' id='word_1_60' title='bbox 950 653 1102 737; x_wconf 88' lang='lat' dir='ltr'>dicendo</span> <span class='ocrx_word' id='word_1_61' title='bbox 1152 647 1293 747; x_wconf 78' lang='grc' dir='ltr'><strong><em>ρακτὴρ</em></strong></span> <span class='ocrx_word' id='word_1_62' title='bbox 1313 654 1379 744; x_wconf 78' lang='grc' dir='ltr'>τῆς</span> <span class='ocrx_word' id='word_1_63' title='bbox 1395 657 1534 746; x_wconf 76' lang='grc' dir='ltr'><strong><em>ψυχῆςε</em></strong></span> <span class='ocrx_word' id='word_1_64' title='bbox 1567 667 1687 745; x_wconf 82' lang='lat' dir='ltr'>tamen</span> <span class='ocrx_word' id='word_1_65' title='bbox 1710 677 1941 745; x_wconf 88' lang='lat' dir='ltr'>magnacum</span> <span class='ocrx_word' id='word_1_66' title='bbox 1966 656 2140 748; x_wconf 80' lang='lat' dir='ltr'>voluptate</span> 
     </span>
     <span class='ocr_line' id='line_1_6' title="bbox 106 748 2140 850; baseline 0 -22"><span class='ocrx_word' id='word_1_67' title='bbox 106 755 304 840; x_wconf 67' lang='lat' dir='ltr'>timebatis,</span> <span class='ocrx_word' id='word_1_68' title='bbox 328 779 417 850; x_wconf 91' lang='lat' dir='ltr'>quae</span> <span class='ocrx_word' id='word_1_69' title='bbox 432 778 512 825; x_wconf 90' lang='lat' dir='ltr'>meo</span> <span class='ocrx_word' id='word_1_70' title='bbox 534 756 685 839; x_wconf 91' lang='lat' dir='ltr'>iudicio,</span> <span class='ocrx_word' id='word_1_71' title='bbox 711 754 742 823; x_wconf 92' lang='lat' dir='ltr'>si</span> <span class='ocrx_word' id='word_1_72' title='bbox 766 754 851 848; x_wconf 92' lang='lat' dir='ltr'>quid</span> <span class='ocrx_word' id='word_1_73' title='bbox 864 748 983 825; x_wconf 80' lang='lat' dir='ltr'>&#39;modo</span> <span class='ocrx_word' id='word_1_74' title='bbox 1008 754 1103 829; x_wconf 87' lang='lat' dir='ltr'>iudi·</span> <span class='ocrx_word' id='word_1_75' title='bbox 1153 775 1254 844; x_wconf 80' lang='lat' dir='ltr'>saepe</span> <span class='ocrx_word' id='word_1_76' title='bbox 1269 753 1358 823; x_wconf 85' lang='lat' dir='ltr'>alios</span> <span class='ocrx_word' id='word_1_77' title='bbox 1371 755 1477 824; x_wconf 91' lang='lat' dir='ltr'>etiam</span> <span class='ocrx_word' id='word_1_78' title='bbox 1491 756 1614 826; x_wconf 89' lang='lat' dir='ltr'>audivi</span> <span class='ocrx_word' id='word_1_79' title='bbox 1635 751 1893 826; x_wconf 73' lang='lat' dir='ltr'>humanitatem</span> <span class='ocrx_word' id='word_1_80' title='bbox 1909 770 2012 826; x_wconf 88' lang='lat' dir='ltr'>tuam</span> <span class='ocrx_word' id='word_1_81' title='bbox 2035 758 2140 828; x_wconf 88' lang='lat' dir='ltr'>oomi·</span> 
     </span>
     <span class='ocr_line' id='line_1_7' title="bbox 114 853 2140 949; baseline -0.001 -19"><span class='ocrx_word' id='word_1_82' title='bbox 114 883 193 930; x_wconf 89' lang='lat' dir='ltr'>care</span> <span class='ocrx_word' id='word_1_83' title='bbox 218 874 390 949; x_wconf 72' lang='lat' dir='ltr'>possum,</span> <span class='ocrx_word' id='word_1_84' title='bbox 418 857 622 945; x_wconf 90' lang='lat' dir='ltr'>dignissima</span> <span class='ocrx_word' id='word_1_85' title='bbox 647 871 698 926; x_wconf 88' lang='lat' dir='ltr'>est</span> <span class='ocrx_word' id='word_1_86' title='bbox 717 859 862 926; x_wconf 87' lang='lat' dir='ltr'>doctore</span> <span class='ocrx_word' id='word_1_87' title='bbox 881 853 1104 928; x_wconf 82' lang='lat' dir='ltr'>Christianae</span> <span class='ocrx_word' id='word_1_88' title='bbox 1153 868 1329 948; x_wconf 88' lang='lat' dir='ltr'>tatemque</span> <span class='ocrx_word' id='word_1_89' title='bbox 1343 857 1597 946; x_wconf 88' lang='lat' dir='ltr'>praedicantes.</span> <span class='ocrx_word' id='word_1_90' title='bbox 1647 856 1804 927; x_wconf 86' lang='lat' dir='ltr'>Proinde</span> <span class='ocrx_word' id='word_1_91' title='bbox 1824 859 2030 930; x_wconf 90' lang='lat' dir='ltr'>arbitrabar</span> <span class='ocrx_word' id='word_1_92' title='bbox 2045 859 2140 928; x_wconf 82' lang='lat' dir='ltr'>facile</span> 
     </span>
     <span class='ocr_line' id='line_1_8' title="bbox 113 953 2138 1050; baseline -0 -19"><span class='ocrx_word' id='word_1_93' title='bbox 113 959 307 1049; x_wconf 87' lang='lat' dir='ltr'>religionis.</span> <span class='ocrx_word' id='word_1_94' title='bbox 373 957 470 1046; x_wconf 85' lang='lat' dir='ltr'>Quid</span> <span class='ocrx_word' id='word_1_95' title='bbox 507 959 600 1026; x_wconf 90' lang='lat' dir='ltr'>enim</span> <span class='ocrx_word' id='word_1_96' title='bbox 634 958 870 1050; x_wconf 89' lang='lat' dir='ltr'>plurimorum</span> <span class='ocrx_word' id='word_1_97' title='bbox 904 959 1103 1028; x_wconf 88' lang='lat' dir='ltr'>inconsulta</span> <span class='ocrx_word' id='word_1_98' title='bbox 1154 980 1210 1025; x_wconf 92' lang='lat' dir='ltr'>me</span> <span class='ocrx_word' id='word_1_99' title='bbox 1234 972 1504 1028; x_wconf 90' lang='lat' dir='ltr'>consecuturum</span> <span class='ocrx_word' id='word_1_100' title='bbox 1524 983 1614 1046; x_wconf 87' lang='lat' dir='ltr'>esse,</span> <span class='ocrx_word' id='word_1_101' title='bbox 1655 974 1696 1030; x_wconf 92' lang='lat' dir='ltr'>ut</span> <span class='ocrx_word' id='word_1_102' title='bbox 1716 958 1756 1028; x_wconf 92' lang='lat' dir='ltr'>in</span> <span class='ocrx_word' id='word_1_103' title='bbox 1778 953 1925 1029; x_wconf 85' lang='lat' dir='ltr'>tuorum</span> <span class='ocrx_word' id='word_1_104' title='bbox 1950 959 2138 1030; x_wconf 88' lang='lat' dir='ltr'>amicorum</span> 
     </span>
     <span class='ocr_line' id='line_1_9' title="bbox 49 1058 2138 1158; baseline -0.001 -26"><span class='ocrx_word' id='word_1_105' title='bbox 49 1146 53 1158; x_wconf 31' lang='grc' dir='ltr'>Ι</span> <span class='ocrx_word' id='word_1_106' title='bbox 114 1058 336 1132; x_wconf 88' lang='lat' dir='ltr'>vehementia</span> <span class='ocrx_word' id='word_1_107' title='bbox 355 1060 452 1129; x_wconf 90' lang='lat' dir='ltr'>aliud</span> <span class='ocrx_word' id='word_1_108' title='bbox 474 1060 606 1144; x_wconf 84' lang='lat' dir='ltr'>effecit,</span> <span class='ocrx_word' id='word_1_109' title='bbox 633 1061 702 1129; x_wconf 92' lang='lat' dir='ltr'>nisi</span> <span class='ocrx_word' id='word_1_110' title='bbox 719 1074 759 1131; x_wconf 88' lang='lat' dir='ltr'>ut</span> <span class='ocrx_word' id='word_1_111' title='bbox 773 1061 878 1152; x_wconf 91' lang='lat' dir='ltr'>plena</span> <span class='ocrx_word' id='word_1_112' title='bbox 895 1084 933 1131; x_wconf 89' lang='lat' dir='ltr'>ea</span> <span class='ocrx_word' id='word_1_113' title='bbox 953 1061 1030 1130; x_wconf 93' lang='lat' dir='ltr'>loca</span> <span class='ocrx_word' id='word_1_114' title='bbox 1048 1073 1105 1129; x_wconf 94' lang='lat' dir='ltr'>tu-</span> <span class='ocrx_word' id='word_1_115' title='bbox 1154 1080 1342 1128; x_wconf 87' lang='lat' dir='ltr'>numerum</span> <span class='ocrx_word' id='word_1_116' title='bbox 1371 1083 1428 1129; x_wconf 90' lang='lat' dir='ltr'>me</span> <span class='ocrx_word' id='word_1_117' title='bbox 1458 1085 1600 1155; x_wconf 91' lang='lat' dir='ltr'>quoque</span> <span class='ocrx_word' id='word_1_118' title='bbox 1627 1061 1843 1131; x_wconf 83' lang='lat' dir='ltr'>adscriberes</span> <span class='ocrx_word' id='word_1_119' title='bbox 1871 1075 1906 1131; x_wconf 91' lang='lat' dir='ltr'>et</span> <span class='ocrx_word' id='word_1_120' title='bbox 1938 1085 2138 1148; x_wconf 86' lang='lat' dir='ltr'>recenseres,</span> 
     </span>
     <span class='ocr_line' id='line_1_10' title="bbox 22 1154 2139 1255; baseline -0.001 -21"><span class='ocrx_word' id='word_1_121' title='bbox 22 1190 25 1195; x_wconf 91' lang='lat'>·</span> <span class='ocrx_word' id='word_1_122' title='bbox 116 1163 293 1234; x_wconf 80' lang='lat' dir='ltr'>rnultuum</span> <span class='ocrx_word' id='word_1_123' title='bbox 322 1174 447 1231; x_wconf 82' lang='lat' dir='ltr'>essent.</span> <span class='ocrx_word' id='word_1_124' title='bbox 496 1160 599 1240; x_wconf 84' lang='lat' dir='ltr'>¹Fuit</span> <span class='ocrx_word' id='word_1_125' title='bbox 627 1183 764 1231; x_wconf 88' lang='lat' dir='ltr'>mecum</span> <span class='ocrx_word' id='word_1_126' title='bbox 795 1162 860 1232; x_wconf 89' lang='lat' dir='ltr'>iste</span> <span class='ocrx_word' id='word_1_127' title='bbox 889 1162 1105 1253; x_wconf 83' lang='lat' dir='ltr'>tabellarios,</span> <span class='ocrx_word' id='word_1_128' title='bbox 1154 1184 1223 1251; x_wconf 92' lang='lat' dir='ltr'>qua</span> <span class='ocrx_word' id='word_1_129' title='bbox 1253 1183 1292 1228; x_wconf 89' lang='lat' dir='ltr'>re</span> <span class='ocrx_word' id='word_1_130' title='bbox 1320 1154 1414 1254; x_wconf 72' lang='lat' dir='ltr'>nihil</span> <span class='ocrx_word' id='word_1_131' title='bbox 1443 1164 1576 1252; x_wconf 90' lang='lat' dir='ltr'>gratius</span> <span class='ocrx_word' id='word_1_132' title='bbox 1604 1158 1672 1232; x_wconf 91' lang='lat' dir='ltr'>boc</span> <span class='ocrx_word' id='word_1_133' title='bbox 1697 1177 1855 1255; x_wconf 84' lang='lat' dir='ltr'>ternpore</span> <span class='ocrx_word' id='word_1_134' title='bbox 1876 1156 1969 1233; x_wconf 89' lang='lat' dir='ltr'>mibi</span> <span class='ocrx_word' id='word_1_135' title='bbox 1989 1165 2139 1233; x_wconf 88' lang='lat' dir='ltr'>accidere</span> 
     </span>
     <span class='ocr_line' id='line_1_11' title="bbox 115 1254 2140 1358; baseline 0 -23"><span class='ocrx_word' id='word_1_136' title='bbox 115 1259 290 1358; x_wconf 87' lang='lat' dir='ltr'>parochus</span> <span class='ocrx_word' id='word_1_137' title='bbox 312 1262 351 1332; x_wconf 92' lang='lat' dir='ltr'>in</span> <span class='ocrx_word' id='word_1_138' title='bbox 367 1254 553 1332; x_wconf 80' lang='lat' dir='ltr'>Goltdach</span> <span class='ocrx_word' id='word_1_139' title='bbox 571 1260 616 1356; x_wconf 87' lang='lat'>¹),</span> <span class='ocrx_word' id='word_1_140' title='bbox 641 1276 676 1332; x_wconf 89' lang='lat' dir='ltr'>et</span> <span class='ocrx_word' id='word_1_141' title='bbox 700 1277 842 1356; x_wconf 87' lang='lat' dir='ltr'>questus</span> <span class='ocrx_word' id='word_1_142' title='bbox 867 1277 917 1333; x_wconf 90' lang='lat' dir='ltr'>est</span> <span class='ocrx_word' id='word_1_143' title='bbox 937 1259 1044 1348; x_wconf 90' lang='lat' dir='ltr'>mihl,</span> <span class='ocrx_word' id='word_1_144' title='bbox 1069 1286 1106 1331; x_wconf 90' lang='lat' dir='ltr'>se</span> <span class='ocrx_word' id='word_1_145' title='bbox 1154 1260 1339 1351; x_wconf 86' lang='lat' dir='ltr'>potuisset:</span> <span class='ocrx_word' id='word_1_146' title='bbox 1375 1263 1437 1332; x_wconf 95' lang='lat' dir='ltr'>sed</span> <span class='ocrx_word' id='word_1_147' title='bbox 1455 1264 1581 1334; x_wconf 79' lang='lat' dir='ltr'>fefellit</span> <span class='ocrx_word' id='word_1_148' title='bbox 1599 1288 1656 1333; x_wconf 88' lang='lat' dir='ltr'>rne</span> <span class='ocrx_word' id='word_1_149' title='bbox 1677 1287 1774 1355; x_wconf 86' lang='lat' dir='ltr'>spes,</span> <span class='ocrx_word' id='word_1_150' title='bbox 1799 1279 1840 1335; x_wconf 92' lang='lat' dir='ltr'>ut</span> <span class='ocrx_word' id='word_1_151' title='bbox 1864 1289 1968 1356; x_wconf 82' lang='lat' dir='ltr'>saepe</span> <span class='ocrx_word' id='word_1_152' title='bbox 1991 1265 2045 1336; x_wconf 86' lang='lat' dir='ltr'>lit.</span> <span class='ocrx_word' id='word_1_153' title='bbox 2098 1261 2140 1335; x_wconf 80' lang='lat' dir='ltr'>Et</span> 
     </span>
     <span class='ocr_line' id='line_1_12' title="bbox 115 1358 2141 1458; baseline -0.001 -22"><span class='ocrx_word' id='word_1_154' title='bbox 115 1367 242 1437; x_wconf 86' lang='lat' dir='ltr'>misere</span> <span class='ocrx_word' id='word_1_155' title='bbox 258 1388 374 1454; x_wconf 73' lang='lat' dir='ltr'>egere,</span> <span class='ocrx_word' id='word_1_156' title='bbox 399 1365 577 1435; x_wconf 83' lang='lat' dir='ltr'>exclusum</span> <span class='ocrx_word' id='word_1_157' title='bbox 596 1361 854 1458; x_wconf 80' lang='lat' dir='ltr'>a²)Parochia.</span> <span class='ocrx_word' id='word_1_158' title='bbox 904 1363 970 1435; x_wconf 87' lang='lat' dir='ltr'>Est</span> <span class='ocrx_word' id='word_1_159' title='bbox 989 1378 1104 1436; x_wconf 87' lang='lat' dir='ltr'>autern</span> <span class='ocrx_word' id='word_1_160' title='bbox 1155 1386 1357 1456; x_wconf 84' lang='lat' dir='ltr'>quanquam</span> <span class='ocrx_word' id='word_1_161' title='bbox 1374 1358 1465 1433; x_wconf 89' lang='lat' dir='ltr'>hanc</span> <span class='ocrx_word' id='word_1_162' title='bbox 1479 1376 1598 1435; x_wconf 88' lang='lat' dir='ltr'>meam</span> <span class='ocrx_word' id='word_1_163' title='bbox 1615 1367 1832 1437; x_wconf 90' lang='lat' dir='ltr'>voluntatem</span> <span class='ocrx_word' id='word_1_164' title='bbox 1849 1366 1964 1436; x_wconf 90' lang='lat' dir='ltr'>multo</span> <span class='ocrx_word' id='word_1_165' title='bbox 1982 1380 2068 1436; x_wconf 90' lang='lat' dir='ltr'>ante</span> <span class='ocrx_word' id='word_1_166' title='bbox 2083 1365 2141 1435; x_wconf 92' lang='lat' dir='ltr'>tibi</span> 
     </span>
    </p>
   </div>
   <div class='ocr_carea' id='block_1_3' title="bbox 3 1462 2141 1560">
    <p class='ocr_par' dir='ltr' id='par_1_3' title="bbox 3 1462 2141 1560">
     <span class='ocr_line' id='line_1_13' title="bbox 3 1462 2141 1560; baseline -0.001 -21"><span class='ocrx_word' id='word_1_167' title='bbox 3 1504 18 1558; x_wconf 51' lang='lat'>⁴,</span> <span class='ocrx_word' id='word_1_168' title='bbox 116 1466 361 1557; x_wconf 89' lang='lat' dir='ltr'>indignissima</span> <span class='ocrx_word' id='word_1_169' title='bbox 377 1490 450 1551; x_wconf 90' lang='lat' dir='ltr'>res,</span> <span class='ocrx_word' id='word_1_170' title='bbox 476 1467 623 1537; x_wconf 87' lang='lat' dir='ltr'>miseros</span> <span class='ocrx_word' id='word_1_171' title='bbox 643 1468 840 1537; x_wconf 86' lang='lat' dir='ltr'>sacerdotes</span> <span class='ocrx_word' id='word_1_172' title='bbox 856 1462 1107 1548; x_wconf 79' lang='lat' dir='ltr'>sicfamecr&#39;u-</span> <span class='ocrx_word' id='word_1_173' title='bbox 1155 1464 1334 1534; x_wconf 88' lang='lat' dir='ltr'>declarare</span> <span class='ocrx_word' id='word_1_174' title='bbox 1357 1465 1567 1558; x_wconf 89' lang='lat' dir='ltr'>cupiverim:</span> <span class='ocrx_word' id='word_1_175' title='bbox 1611 1480 1730 1536; x_wconf 93' lang='lat' dir='ltr'>tamen</span> <span class='ocrx_word' id='word_1_176' title='bbox 1751 1467 1834 1560; x_wconf 90' lang='lat' dir='ltr'>quia</span> <span class='ocrx_word' id='word_1_177' title='bbox 1855 1468 1972 1537; x_wconf 89' lang='lat' dir='ltr'>defuit</span> <span class='ocrx_word' id='word_1_178' title='bbox 1999 1467 2141 1553; x_wconf 87' lang='lat' dir='ltr'>occasio,</span> 
     </span>
    </p>
   </div>
   <div class='ocr_carea' id='block_1_4' title="bbox 7 2994 1101 3028">
    <p class='ocr_par' dir='ltr' id='par_1_4' title="bbox 7 2994 1101 3028">
     <span class='ocr_line' id='line_1_14' title="bbox 7 2994 1101 3028; baseline -0.004 -9"><span class='ocrx_word' id='word_1_179' title='bbox 7 3014 10 3019; x_wconf 96' lang='lat'>.</span> <span class='ocrx_word' id='word_1_180' title='bbox 121 2994 1101 3028; x_wconf 62' lang='lat' dir='ltr'><strong>——·-——·—·v—-—-—-—-——q-—-—---—</strong></span> 
     </span>
    </p>
   </div>
   <div class='ocr_carea' id='block_1_5' title="bbox 60 1559 2143 3674">
    <p class='ocr_par' dir='ltr' id='par_1_5' title="bbox 60 1559 2143 2779">
     <span class='ocr_line' id='line_1_15' title="bbox 117 1559 2141 1661; baseline -0.002 -19"><span class='ocrx_word' id='word_1_181' title='bbox 117 1569 215 1642; x_wconf 88' lang='lat' dir='ltr'>ciari.</span> <span class='ocrx_word' id='word_1_182' title='bbox 289 1567 393 1659; x_wconf 87' lang='lat' dir='ltr'>Rogo</span> <span class='ocrx_word' id='word_1_183' title='bbox 426 1568 535 1659; x_wconf 89' lang='lat' dir='ltr'>igitur</span> <span class='ocrx_word' id='word_1_184' title='bbox 565 1582 618 1651; x_wconf 88' lang='lat' dir='ltr'>te,</span> <span class='ocrx_word' id='word_1_185' title='bbox 667 1583 709 1641; x_wconf 90' lang='lat' dir='ltr'>ut</span> <span class='ocrx_word' id='word_1_186' title='bbox 747 1569 945 1639; x_wconf 86' lang='lat' dir='ltr'>miserearis</span> <span class='ocrx_word' id='word_1_187' title='bbox 985 1568 1106 1661; x_wconf 89' lang='lat' dir='ltr'>ipsius.</span> <span class='ocrx_word' id='word_1_188' title='bbox 1154 1559 1179 1657; x_wconf 83' lang='grc' dir='ltr'><strong><em>ἢ</em></strong></span> <span class='ocrx_word' id='word_1_189' title='bbox 1192 1559 1408 1660; x_wconf 80' lang='grc' dir='ltr'><em>πρόσχημα,</em></span> <span class='ocrx_word' id='word_1_190' title='bbox 1434 1568 1631 1639; x_wconf 88' lang='lat' dir='ltr'>arbitrabar</span> <span class='ocrx_word' id='word_1_191' title='bbox 1648 1569 1741 1655; x_wconf 80' lang='lat' dir='ltr'>lore,</span> <span class='ocrx_word' id='word_1_192' title='bbox 1765 1582 1806 1638; x_wconf 94' lang='lat' dir='ltr'>ut</span> <span class='ocrx_word' id='word_1_193' title='bbox 1822 1568 2069 1660; x_wconf 86' lang='lat' dir='ltr'>impudentem</span> <span class='ocrx_word' id='word_1_194' title='bbox 2091 1593 2141 1638; x_wconf 92' lang='lat' dir='ltr'>me</span> 
     </span>
     <span class='ocr_line' id='line_1_16' title="bbox 116 1667 2142 1766; baseline -0.002 -23"><span class='ocrx_word' id='word_1_195' title='bbox 116 1668 279 1743; x_wconf 85' lang='lat' dir='ltr'>Fortasse</span> <span class='ocrx_word' id='word_1_196' title='bbox 304 1684 386 1739; x_wconf 86' lang='lat' dir='ltr'>non&#39;</span> <span class='ocrx_word' id='word_1_197' title='bbox 403 1668 532 1739; x_wconf 84' lang='lat' dir='ltr'>farcies</span> <span class='ocrx_word' id='word_1_198' title='bbox 554 1670 711 1740; x_wconf 87' lang='lat' dir='ltr'>alienum</span> <span class='ocrx_word' id='word_1_199' title='bbox 733 1684 791 1752; x_wconf 87' lang='lat' dir='ltr'>tua</span> <span class='ocrx_word' id='word_1_200' title='bbox 813 1671 970 1741; x_wconf 91' lang='lat' dir='ltr'>bonitate</span> <span class='ocrx_word' id='word_1_201' title='bbox 991 1667 1043 1766; x_wconf 79' lang='lat'>³),</span> <span class='ocrx_word' id='word_1_202' title='bbox 1075 1670 1105 1738; x_wconf 90' lang='lat' dir='ltr'>si</span> <span class='ocrx_word' id='word_1_203' title='bbox 1156 1689 1230 1735; x_wconf 86' lang='lat' dir='ltr'>esse</span> <span class='ocrx_word' id='word_1_204' title='bbox 1267 1667 1459 1754; x_wconf 88' lang='lat' dir='ltr'>iudicares,</span> <span class='ocrx_word' id='word_1_205' title='bbox 1510 1670 1573 1763; x_wconf 92' lang='lat' dir='ltr'>qui</span> <span class='ocrx_word' id='word_1_206' title='bbox 1606 1670 1651 1738; x_wconf 89' lang='lat' dir='ltr'>ad</span> <span class='ocrx_word' id='word_1_207' title='bbox 1682 1683 1718 1740; x_wconf 91' lang='lat' dir='ltr'>te</span> <span class='ocrx_word' id='word_1_208' title='bbox 1745 1669 1944 1762; x_wconf 86' lang='lat' dir='ltr'>irrumpere</span> <span class='ocrx_word' id='word_1_209' title='bbox 1981 1692 2142 1755; x_wconf 84' lang='lat' dir='ltr'>conarer,</span> 
     </span>
     <span class='ocr_line' id='line_1_17' title="bbox 118 1747 2143 1873; baseline -0.001 -29"><span class='ocrx_word' id='word_1_210' title='bbox 118 1774 291 1873; x_wconf 78' lang='lat' dir='ltr'>efficeres,</span> <span class='ocrx_word' id='word_1_211' title='bbox 321 1771 423 1843; x_wconf 90' lang='lat' dir='ltr'>utin</span> <span class='ocrx_word' id='word_1_212' title='bbox 444 1765 615 1840; x_wconf 91' lang='lat' dir='ltr'>Parochia</span> <span class='ocrx_word' id='word_1_213' title='bbox 637 1785 796 1842; x_wconf 89' lang='lat' dir='ltr'>maneret</span> <span class='ocrx_word' id='word_1_214' title='bbox 819 1796 930 1866; x_wconf 90' lang='lat' dir='ltr'>nsque</span> <span class='ocrx_word' id='word_1_215' title='bbox 952 1773 996 1843; x_wconf 92' lang='lat' dir='ltr'>ad</span> <span class='ocrx_word' id='word_1_216' title='bbox 1020 1771 1106 1840; x_wconf 86' lang='lat' dir='ltr'>visi·</span> <span class='ocrx_word' id='word_1_217' title='bbox 1134 1747 1393 1865; x_wconf 61' lang='lat' dir='ltr'>buderemque</span> <span class='ocrx_word' id='word_1_218' title='bbox 1419 1770 1495 1839; x_wconf 91' lang='lat' dir='ltr'>sine</span> <span class='ocrx_word' id='word_1_219' title='bbox 1523 1771 1642 1865; x_wconf 90' lang='lat' dir='ltr'>aliqua</span> <span class='ocrx_word' id='word_1_220' title='bbox 1669 1772 1862 1842; x_wconf 88' lang='lat' dir='ltr'>necessaria</span> <span class='ocrx_word' id='word_1_221' title='bbox 1897 1796 2004 1843; x_wconf 88' lang='lat' dir='ltr'>eausa</span> <span class='ocrx_word' id='word_1_222' title='bbox 2036 1774 2081 1842; x_wconf 87' lang='lat' dir='ltr'>ad</span> <span class='ocrx_word' id='word_1_223' title='bbox 2111 1786 2143 1842; x_wconf 89' lang='lat' dir='ltr'>te</span> 
     </span>
     <span class='ocr_line' id='line_1_18' title="bbox 117 1869 2143 1966; baseline -0.001 -21"><span class='ocrx_word' id='word_1_224' title='bbox 117 1874 288 1945; x_wconf 91' lang='lat' dir='ltr'>tationem</span> <span class='ocrx_word' id='word_1_225' title='bbox 319 1869 570 1945; x_wconf 84' lang='lat' dir='ltr'>Ecclesiamm.</span> <span class='ocrx_word' id='word_1_226' title='bbox 647 1869 726 1963; x_wconf 83' lang='lat' dir='ltr'>Ego</span> <span class='ocrx_word' id='word_1_227' title='bbox 760 1874 882 1943; x_wconf 89' lang='lat' dir='ltr'>audivi</span> <span class='ocrx_word' id='word_1_228' title='bbox 916 1898 1012 1960; x_wconf 86' lang='lat' dir='ltr'>eum3</span> <span class='ocrx_word' id='word_1_229' title='bbox 1055 1885 1106 1958; x_wconf 87' lang='lat' dir='ltr'>et,</span> <span class='ocrx_word' id='word_1_230' title='bbox 1155 1869 1317 1943; x_wconf 90' lang='lat' dir='ltr'>scribere.</span> <span class='ocrx_word' id='word_1_231' title='bbox 1375 1869 1480 1941; x_wconf 90' lang='lat' dir='ltr'>Nu&#39;nc</span> <span class='ocrx_word' id='word_1_232' title='bbox 1502 1896 1559 1941; x_wconf 90' lang='lat' dir='ltr'>me</span> <span class='ocrx_word' id='word_1_233' title='bbox 1586 1874 1758 1966; x_wconf 88' lang='lat' dir='ltr'>quaedam</span> <span class='ocrx_word' id='word_1_234' title='bbox 1778 1873 1886 1943; x_wconf 86' lang='lat' dir='ltr'>officii</span> <span class='ocrx_word' id='word_1_235' title='bbox 1906 1873 1999 1943; x_wconf 90' lang='lat' dir='ltr'>ratio</span> <span class='ocrx_word' id='word_1_236' title='bbox 2024 1871 2143 1965; x_wconf 81' lang='lat' dir='ltr'>coegit,</span> 
     </span>
     <span class='ocr_line' id='line_1_19' title="bbox 110 1969 2143 2070; baseline -0.001 -25"><span class='ocrx_word' id='word_1_237' title='bbox 110 1997 321 2070; x_wconf 86' lang='lat' dir='ltr'>quanquam</span> <span class='ocrx_word' id='word_1_238' title='bbox 346 1989 399 2044; x_wconf 92' lang='lat' dir='ltr'>est</span> <span class='ocrx_word' id='word_1_239' title='bbox 418 1975 541 2064; x_wconf 86' lang='lat' dir='ltr'>exigua</span> <span class='ocrx_word' id='word_1_240' title='bbox 563 1973 743 2059; x_wconf 90' lang='lat' dir='ltr'>doctrina,</span> <span class='ocrx_word' id='word_1_241' title='bbox 768 1989 887 2046; x_wconf 89' lang='lat' dir='ltr'>tamen</span> <span class='ocrx_word' id='word_1_242' title='bbox 906 2000 981 2045; x_wconf 95' lang='lat' dir='ltr'>non</span> <span class='ocrx_word' id='word_1_243' title='bbox 1009 1975 1106 2044; x_wconf 90' lang='lat' dir='ltr'>arbi·</span> <span class='ocrx_word' id='word_1_244' title='bbox 1155 1983 1196 2040; x_wconf 88' lang='lat' dir='ltr'>ut</span> <span class='ocrx_word' id='word_1_245' title='bbox 1213 1971 1257 2041; x_wconf 92' lang='lat' dir='ltr'>ad</span> <span class='ocrx_word' id='word_1_246' title='bbox 1280 1984 1315 2041; x_wconf 92' lang='lat' dir='ltr'>te</span> <span class='ocrx_word' id='word_1_247' title='bbox 1333 1969 1453 2042; x_wconf 88' lang='lat' dir='ltr'>literas</span> <span class='ocrx_word' id='word_1_248' title='bbox 1474 1974 1606 2066; x_wconf 80' lang='lat' dir='ltr'>darem.</span> <span class='ocrx_word' id='word_1_249' title='bbox 1646 1971 1730 2045; x_wconf 52' lang='lat' dir='ltr'>³Est</span> <span class='ocrx_word' id='word_1_250' title='bbox 1748 1969 1809 2044; x_wconf 92' lang='lat' dir='ltr'>hic</span> <span class='ocrx_word' id='word_1_251' title='bbox 1829 1974 1976 2068; x_wconf 90' lang='lat' dir='ltr'>quidam</span> <span class='ocrx_word' id='word_1_252' title='bbox 2001 1974 2143 2045; x_wconf 86' lang='lat' dir='ltr'>ditionis</span> 
     </span>
     <span class='ocr_line' id='line_1_20' title="bbox 117 2066 2142 2171; baseline -0.001 -23"><span class='ocrx_word' id='word_1_253' title='bbox 117 2091 195 2149; x_wconf 88' lang='lat' dir='ltr'>tror</span> <span class='ocrx_word' id='word_1_254' title='bbox 207 2100 353 2171; x_wconf 90' lang='lat' dir='ltr'>prorsus</span> <span class='ocrx_word' id='word_1_255' title='bbox 369 2076 572 2167; x_wconf 87' lang='lat' dir='ltr'>imperitum</span> <span class='ocrx_word' id='word_1_256' title='bbox 591 2099 663 2145; x_wconf 91' lang='lat' dir='ltr'>esse</span> <span class='ocrx_word' id='word_1_257' title='bbox 674 2071 897 2146; x_wconf 84' lang='lat' dir='ltr'>Christianae</span> <span class='ocrx_word' id='word_1_258' title='bbox 913 2077 1105 2150; x_wconf 87' lang='lat' dir='ltr'>doetrinae.</span> <span class='ocrx_word' id='word_1_259' title='bbox 1154 2066 1186 2139; x_wconf 93' lang='grc' dir='ltr'><em>Ι</em></span> <span class='ocrx_word' id='word_1_260' title='bbox 1183 2067 1381 2143; x_wconf 68' lang='lat' dir='ltr'>saliacensis</span> <span class='ocrx_word' id='word_1_261' title='bbox 1396 2098 1437 2144; x_wconf 85' lang='lat' dir='ltr'>ex</span> <span class='ocrx_word' id='word_1_262' title='bbox 1459 2075 1591 2166; x_wconf 92' lang='lat' dir='ltr'>oppido</span> <span class='ocrx_word' id='word_1_263' title='bbox 1607 2069 1779 2158; x_wconf 82' lang='lat' dir='ltr'>Sustern,</span> <span class='ocrx_word' id='word_1_264' title='bbox 1804 2075 1834 2143; x_wconf 90' lang='lat' dir='ltr'>is</span> <span class='ocrx_word' id='word_1_265' title='bbox 1850 2077 1937 2146; x_wconf 92' lang='lat' dir='ltr'>olim</span> <span class='ocrx_word' id='word_1_266' title='bbox 1954 2090 2058 2147; x_wconf 91' lang='lat' dir='ltr'>sutor</span> <span class='ocrx_word' id='word_1_267' title='bbox 2071 2075 2142 2145; x_wconf 88' lang='lat' dir='ltr'>istie</span> 
     </span>
     <span class='ocr_line' id='line_1_21' title="bbox 117 2172 2142 2270; baseline -0.003 -19"><span class='ocrx_word' id='word_1_268' title='bbox 117 2178 159 2251; x_wconf 89' lang='lat' dir='ltr'>Si</span> <span class='ocrx_word' id='word_1_269' title='bbox 177 2193 293 2250; x_wconf 86' lang='lat' dir='ltr'>autem</span> <span class='ocrx_word' id='word_1_270' title='bbox 312 2201 385 2249; x_wconf 92' lang='lat' dir='ltr'>non</span> <span class='ocrx_word' id='word_1_271' title='bbox 406 2201 507 2270; x_wconf 90' lang='lat' dir='ltr'>posse</span> <span class='ocrx_word' id='word_1_272' title='bbox 523 2176 680 2246; x_wconf 85' lang='lat' dir='ltr'>sufficere</span> <span class='ocrx_word' id='word_1_273' title='bbox 694 2172 885 2247; x_wconf 86' lang='lat' dir='ltr'>Parochiae</span> <span class='ocrx_word' id='word_1_274' title='bbox 904 2178 1107 2269; x_wconf 84' lang='lat' dir='ltr'>gubernan-</span> <span class='ocrx_word' id='word_1_275' title='bbox 1157 2173 1197 2241; x_wconf 93' lang='lat' dir='ltr'>in</span> <span class='ocrx_word' id='word_1_276' title='bbox 1210 2174 1324 2265; x_wconf 90' lang='lat' dir='ltr'>patria</span> <span class='ocrx_word' id='word_1_277' title='bbox 1340 2172 1428 2262; x_wconf 83' lang='lat' dir='ltr'>suit,</span> <span class='ocrx_word' id='word_1_278' title='bbox 1451 2192 1572 2269; x_wconf 88' lang='lat' dir='ltr'>postea</span> <span class='ocrx_word' id='word_1_279' title='bbox 1590 2177 1703 2247; x_wconf 82' lang='lat' dir='ltr'>lactus</span> <span class='ocrx_word' id='word_1_280' title='bbox 1723 2190 1775 2246; x_wconf 89' lang='lat' dir='ltr'>est</span> <span class='ocrx_word' id='word_1_281' title='bbox 1795 2179 1970 2248; x_wconf 85' lang='lat' dir='ltr'>sacerdos.</span> <span class='ocrx_word' id='word_1_282' title='bbox 2024 2176 2142 2270; x_wconf 87' lang='lat' dir='ltr'>Nuper</span> 
     </span>
     <span class='ocr_line' id='line_1_22' title="bbox 118 2276 2141 2370; baseline -0.002 -19"><span class='ocrx_word' id='word_1_283' title='bbox 118 2280 185 2351; x_wconf 89' lang='lat' dir='ltr'>dae&#39;</span> <span class='ocrx_word' id='word_1_284' title='bbox 199 2281 360 2361; x_wconf 88' lang='lat' dir='ltr'>videtur,</span> <span class='ocrx_word' id='word_1_285' title='bbox 386 2279 499 2350; x_wconf 89' lang='lat' dir='ltr'>victus</span> <span class='ocrx_word' id='word_1_286' title='bbox 521 2278 555 2346; x_wconf 92' lang='lat' dir='ltr'>ei</span> <span class='ocrx_word' id='word_1_287' title='bbox 577 2278 721 2348; x_wconf 87' lang='lat' dir='ltr'>aliunde</span> <span class='ocrx_word' id='word_1_288' title='bbox 743 2279 919 2350; x_wconf 84' lang='lat' dir='ltr'>sufficiens</span> <span class='ocrx_word' id='word_1_289' title='bbox 939 2280 1105 2351; x_wconf 88' lang='lat' dir='ltr'>constitui</span> <span class='ocrx_word' id='word_1_290' title='bbox 1156 2288 1273 2344; x_wconf 90' lang='lat' dir='ltr'>autem</span> <span class='ocrx_word' id='word_1_291' title='bbox 1295 2276 1456 2347; x_wconf 90' lang='lat' dir='ltr'>abdicato</span> <span class='ocrx_word' id='word_1_292' title='bbox 1475 2278 1670 2359; x_wconf 88' lang='lat' dir='ltr'>sacerdotio</span> <span class='ocrx_word' id='word_1_293' title='bbox 1688 2280 1804 2370; x_wconf 92' lang='lat' dir='ltr'>coepit</span> <span class='ocrx_word' id='word_1_294' title='bbox 1826 2281 1870 2349; x_wconf 91' lang='lat' dir='ltr'>ad</span> <span class='ocrx_word' id='word_1_295' title='bbox 1896 2292 2010 2348; x_wconf 89' lang='lat' dir='ltr'>artem</span> <span class='ocrx_word' id='word_1_296' title='bbox 2031 2278 2141 2349; x_wconf 90' lang='lat' dir='ltr'>redire</span> 
     </span>
     <span class='ocr_line' id='line_1_23' title="bbox 118 2371 2141 2476; baseline -0.001 -25"><span class='ocrx_word' id='word_1_297' title='bbox 118 2376 280 2453; x_wconf 89' lang='lat' dir='ltr'>debebat.</span> <span class='ocrx_word' id='word_1_298' title='bbox 333 2378 374 2470; x_wconf 83' lang='lat' dir='ltr'>ld</span> <span class='ocrx_word' id='word_1_299' title='bbox 400 2395 488 2450; x_wconf 89' lang='lat' dir='ltr'>esset</span> <span class='ocrx_word' id='word_1_300' title='bbox 506 2380 670 2473; x_wconf 90' lang='lat' dir='ltr'>aequius,</span> <span class='ocrx_word' id='word_1_301' title='bbox 701 2407 825 2475; x_wconf 88' lang='lat' dir='ltr'>quam,</span> <span class='ocrx_word' id='word_1_302' title='bbox 857 2384 953 2476; x_wconf 90' lang='lat' dir='ltr'>quod</span> <span class='ocrx_word' id='word_1_303' title='bbox 976 2383 1015 2450; x_wconf 92' lang='lat' dir='ltr'>in</span> <span class='ocrx_word' id='word_1_304' title='bbox 1039 2407 1105 2450; x_wconf 84' lang='lat' dir='ltr'>no-</span> <span class='ocrx_word' id='word_1_305' title='bbox 1156 2400 1302 2472; x_wconf 90' lang='lat' dir='ltr'>eamque</span> <span class='ocrx_word' id='word_1_306' title='bbox 1324 2371 1383 2448; x_wconf 86' lang='lat' dir='ltr'>hic</span> <span class='ocrx_word' id='word_1_307' title='bbox 1407 2395 1551 2454; x_wconf 87' lang='lat' dir='ltr'>exercet.</span> <span class='ocrx_word' id='word_1_308' title='bbox 1614 2378 1685 2451; x_wconf 89' lang='lat' dir='ltr'>Sed</span> <span class='ocrx_word' id='word_1_309' title='bbox 1711 2382 1749 2449; x_wconf 93' lang='lat' dir='ltr'>in</span> <span class='ocrx_word' id='word_1_310' title='bbox 1772 2380 1962 2471; x_wconf 82' lang='lat' dir='ltr'>collegium</span> <span class='ocrx_word' id='word_1_311' title='bbox 1985 2392 2141 2449; x_wconf 87' lang='lat' dir='ltr'>sutorum</span> 
     </span>
     <span class='ocr_line' id='line_1_24' title="bbox 119 2476 2141 2578; baseline -0.002 -26"><span class='ocrx_word' id='word_1_312' title='bbox 119 2484 199 2554; x_wconf 90' lang='lat' dir='ltr'>stris</span> <span class='ocrx_word' id='word_1_313' title='bbox 214 2483 417 2572; x_wconf 89' lang='lat' dir='ltr'>regionibus</span> <span class='ocrx_word' id='word_1_314' title='bbox 433 2505 534 2573; x_wconf 90' lang='lat' dir='ltr'>saepe</span> <span class='ocrx_word' id='word_1_315' title='bbox 550 2483 606 2566; x_wconf 88' lang='lat' dir='ltr'>lit,</span> <span class='ocrx_word' id='word_1_316' title='bbox 631 2496 671 2552; x_wconf 93' lang='lat' dir='ltr'>ut</span> <span class='ocrx_word' id='word_1_317' title='bbox 689 2484 1106 2578; x_wconf 88' lang='lat' dir='ltr'>pellanturepossessio-</span> <span class='ocrx_word' id='word_1_318' title='bbox 1155 2478 1265 2570; x_wconf 86' lang='lat' dir='ltr'>recipi</span> <span class='ocrx_word' id='word_1_319' title='bbox 1294 2502 1369 2548; x_wconf 90' lang='lat' dir='ltr'>non</span> <span class='ocrx_word' id='word_1_320' title='bbox 1397 2495 1529 2573; x_wconf 90' lang='lat' dir='ltr'>potest,</span> <span class='ocrx_word' id='word_1_321' title='bbox 1566 2481 1637 2550; x_wconf 89' lang='lat' dir='ltr'>nisi</span> <span class='ocrx_word' id='word_1_322' title='bbox 1662 2505 1703 2553; x_wconf 84' lang='lat' dir='ltr'>ex</span> <span class='ocrx_word' id='word_1_323' title='bbox 1725 2482 1839 2573; x_wconf 89' lang='lat' dir='ltr'>patria</span> <span class='ocrx_word' id='word_1_324' title='bbox 1863 2483 1986 2552; x_wconf 83' lang='lat' dir='ltr'>literas</span> <span class='ocrx_word' id='word_1_325' title='bbox 2010 2476 2141 2565; x_wconf 86' lang='lat' dir='ltr'>habeat,</span> 
     </span>
     <span class='ocr_line' id='line_1_25' title="bbox 60 2578 2141 2674; baseline 0 -22"><span class='ocrx_word' id='word_1_326' title='bbox 60 2594 65 2607; x_wconf 95' lang='lat'><em>&#39;</em></span> <span class='ocrx_word' id='word_1_327' title='bbox 119 2584 238 2656; x_wconf 90' lang='lat' dir='ltr'>nibus.</span> <span class='ocrx_word' id='word_1_328' title='bbox 289 2583 366 2654; x_wconf 90' lang='lat' dir='ltr'>Scis</span> <span class='ocrx_word' id='word_1_329' title='bbox 386 2578 478 2653; x_wconf 90' lang='lat' dir='ltr'>hanc</span> <span class='ocrx_word' id='word_1_330' title='bbox 500 2607 621 2653; x_wconf 90' lang='lat' dir='ltr'>vocem</span> <span class='ocrx_word' id='word_1_331' title='bbox 644 2584 807 2655; x_wconf 86' lang='lat' dir='ltr'>miseram</span> <span class='ocrx_word' id='word_1_332' title='bbox 829 2608 919 2655; x_wconf 86' lang='lat' dir='ltr'>esse:</span> <span class='ocrx_word' id='word_1_333' title='bbox 959 2581 1105 2658; x_wconf 80' lang='lat' dir='ltr'>Veteres</span> <span class='ocrx_word' id='word_1_334' title='bbox 1155 2603 1245 2674; x_wconf 89' lang='lat' dir='ltr'>quae</span> <span class='ocrx_word' id='word_1_335' title='bbox 1268 2603 1310 2649; x_wconf 88' lang='lat' dir='ltr'>ex</span> <span class='ocrx_word' id='word_1_336' title='bbox 1330 2606 1430 2652; x_wconf 90' lang='lat' dir='ltr'>more</span> <span class='ocrx_word' id='word_1_337' title='bbox 1448 2595 1621 2654; x_wconf 88' lang='lat' dir='ltr'>testentur</span> <span class='ocrx_word' id='word_1_338' title='bbox 1643 2606 1725 2653; x_wconf 93' lang='lat' dir='ltr'>eum</span> <span class='ocrx_word' id='word_1_339' title='bbox 1751 2582 1907 2672; x_wconf 84' lang='lat' dir='ltr'>legitime</span> <span class='ocrx_word' id='word_1_340' title='bbox 1926 2597 2141 2657; x_wconf 84' lang='lat' dir='ltr'>natum&#39;esse</span> 
     </span>
     <span class='ocr_line' id='line_1_26' title="bbox 119 2681 2141 2779; baseline -0 -25"><span class='ocrx_word' id='word_1_341' title='bbox 119 2683 276 2779; x_wconf 80' lang='lat' dir='ltr'>migrate</span> <span class='ocrx_word' id='word_1_342' title='bbox 291 2681 422 2756; x_wconf 83' lang='lat' dir='ltr'>coloni.</span> <span class='ocrx_word' id='word_1_343' title='bbox 474 2682 575 2758; x_wconf 84' lang='lat' dir='ltr'>Vale.</span> <span class='ocrx_word' id='word_1_344' title='bbox 1156 2693 1317 2751; x_wconf 82' lang='lat' dir='ltr'>et&#39;artem</span> <span class='ocrx_word' id='word_1_345' title='bbox 1338 2683 1513 2758; x_wconf 89' lang='lat' dir='ltr'>didicisse.</span> <span class='ocrx_word' id='word_1_346' title='bbox 1564 2683 1641 2756; x_wconf 87' lang='lat' dir='ltr'>Seis</span> <span class='ocrx_word' id='word_1_347' title='bbox 1658 2685 1755 2754; x_wconf 86' lang='lat' dir='ltr'>enirn</span> <span class='ocrx_word' id='word_1_348' title='bbox 1770 2684 1900 2776; x_wconf 88' lang='lat' dir='ltr'>opinor</span> <span class='ocrx_word' id='word_1_349' title='bbox 1914 2684 2141 2774; x_wconf 88' lang='lat' dir='ltr'>collegiorum</span> 
     </span>
    </p>

    <p class='ocr_par' dir='ltr' id='par_1_6' title="bbox 583 2779 2140 3674">
     <span class='ocr_line' id='line_1_27' title="bbox 583 2779 2140 2886; baseline -0.003 -27"><span class='ocrx_word' id='word_1_350' title='bbox 583 2782 770 2881; x_wconf 88' lang='lat' dir='ltr'>Philippus</span> <span class='ocrx_word' id='word_1_351' title='bbox 786 2784 999 2881; x_wconf 86' lang='lat' dir='ltr'>Melanthon</span> <span class='ocrx_word' id='word_1_352' title='bbox 1013 2785 1056 2886; x_wconf 87' lang='lat'>⁴).</span> <span class='ocrx_word' id='word_1_353' title='bbox 1156 2783 1357 2854; x_wconf 89' lang='lat' dir='ltr'>istiusmodi</span> <span class='ocrx_word' id='word_1_354' title='bbox 1383 2787 1688 2859; x_wconf 79' lang='lat' dir='ltr'>consuetudinem.</span> <span class='ocrx_word' id='word_1_355' title='bbox 1756 2783 1909 2856; x_wconf 85' lang='lat' dir='ltr'>veretur</span> <span class='ocrx_word' id='word_1_356' title='bbox 1937 2799 2056 2856; x_wconf 88' lang='lat' dir='ltr'>autern</span> <span class='ocrx_word' id='word_1_357' title='bbox 2087 2779 2140 2854; x_wconf 88' lang='lat' dir='ltr'>hic</span> 
     </span>
     <span class='ocr_line' id='line_1_28' title="bbox 1155 2884 2139 2979; baseline -0.002 -23"><span class='ocrx_word' id='word_1_358' title='bbox 1155 2887 1272 2956; x_wconf 90' lang='lat' dir='ltr'>bonus</span> <span class='ocrx_word' id='word_1_359' title='bbox 1287 2886 1362 2971; x_wconf 86' lang='lat' dir='ltr'>vir,</span> <span class='ocrx_word' id='word_1_360' title='bbox 1387 2910 1424 2957; x_wconf 90' lang='lat' dir='ltr'>se</span> <span class='ocrx_word' id='word_1_361' title='bbox 1438 2889 1497 2958; x_wconf 79' lang='lat' dir='ltr'>vir</span> <span class='ocrx_word' id='word_1_362' title='bbox 1514 2889 1783 2979; x_wconf 82' lang='lat' dir='ltr'>impetraturum</span> <span class='ocrx_word' id='word_1_363' title='bbox 1798 2910 1872 2957; x_wconf 89' lang='lat' dir='ltr'>esse</span> <span class='ocrx_word' id='word_1_364' title='bbox 1893 2888 2019 2957; x_wconf 86' lang='lat' dir='ltr'>literas</span> <span class='ocrx_word' id='word_1_365' title='bbox 2036 2911 2056 2957; x_wconf 90' lang='lat' dir='ltr'>a</span> <span class='ocrx_word' id='word_1_366' title='bbox 2072 2884 2139 2955; x_wconf 83' lang='lat' dir='ltr'>suis</span> 
     </span>
     <span class='ocr_line' id='line_1_29' title="bbox 1155 2987 2139 3082; baseline -0.002 -25"><span class='ocrx_word' id='word_1_367' title='bbox 1155 2987 1313 3073; x_wconf 88' lang='lat' dir='ltr'>civibus,</span> <span class='ocrx_word' id='word_1_368' title='bbox 1338 2988 1469 3082; x_wconf 91' lang='lat' dir='ltr'>quibus</span> <span class='ocrx_word' id='word_1_369' title='bbox 1481 2990 1552 3058; x_wconf 87' lang='lat' dir='ltr'>iarn</span> <span class='ocrx_word' id='word_1_370' title='bbox 1569 2989 1614 3060; x_wconf 90' lang='lat' dir='ltr'>sit</span> <span class='ocrx_word' id='word_1_371' title='bbox 1627 2989 1780 3075; x_wconf 85' lang='lat' dir='ltr'>invisus,</span> <span class='ocrx_word' id='word_1_372' title='bbox 1804 2988 1887 3082; x_wconf 91' lang='lat' dir='ltr'>quia</span> <span class='ocrx_word' id='word_1_373' title='bbox 1907 2989 2139 3058; x_wconf 86' lang='lat' dir='ltr'>sacerdotium</span> 
     </span>
     <span class='ocr_line' id='line_1_30' title="bbox 1155 3087 2140 3181; baseline -0.002 -22"><span class='ocrx_word' id='word_1_374' title='bbox 1155 3088 1340 3162; x_wconf 78' lang='lat' dir='ltr'>abdicarit.</span> <span class='ocrx_word' id='word_1_375' title='bbox 1392 3088 1512 3177; x_wconf 89' lang='lat' dir='ltr'>Quare</span> <span class='ocrx_word' id='word_1_376' title='bbox 1538 3104 1596 3160; x_wconf 87' lang='lat' dir='ltr'>me</span> <span class='ocrx_word' id='word_1_377' title='bbox 1625 3092 1779 3181; x_wconf 87' lang='lat' dir='ltr'>rogavit,</span> <span class='ocrx_word' id='word_1_378' title='bbox 1811 3103 1851 3160; x_wconf 86' lang='lat' dir='ltr'>ut</span> <span class='ocrx_word' id='word_1_379' title='bbox 1875 3091 1933 3159; x_wconf 89' lang='lat' dir='ltr'>vel</span> <span class='ocrx_word' id='word_1_380' title='bbox 1958 3093 2006 3160; x_wconf 88' lang='lat' dir='ltr'>ad</span> <span class='ocrx_word' id='word_1_381' title='bbox 2029 3103 2065 3160; x_wconf 89' lang='lat' dir='ltr'>te</span> <span class='ocrx_word' id='word_1_382' title='bbox 2087 3087 2140 3158; x_wconf 78' lang='lat' dir='ltr'>vel</span> 
     </span>
     <span class='ocr_line' id='line_1_31' title="bbox 1156 3184 2139 3285; baseline 0 -25"><span class='ocrx_word' id='word_1_383' title='bbox 1156 3192 1201 3260; x_wconf 92' lang='lat' dir='ltr'>ad</span> <span class='ocrx_word' id='word_1_384' title='bbox 1223 3184 1502 3285; x_wconf 81' lang='lat' dir='ltr'>Renaedergum</span> <span class='ocrx_word' id='word_1_385' title='bbox 1524 3191 1699 3263; x_wconf 88' lang='lat' dir='ltr'>Comitem</span> <span class='ocrx_word' id='word_1_386' title='bbox 1723 3190 1912 3262; x_wconf 90' lang='lat' dir='ltr'>scriberem</span> <span class='ocrx_word' id='word_1_387' title='bbox 1936 3187 2005 3262; x_wconf 89' lang='lat' dir='ltr'>hac</span> <span class='ocrx_word' id='word_1_388' title='bbox 2027 3194 2074 3263; x_wconf 92' lang='lat' dir='ltr'>de</span> <span class='ocrx_word' id='word_1_389' title='bbox 2095 3214 2139 3260; x_wconf 71' lang='lat' dir='ltr'>rc.</span> 
     </span>
     <span class='ocr_line' id='line_1_32' title="bbox 1156 3288 2139 3385; baseline 0 -22"><span class='ocrx_word' id='word_1_390' title='bbox 1156 3291 1237 3363; x_wconf 90' lang='lat' dir='ltr'>Non</span> <span class='ocrx_word' id='word_1_391' title='bbox 1252 3294 1352 3384; x_wconf 89' lang='lat' dir='ltr'>potui</span> <span class='ocrx_word' id='word_1_392' title='bbox 1363 3288 1432 3362; x_wconf 92' lang='lat' dir='ltr'>hoc</span> <span class='ocrx_word' id='word_1_393' title='bbox 1445 3292 1553 3364; x_wconf 82' lang='lat' dir='ltr'>officii</span> <span class='ocrx_word' id='word_1_394' title='bbox 1568 3290 1707 3364; x_wconf 89' lang='lat' dir='ltr'>homini</span> <span class='ocrx_word' id='word_1_395' title='bbox 1720 3293 1824 3366; x_wconf 83' lang='lat' dir='ltr'>valde</span> <span class='ocrx_word' id='word_1_396' title='bbox 1834 3294 1950 3385; x_wconf 90' lang='lat' dir='ltr'>probo</span> <span class='ocrx_word' id='word_1_397' title='bbox 1967 3305 2003 3364; x_wconf 89' lang='lat' dir='ltr'>et</span> <span class='ocrx_word' id='word_1_398' title='bbox 2016 3294 2139 3363; x_wconf 87' lang='lat' dir='ltr'>misero</span> 
     </span>
     <span class='ocr_line' id='line_1_33' title="bbox 1157 3395 2138 3484; baseline 0.003 -22"><span class='ocrx_word' id='word_1_399' title='bbox 1157 3417 1304 3484; x_wconf 87' lang='lat' dir='ltr'>negare,</span> <span class='ocrx_word' id='word_1_400' title='bbox 1329 3408 1365 3465; x_wconf 93' lang='lat' dir='ltr'>et</span> <span class='ocrx_word' id='word_1_401' title='bbox 1384 3418 1469 3466; x_wconf 88' lang='lat' dir='ltr'>usus</span> <span class='ocrx_word' id='word_1_402' title='bbox 1491 3396 1693 3480; x_wconf 87' lang='lat' dir='ltr'>occasione,</span> <span class='ocrx_word' id='word_1_403' title='bbox 1721 3396 1764 3464; x_wconf 90' lang='lat' dir='ltr'>ad</span> <span class='ocrx_word' id='word_1_404' title='bbox 1790 3408 1823 3464; x_wconf 90' lang='lat' dir='ltr'>te</span> <span class='ocrx_word' id='word_1_405' title='bbox 1846 3396 2003 3465; x_wconf 89' lang='lat' dir='ltr'>seribere</span> <span class='ocrx_word' id='word_1_406' title='bbox 2022 3395 2138 3476; x_wconf 90' lang='lat' dir='ltr'>malui,</span> 
     </span>
     <span class='ocr_line' id='line_1_34' title="bbox 1156 3494 2138 3569; baseline 0.003 -5"><span class='ocrx_word' id='word_1_407' title='bbox 1156 3496 1262 3565; x_wconf 92' lang='lat' dir='ltr'>simul</span> <span class='ocrx_word' id='word_1_408' title='bbox 1285 3509 1326 3566; x_wconf 92' lang='lat' dir='ltr'>ut</span> <span class='ocrx_word' id='word_1_409' title='bbox 1355 3520 1413 3566; x_wconf 89' lang='lat' dir='ltr'>me</span> <span class='ocrx_word' id='word_1_410' title='bbox 1444 3497 1484 3567; x_wconf 90' lang='lat' dir='ltr'>in</span> <span class='ocrx_word' id='word_1_411' title='bbox 1511 3497 1701 3567; x_wconf 90' lang='lat' dir='ltr'>amicitiam</span> <span class='ocrx_word' id='word_1_412' title='bbox 1730 3494 1949 3569; x_wconf 87' lang='lat' dir='ltr'>insinuarem</span> <span class='ocrx_word' id='word_1_413' title='bbox 1984 3509 2081 3566; x_wconf 82' lang='lat' dir='ltr'>tuam</span> <span class='ocrx_word' id='word_1_414' title='bbox 2109 3508 2138 3567; x_wconf 83' lang='lat' dir='ltr'>et</span> 
     </span>
     <span class='ocr_line' id='line_1_35' title="bbox 1155 3593 2138 3674; baseline 0.006 -6"><span class='ocrx_word' id='word_1_415' title='bbox 1155 3593 1263 3668; x_wconf 80' lang='lat' dir='ltr'>hrrius</span> <span class='ocrx_word' id='word_1_416' title='bbox 1309 3597 1399 3668; x_wconf 92' lang='lat' dir='ltr'>boni</span> <span class='ocrx_word' id='word_1_417' title='bbox 1442 3599 1512 3668; x_wconf 89' lang='lat' dir='ltr'>viri</span> <span class='ocrx_word' id='word_1_418' title='bbox 1557 3621 1697 3669; x_wconf 89' lang='lat' dir='ltr'>causam</span> <span class='ocrx_word' id='word_1_419' title='bbox 1737 3598 1804 3667; x_wconf 93' lang='lat' dir='ltr'>tibi</span> <span class='ocrx_word' id='word_1_420' title='bbox 1847 3600 2138 3674; x_wconf 83' lang='lat' dir='ltr'>commendarem.</span> 
     </span>
    </p>
   </div>
   <div class='ocr_carea' id='block_1_6' title="bbox 819 3109 1090 3203">
    <p class='ocr_par' dir='ltr' id='par_1_7' title="bbox 819 3109 1090 3203">
     <span class='ocr_line' id='line_1_36' title="bbox 819 3109 1090 3203; baseline -0.007 -9"><span class='ocrx_word' id='word_1_421' title='bbox 819 3196 821 3200; x_wconf 14' lang='grc' dir='ltr'><em>Α</em></span> <span class='ocrx_word' id='word_1_422' title='bbox 943 3109 1003 3203; x_wconf 84' lang='grc' dir='ltr'>Ι19.</span> <span class='ocrx_word' id='word_1_423' title='bbox 1019 3127 1090 3195; x_wconf 85' lang='grc' dir='ltr'>Ῑιιιι.</span> 
     </span>
    </p>
   </div>
   <div class='ocr_carea' id='block_1_7' title="bbox 926 3222 1099 3257">
    <p class='ocr_par' dir='ltr' id='par_1_8' title="bbox 926 3222 1099 3257">
     <span class='ocr_line' id='line_1_37' title="bbox 926 3222 1099 3257; baseline -0.012 0"><span class='ocrx_word' id='word_1_424' title='bbox 926 3222 1099 3257; x_wconf 54' lang='grc' dir='ltr'><strong>Μ</strong></span> 
     </span>
    </p>
   </div>
   <div class='ocr_carea' id='block_1_8' title="bbox 350 3321 878 3421">
    <p class='ocr_par' dir='ltr' id='par_1_9' title="bbox 350 3321 878 3421">
     <span class='ocr_line' id='line_1_38' title="bbox 350 3321 878 3421; baseline 0.002 -11"><span class='ocrx_word' id='word_1_425' title='bbox 350 3321 546 3410; x_wconf 83' lang='lat' dir='ltr'>Conrado</span> <span class='ocrx_word' id='word_1_426' title='bbox 572 3326 878 3421; x_wconf 83' lang='lat' dir='ltr'>Heresbocbio.</span> 
     </span>
    </p>
   </div>
   <div class='ocr_carea' id='block_1_9' title="bbox 187 3518 1046 3597">
    <p class='ocr_par' dir='ltr' id='par_1_10' title="bbox 187 3518 1046 3597">
     <span class='ocr_line' id='line_1_39' title="bbox 187 3518 1046 3597; baseline 0.006 -22"><span class='ocrx_word' id='word_1_427' title='bbox 187 3520 272 3593; x_wconf 81' lang='lat' dir='ltr'>Epist.</span> <span class='ocrx_word' id='word_1_428' title='bbox 285 3519 332 3574; x_wconf 87' lang='lat' dir='ltr'>lib.</span> <span class='ocrx_word' id='word_1_429' title='bbox 347 3518 381 3574; x_wconf 87' lang='lat' dir='ltr'>ll.</span> <span class='ocrx_word' id='word_1_430' title='bbox 398 3540 424 3593; x_wconf 87' lang='lat' dir='ltr'>p.</span> <span class='ocrx_word' id='word_1_431' title='bbox 440 3519 501 3576; x_wconf 73' lang='lat'>889.</span> <span class='ocrx_word' id='word_1_432' title='bbox 537 3520 753 3591; x_wconf 70' lang='lat' dir='ltr'>(Estnlaodin.</span> <span class='ocrx_word' id='word_1_433' title='bbox 771 3523 806 3578; x_wconf 88' lang='lat' dir='ltr'>ll.</span> <span class='ocrx_word' id='word_1_434' title='bbox 824 3543 866 3597; x_wconf 85' lang='lat' dir='ltr'>cp.</span> <span class='ocrx_word' id='word_1_435' title='bbox 878 3524 951 3597; x_wconf 68' lang='lat' dir='ltr'>lm.)</span> <span class='ocrx_word' id='word_1_436' title='bbox 1042 3518 1046 3523; x_wconf 45' lang='lat'>¹</span> 
     </span>
    </p>
   </div>
   <div class='ocr_carea' id='block_1_10' title="bbox 116 3691 1106 4087">
    <p class='ocr_par' dir='ltr' id='par_1_11' title="bbox 118 3691 1106 3793">
     <span class='ocr_line' id='line_1_40' title="bbox 118 3691 1106 3793; baseline 0.004 -26"><span class='ocrx_word' id='word_1_437' title='bbox 118 3691 342 3777; x_wconf 82' lang='lat' dir='ltr'>Clarissimo</span> <span class='ocrx_word' id='word_1_438' title='bbox 356 3693 450 3776; x_wconf 75' lang='lat' dir='ltr'>viro,</span> <span class='ocrx_word' id='word_1_439' title='bbox 476 3693 680 3793; x_wconf 84' lang='lat' dir='ltr'>sapientia,</span> <span class='ocrx_word' id='word_1_440' title='bbox 709 3694 837 3767; x_wconf 71' lang='lat' dir='ltr'>errrore</span> <span class='ocrx_word' id='word_1_441' title='bbox 854 3706 885 3768; x_wconf 90' lang='lat' dir='ltr'>et</span> <span class='ocrx_word' id='word_1_442' title='bbox 905 3694 1106 3772; x_wconf 82' lang='lat' dir='ltr'>eruditione</span> 
     </span>
    </p>

    <p class='ocr_par' dir='ltr' id='par_1_12' title="bbox 116 3790 1105 3897">
     <span class='ocr_line' id='line_1_41' title="bbox 116 3790 1105 3897; baseline 0.007 -31"><span class='ocrx_word' id='word_1_443' title='bbox 116 3796 343 3897; x_wconf 81' lang='lat' dir='ltr'>praestanti,</span> <span class='ocrx_word' id='word_1_444' title='bbox 397 3793 451 3868; x_wconf 92' lang='lat' dir='ltr'>D.</span> <span class='ocrx_word' id='word_1_445' title='bbox 486 3790 700 3869; x_wconf 82' lang='lat' dir='ltr'>Conrado</span> <span class='ocrx_word' id='word_1_446' title='bbox 738 3796 1105 3890; x_wconf 83' lang='lat' dir='ltr'>Heresbarclrio,</span> 
     </span>
    </p>

    <p class='ocr_par' dir='ltr' id='par_1_13' title="bbox 118 3892 1105 4087">
     <span class='ocr_line' id='line_1_42' title="bbox 118 3892 1105 3995; baseline 0 -22"><span class='ocrx_word' id='word_1_447' title='bbox 118 3898 276 3973; x_wconf 85' lang='lat' dir='ltr'>Doctori</span> <span class='ocrx_word' id='word_1_448' title='bbox 288 3897 412 3980; x_wconf 81' lang='lat' dir='ltr'>Iuris,</span> <span class='ocrx_word' id='word_1_449' title='bbox 437 3892 668 3970; x_wconf 84' lang='lat' dir='ltr'>Consiliario</span> <span class='ocrx_word' id='word_1_450' title='bbox 682 3897 712 3968; x_wconf 91' lang='lat' dir='ltr'><em>I</em></span> <span class='ocrx_word' id='word_1_451' title='bbox 709 3896 826 3995; x_wconf 83' lang='lat' dir='ltr'>aelyti</span> <span class='ocrx_word' id='word_1_452' title='bbox 836 3899 959 3973; x_wconf 82' lang='lat' dir='ltr'>Ducis</span> <span class='ocrx_word' id='word_1_453' title='bbox 976 3900 1105 3989; x_wconf 73' lang='lat' dir='ltr'>lutia-</span> 
     </span>
     <span class='ocr_line' id='line_1_43' title="bbox 298 3996 927 4087; baseline 0.002 -13"><span class='ocrx_word' id='word_1_454' title='bbox 298 3999 433 4083; x_wconf 85' lang='lat' dir='ltr'>eensis,</span> <span class='ocrx_word' id='word_1_455' title='bbox 464 4002 583 4072; x_wconf 84' lang='lat' dir='ltr'>amico</span> <span class='ocrx_word' id='word_1_456' title='bbox 601 4026 668 4072; x_wconf 86' lang='lat' dir='ltr'>suo</span> <span class='ocrx_word' id='word_1_457' title='bbox 691 3996 927 4087; x_wconf 82' lang='lat' dir='ltr'>charissimo,</span> 
     </span>
    </p>
   </div>
   <div class='ocr_carea' id='block_1_11' title="bbox 6 4135 1105 4765">
    <p class='ocr_par' dir='ltr' id='par_1_14' title="bbox 6 4135 1105 4765">
     <span class='ocr_line' id='line_1_44' title="bbox 119 4135 1103 4246; baseline 0.003 -21"><span class='ocrx_word' id='word_1_458' title='bbox 119 4135 163 4225; x_wconf 83' lang='lat' dir='ltr'>S.</span> <span class='ocrx_word' id='word_1_459' title='bbox 187 4154 231 4229; x_wconf 92' lang='lat' dir='ltr'>D.</span> <span class='ocrx_word' id='word_1_460' title='bbox 284 4153 453 4246; x_wconf 89' lang='lat' dir='ltr'>Magnam</span> <span class='ocrx_word' id='word_1_461' title='bbox 470 4177 566 4245; x_wconf 88' lang='lat' dir='ltr'>spem</span> <span class='ocrx_word' id='word_1_462' title='bbox 581 4178 826 4246; x_wconf 86' lang='lat' dir='ltr'>conceperam,</span> <span class='ocrx_word' id='word_1_463' title='bbox 852 4155 945 4243; x_wconf 87' lang='lat' dir='ltr'>sore,</span> <span class='ocrx_word' id='word_1_464' title='bbox 968 4172 1009 4229; x_wconf 89' lang='lat' dir='ltr'>ut</span> <span class='ocrx_word' id='word_1_465' title='bbox 1025 4184 1103 4228; x_wconf 89' lang='lat' dir='ltr'>cum</span> 
     </span>
     <span class='ocr_line' id='line_1_45' title="bbox 119 4255 1105 4350; baseline 0.001 -21"><span class='ocrx_word' id='word_1_466' title='bbox 119 4274 180 4329; x_wconf 92' lang='lat' dir='ltr'>tuo</span> <span class='ocrx_word' id='word_1_467' title='bbox 200 4257 365 4350; x_wconf 90' lang='lat' dir='ltr'>Principe</span> <span class='ocrx_word' id='word_1_468' title='bbox 387 4259 429 4326; x_wconf 92' lang='lat' dir='ltr'>ad</span> <span class='ocrx_word' id='word_1_469' title='bbox 456 4280 620 4347; x_wconf 92' lang='lat' dir='ltr'>pompam</span> <span class='ocrx_word' id='word_1_470' title='bbox 643 4255 837 4347; x_wconf 86' lang='lat' dir='ltr'>nuptialem</span> <span class='ocrx_word' id='word_1_471' title='bbox 861 4260 975 4329; x_wconf 88' lang='lat' dir='ltr'>nostri</span> <span class='ocrx_word' id='word_1_472' title='bbox 997 4257 1105 4330; x_wconf 91' lang='lat' dir='ltr'>Priu-</span> 
     </span>
     <span class='ocr_line' id='line_1_46' title="bbox 6 4354 1105 4456; baseline -0.002 -24"><span class='ocrx_word' id='word_1_473' title='bbox 6 4428 9 4432; x_wconf 82' lang='lat'>.</span> <span class='ocrx_word' id='word_1_474' title='bbox 119 4362 206 4452; x_wconf 87' lang='lat' dir='ltr'>cipis</span> <span class='ocrx_word' id='word_1_475' title='bbox 230 4354 267 4456; x_wconf 74' lang='lat'>¹⁵)</span> <span class='ocrx_word' id='word_1_476' title='bbox 297 4360 447 4429; x_wconf 88' lang='lat' dir='ltr'>venires.</span> <span class='ocrx_word' id='word_1_477' title='bbox 513 4355 587 4427; x_wconf 88' lang='lat' dir='ltr'>Nec</span> <span class='ocrx_word' id='word_1_478' title='bbox 614 4381 670 4426; x_wconf 90' lang='lat' dir='ltr'>me</span> <span class='ocrx_word' id='word_1_479' title='bbox 703 4359 812 4427; x_wconf 91' lang='lat' dir='ltr'>ullius</span> <span class='ocrx_word' id='word_1_480' title='bbox 836 4361 1025 4452; x_wconf 87' lang='lat' dir='ltr'>adparatus</span> <span class='ocrx_word' id='word_1_481' title='bbox 1050 4363 1105 4431; x_wconf 83' lang='lat' dir='ltr'>vi-</span> 
     </span>
     <span class='ocr_line' id='line_1_47' title="bbox 119 4460 1105 4556; baseline 0.006 -28"><span class='ocrx_word' id='word_1_482' title='bbox 119 4463 227 4532; x_wconf 91' lang='lat' dir='ltr'>dendi</span> <span class='ocrx_word' id='word_1_483' title='bbox 251 4475 346 4532; x_wconf 90' lang='lat' dir='ltr'>tanta</span> <span class='ocrx_word' id='word_1_484' title='bbox 368 4460 497 4552; x_wconf 89' lang='lat' dir='ltr'>cupido</span> <span class='ocrx_word' id='word_1_485' title='bbox 519 4460 679 4544; x_wconf 89' lang='lat' dir='ltr'>tenebat,</span> <span class='ocrx_word' id='word_1_486' title='bbox 714 4473 844 4553; x_wconf 91' lang='lat' dir='ltr'>quanta</span> <span class='ocrx_word' id='word_1_487' title='bbox 871 4463 926 4533; x_wconf 91' lang='lat' dir='ltr'>tui</span> <span class='ocrx_word' id='word_1_488' title='bbox 949 4465 1105 4556; x_wconf 91' lang='lat' dir='ltr'>comple-</span> 
     </span>
     <span class='ocr_line' id='line_1_48' title="bbox 119 4561 1104 4650; baseline 0 -16"><span class='ocrx_word' id='word_1_489' title='bbox 119 4565 238 4634; x_wconf 88' lang='lat' dir='ltr'>ctendi</span> <span class='ocrx_word' id='word_1_490' title='bbox 262 4577 296 4632; x_wconf 91' lang='lat' dir='ltr'>et</span> <span class='ocrx_word' id='word_1_491' title='bbox 318 4577 434 4632; x_wconf 89' lang='lat' dir='ltr'>tecum</span> <span class='ocrx_word' id='word_1_492' title='bbox 456 4561 653 4650; x_wconf 87' lang='lat' dir='ltr'>iungendae</span> <span class='ocrx_word' id='word_1_493' title='bbox 678 4563 863 4637; x_wconf 89' lang='lat' dir='ltr'>amicitiae.</span> <span class='ocrx_word' id='word_1_494' title='bbox 920 4562 995 4636; x_wconf 91' lang='lat' dir='ltr'>lam</span> <span class='ocrx_word' id='word_1_495' title='bbox 1017 4566 1104 4636; x_wconf 89' lang='lat' dir='ltr'>olim</span> 
     </span>
     <span class='ocr_line' id='line_1_49' title="bbox 40 4658 1104 4765; baseline 0.003 -31"><span class='ocrx_word' id='word_1_496' title='bbox 40 4758 43 4765; x_wconf 66' lang='lat'>,</span> <span class='ocrx_word' id='word_1_497' title='bbox 119 4667 214 4734; x_wconf 90' lang='lat' dir='ltr'>enim</span> <span class='ocrx_word' id='word_1_498' title='bbox 243 4666 343 4735; x_wconf 90' lang='lat' dir='ltr'>tede</span> <span class='ocrx_word' id='word_1_499' title='bbox 366 4663 503 4754; x_wconf 90' lang='lat' dir='ltr'>scriptis</span> <span class='ocrx_word' id='word_1_500' title='bbox 528 4665 641 4757; x_wconf 90' lang='lat' dir='ltr'>deque</span> <span class='ocrx_word' id='word_1_501' title='bbox 674 4658 928 4735; x_wconf 88' lang='lat' dir='ltr'>honestissimis</span> <span class='ocrx_word' id='word_1_502' title='bbox 957 4668 1104 4763; x_wconf 88' lang='lat' dir='ltr'>quibus-</span> 
     </span>
    </p>
   </div>
   <div class='ocr_carea' id='block_1_12' title="bbox 20 4836 343 4857">
    <p class='ocr_par' dir='ltr' id='par_1_15' title="bbox 20 4836 343 4857">
     <span class='ocr_line' id='line_1_50' title="bbox 20 4836 343 4857; baseline -0.003 -3"><span class='ocrx_word' id='word_1_503' title='bbox 20 4846 25 4857; x_wconf 73' lang='lat'>,</span> <span class='ocrx_word' id='word_1_504' title='bbox 118 4836 343 4854; x_wconf 51' lang='grc' dir='ltr'>...υ-*Ο</span> 
     </span>
    </p>
   </div>
   <div class='ocr_carea' id='block_1_13' title="bbox 170 4917 1103 5065">
    <p class='ocr_par' dir='ltr' id='par_1_16' title="bbox 170 4917 1103 5065">
     <span class='ocr_line' id='line_1_51' title="bbox 170 4917 1103 4997; baseline -0.009 -17"><span class='ocrx_word' id='word_1_505' title='bbox 170 4928 195 4995; x_wconf 82' lang='lat'>1)</span> <span class='ocrx_word' id='word_1_506' title='bbox 215 4925 318 4978; x_wconf 83' lang='lat' dir='ltr'>Paulus</span> <span class='ocrx_word' id='word_1_507' title='bbox 325 4919 455 4987; x_wconf 80' lang='lat' dir='ltr'>Satuetd,</span> <span class='ocrx_word' id='word_1_508' title='bbox 474 4930 504 4975; x_wconf 90' lang='lat' dir='ltr'>ut</span> <span class='ocrx_word' id='word_1_509' title='bbox 517 4917 679 4990; x_wconf 83' lang='lat' dir='ltr'>intelligitur</span> <span class='ocrx_word' id='word_1_510' title='bbox 695 4936 725 4972; x_wconf 81' lang='lat' dir='ltr'>er</span> <span class='ocrx_word' id='word_1_511' title='bbox 737 4920 814 4992; x_wconf 81' lang='lat' dir='ltr'>cplst.</span> <span class='ocrx_word' id='word_1_512' title='bbox 831 4919 938 4977; x_wconf 84' lang='lat' dir='ltr'>Lntberi</span> <span class='ocrx_word' id='word_1_513' title='bbox 956 4924 990 4978; x_wconf 86' lang='lat' dir='ltr'>sd</span> <span class='ocrx_word' id='word_1_514' title='bbox 1004 4925 1103 4997; x_wconf 72' lang='lat' dir='ltr'>Myso.</span> 
     </span>
     <span class='ocr_line' id='line_1_52' title="bbox 204 4989 513 5065; baseline 0 -19"><span class='ocrx_word' id='word_1_515' title='bbox 204 4993 299 5065; x_wconf 83' lang='lat' dir='ltr'>nium,</span> <span class='ocrx_word' id='word_1_516' title='bbox 318 4993 373 5045; x_wconf 83' lang='lat' dir='ltr'>dat.</span> <span class='ocrx_word' id='word_1_517' title='bbox 393 4992 434 5044; x_wconf 88' lang='lat'>18.</span> <span class='ocrx_word' id='word_1_518' title='bbox 453 4989 513 5046; x_wconf 89' lang='lat' dir='ltr'>lun.</span> 
     </span>
    </p>
   </div>
   <div class='ocr_carea' id='block_1_14' title="bbox 167 5077 1032 5316">
    <p class='ocr_par' dir='ltr' id='par_1_17' title="bbox 167 5077 1032 5316">
     <span class='ocr_line' id='line_1_53' title="bbox 167 5077 348 5147; baseline -0.017 -16"><span class='ocrx_word' id='word_1_519' title='bbox 167 5080 196 5147; x_wconf 78' lang='lat'>2)</span> <span class='ocrx_word' id='word_1_520' title='bbox 215 5077 274 5134; x_wconf 91' lang='lat' dir='ltr'>Cod</span> <span class='ocrx_word' id='word_1_521' title='bbox 299 5093 348 5129; x_wconf 81' lang='lat' dir='ltr'>ex.</span> 
     </span>
     <span class='ocr_line' id='line_1_54' title="bbox 167 5158 443 5232; baseline -0.029 -14"><span class='ocrx_word' id='word_1_522' title='bbox 167 5162 196 5232; x_wconf 78' lang='grc'>8)</span> <span class='ocrx_word' id='word_1_523' title='bbox 216 5161 279 5216; x_wconf 88' lang='lat' dir='ltr'>cod.</span> <span class='ocrx_word' id='word_1_524' title='bbox 296 5158 443 5225; x_wconf 82' lang='lat' dir='ltr'>dignitate.</span> 
     </span>
     <span class='ocr_line' id='line_1_55' title="bbox 168 5239 1032 5316; baseline 0 -13"><span class='ocrx_word' id='word_1_525' title='bbox 168 5252 199 5316; x_wconf 74' lang='lat'>4)</span> <span class='ocrx_word' id='word_1_526' title='bbox 219 5247 269 5301; x_wconf 93' lang='lat' dir='ltr'>lllo</span> <span class='ocrx_word' id='word_1_527' title='bbox 284 5254 408 5316; x_wconf 87' lang='lat' dir='ltr'>tempore</span> <span class='ocrx_word' id='word_1_528' title='bbox 422 5241 563 5313; x_wconf 82' lang='lat' dir='ltr'>Philippus</span> <span class='ocrx_word' id='word_1_529' title='bbox 577 5241 696 5296; x_wconf 82' lang='lat' dir='ltr'>scribere</span> <span class='ocrx_word' id='word_1_530' title='bbox 710 5239 814 5296; x_wconf 78' lang='lat' dir='ltr'>solebat</span> <span class='ocrx_word' id='word_1_531' title='bbox 826 5241 1032 5303; x_wconf 79' lang='lat' dir='ltr'>Melsucbtbon.</span> 
     </span>
    </p>
   </div>
   <div class='ocr_carea' id='block_1_15' title="bbox 35 5339 1025 5425">
    <p class='ocr_par' dir='ltr' id='par_1_18' title="bbox 35 5339 1025 5425">
     <span class='ocr_line' id='line_1_56' title="bbox 35 5339 1025 5425; baseline 0.005 -28"><span class='ocrx_word' id='word_1_532' title='bbox 35 5420 38 5425; x_wconf 24' lang='grc' dir='ltr'>Ι</span> <span class='ocrx_word' id='word_1_533' title='bbox 149 5356 179 5424; x_wconf 60' lang='grc' dir='ltr'>ἡ)</span> <span class='ocrx_word' id='word_1_534' title='bbox 198 5348 305 5408; x_wconf 75' lang='lat' dir='ltr'>loannis</span> <span class='ocrx_word' id='word_1_535' title='bbox 318 5342 451 5401; x_wconf 68' lang='lat' dir='ltr'>friderici</span> <span class='ocrx_word' id='word_1_536' title='bbox 465 5351 491 5396; x_wconf 87' lang='lat' dir='ltr'>ct</span> <span class='ocrx_word' id='word_1_537' title='bbox 507 5340 625 5414; x_wconf 80' lang='lat' dir='ltr'>Sibyllae</span> <span class='ocrx_word' id='word_1_538' title='bbox 636 5339 703 5396; x_wconf 84' lang='lat' dir='ltr'>Clir.</span> <span class='ocrx_word' id='word_1_539' title='bbox 720 5341 746 5397; x_wconf 85' lang='lat' dir='ltr'>d.</span> <span class='ocrx_word' id='word_1_540' title='bbox 758 5342 783 5400; x_wconf 82' lang='grc'>2,</span> <span class='ocrx_word' id='word_1_541' title='bbox 795 5343 856 5400; x_wconf 83' lang='grc' dir='ltr'>Ιιιιι.</span> <span class='ocrx_word' id='word_1_542' title='bbox 873 5343 942 5400; x_wconf 78' lang='lat'>1527</span> <span class='ocrx_word' id='word_1_543' title='bbox 960 5389 968 5405; x_wconf 90' lang='lat'>.</span> <span class='ocrx_word' id='word_1_544' title='bbox 1019 5378 1025 5392; x_wconf 65' lang='grc' dir='ltr'>ι</span> 
     </span>
    </p>
   </div>
   <div class='ocr_carea' id='block_1_16' title="bbox 1153 3691 2139 5425">
    <p class='ocr_par' dir='ltr' id='par_1_19' title="bbox 1153 3691 2139 5425">
     <span class='ocr_line' id='line_1_57' title="bbox 1156 3691 2138 3792; baseline 0 -22"><span class='ocrx_word' id='word_1_545' title='bbox 1156 3699 1297 3788; x_wconf 85' lang='lat' dir='ltr'>Quaeso</span> <span class='ocrx_word' id='word_1_546' title='bbox 1330 3700 1439 3790; x_wconf 88' lang='lat' dir='ltr'>igitur</span> <span class='ocrx_word' id='word_1_547' title='bbox 1466 3713 1519 3784; x_wconf 90' lang='lat' dir='ltr'>te,</span> <span class='ocrx_word' id='word_1_548' title='bbox 1558 3713 1600 3770; x_wconf 89' lang='lat' dir='ltr'>ut</span> <span class='ocrx_word' id='word_1_549' title='bbox 1627 3721 1707 3770; x_wconf 91' lang='lat' dir='ltr'>eum</span> <span class='ocrx_word' id='word_1_550' title='bbox 1739 3691 1982 3792; x_wconf 80' lang='lat' dir='ltr'>Renrrebergo</span> <span class='ocrx_word' id='word_1_551' title='bbox 2006 3697 2138 3771; x_wconf 85' lang='lat' dir='ltr'>Comitc</span> 
     </span>
     <span class='ocr_line' id='line_1_58' title="bbox 1155 3795 2139 3893; baseline 0.003 -24"><span class='ocrx_word' id='word_1_552' title='bbox 1155 3824 1253 3893; x_wconf 87' lang='lat' dir='ltr'>agas,</span> <span class='ocrx_word' id='word_1_553' title='bbox 1277 3814 1319 3870; x_wconf 92' lang='lat' dir='ltr'>ut</span> <span class='ocrx_word' id='word_1_554' title='bbox 1337 3800 1483 3885; x_wconf 86' lang='lat' dir='ltr'>efficiat,</span> <span class='ocrx_word' id='word_1_555' title='bbox 1507 3816 1547 3871; x_wconf 89' lang='lat' dir='ltr'>ut</span> <span class='ocrx_word' id='word_1_556' title='bbox 1564 3795 1925 3872; x_wconf 83' lang='lat' dir='ltr'>eivesSusterrrenses</span> <span class='ocrx_word' id='word_1_557' title='bbox 1949 3797 2037 3872; x_wconf 88' lang='lat' dir='ltr'>huic</span> <span class='ocrx_word' id='word_1_558' title='bbox 2059 3804 2139 3873; x_wconf 85' lang='lat' dir='ltr'>dent</span> 
     </span>
     <span class='ocr_line' id='line_1_59' title="bbox 1155 3902 2138 3995; baseline -0.002 -20"><span class='ocrx_word' id='word_1_559' title='bbox 1155 3902 1414 3987; x_wconf 88' lang='lat' dir='ltr'>testimonium,</span> <span class='ocrx_word' id='word_1_560' title='bbox 1441 3905 1537 3995; x_wconf 89' lang='lat' dir='ltr'>quod</span> <span class='ocrx_word' id='word_1_561' title='bbox 1556 3904 1633 3973; x_wconf 89' lang='lat' dir='ltr'>iure</span> <span class='ocrx_word' id='word_1_562' title='bbox 1651 3904 1809 3993; x_wconf 89' lang='lat' dir='ltr'>gentium</span> <span class='ocrx_word' id='word_1_563' title='bbox 1832 3905 1994 3977; x_wconf 87' lang='lat' dir='ltr'>debetur.</span> <span class='ocrx_word' id='word_1_564' title='bbox 2043 3903 2138 3992; x_wconf 86' lang='lat' dir='ltr'>Quae</span> 
     </span>
     <span class='ocr_line' id='line_1_60' title="bbox 1155 4001 2137 4100; baseline 0.003 -27"><span class='ocrx_word' id='word_1_565' title='bbox 1155 4005 1251 4073; x_wconf 91' lang='lat' dir='ltr'>enim</span> <span class='ocrx_word' id='word_1_566' title='bbox 1270 4016 1359 4074; x_wconf 87' lang='lat' dir='ltr'>esset</span> <span class='ocrx_word' id='word_1_567' title='bbox 1380 4004 1445 4074; x_wconf 88' lang='lat' dir='ltr'>ista</span> <span class='ocrx_word' id='word_1_568' title='bbox 1461 4001 1721 4089; x_wconf 87' lang='lat' dir='ltr'>inhumanitas,</span> <span class='ocrx_word' id='word_1_569' title='bbox 1746 4029 1792 4074; x_wconf 93' lang='lat' dir='ltr'>ne</span> <span class='ocrx_word' id='word_1_570' title='bbox 1814 4005 1960 4100; x_wconf 90' lang='lat' dir='ltr'>quidem</span> <span class='ocrx_word' id='word_1_571' title='bbox 1984 4005 2137 4077; x_wconf 84' lang='lat' dir='ltr'>testimo-</span> 
     </span>
     <span class='ocr_line' id='line_1_61' title="bbox 1155 4105 2135 4198; baseline 0 -23"><span class='ocrx_word' id='word_1_572' title='bbox 1155 4107 1216 4176; x_wconf 94' lang='lat' dir='ltr'>nio</span> <span class='ocrx_word' id='word_1_573' title='bbox 1240 4105 1331 4175; x_wconf 87' lang='lat' dir='ltr'>velle</span> <span class='ocrx_word' id='word_1_574' title='bbox 1352 4119 1387 4175; x_wconf 92' lang='lat' dir='ltr'>et</span> <span class='ocrx_word' id='word_1_575' title='bbox 1409 4105 1554 4198; x_wconf 89' lang='lat' dir='ltr'>quidem</span> <span class='ocrx_word' id='word_1_576' title='bbox 1582 4129 1686 4176; x_wconf 88' lang='lat' dir='ltr'>suum</span> <span class='ocrx_word' id='word_1_577' title='bbox 1716 4107 1829 4177; x_wconf 85' lang='lat' dir='ltr'>civem</span> <span class='ocrx_word' id='word_1_578' title='bbox 1859 4106 2003 4175; x_wconf 78' lang='lat' dir='ltr'>iurare?</span> <span class='ocrx_word' id='word_1_579' title='bbox 2061 4105 2135 4176; x_wconf 91' lang='lat' dir='ltr'>Non</span> 
     </span>
     <span class='ocr_line' id='line_1_62' title="bbox 1155 4200 2135 4298; baseline 0 -21"><span class='ocrx_word' id='word_1_580' title='bbox 1155 4209 1296 4298; x_wconf 90' lang='lat' dir='ltr'>ignoras</span> <span class='ocrx_word' id='word_1_581' title='bbox 1317 4207 1454 4296; x_wconf 89' lang='lat' dir='ltr'>legibus</span> <span class='ocrx_word' id='word_1_582' title='bbox 1473 4208 1549 4296; x_wconf 91' lang='lat' dir='ltr'>cogi</span> <span class='ocrx_word' id='word_1_583' title='bbox 1572 4200 1675 4298; x_wconf 82' lang='lat' dir='ltr'>posse</span> <span class='ocrx_word' id='word_1_584' title='bbox 1692 4231 1751 4278; x_wconf 90' lang='lat' dir='ltr'>eos</span> <span class='ocrx_word' id='word_1_585' title='bbox 1771 4208 2025 4278; x_wconf 90' lang='lat' dir='ltr'>addicendum</span> <span class='ocrx_word' id='word_1_586' title='bbox 2048 4209 2135 4277; x_wconf 84' lang='lat' dir='ltr'>testi-</span> 
     </span>
     <span class='ocr_line' id='line_1_63' title="bbox 1154 4307 2134 4400; baseline 0.002 -21"><span class='ocrx_word' id='word_1_587' title='bbox 1154 4309 1329 4381; x_wconf 90' lang='lat' dir='ltr'>monium.</span> <span class='ocrx_word' id='word_1_588' title='bbox 1377 4307 1550 4397; x_wconf 88' lang='lat' dir='ltr'>Magnum</span> <span class='ocrx_word' id='word_1_589' title='bbox 1566 4330 1623 4378; x_wconf 92' lang='lat' dir='ltr'>me</span> <span class='ocrx_word' id='word_1_590' title='bbox 1639 4309 1848 4382; x_wconf 86' lang='lat' dir='ltr'>beneficium</span> <span class='ocrx_word' id='word_1_591' title='bbox 1868 4311 2005 4400; x_wconf 85' lang='lat' dir='ltr'>putabo</span> <span class='ocrx_word' id='word_1_592' title='bbox 2025 4311 2134 4381; x_wconf 88' lang='lat' dir='ltr'>abste</span> 
     </span>
     <span class='ocr_line' id='line_1_64' title="bbox 1155 4403 2134 4504; baseline 0.003 -23"><span class='ocrx_word' id='word_1_593' title='bbox 1155 4409 1346 4501; x_wconf 88' lang='lat' dir='ltr'>accepisse,</span> <span class='ocrx_word' id='word_1_594' title='bbox 1369 4409 1399 4478; x_wconf 90' lang='lat' dir='ltr'>si</span> <span class='ocrx_word' id='word_1_595' title='bbox 1413 4403 1505 4479; x_wconf 91' lang='lat' dir='ltr'>banc</span> <span class='ocrx_word' id='word_1_596' title='bbox 1527 4434 1602 4479; x_wconf 91' lang='lat' dir='ltr'>rem</span> <span class='ocrx_word' id='word_1_597' title='bbox 1618 4407 1708 4481; x_wconf 92' lang='lat' dir='ltr'>mihi</span> <span class='ocrx_word' id='word_1_598' title='bbox 1722 4412 1929 4496; x_wconf 84' lang='lat' dir='ltr'>confeceris,</span> <span class='ocrx_word' id='word_1_599' title='bbox 1957 4427 2134 4504; x_wconf 89' lang='lat' dir='ltr'>propterea</span> 
     </span>
     <span class='ocr_line' id='line_1_65' title="bbox 1155 4505 2135 4608; baseline 0.005 -27"><span class='ocrx_word' id='word_1_600' title='bbox 1155 4514 1251 4606; x_wconf 91' lang='lat' dir='ltr'>quod</span> <span class='ocrx_word' id='word_1_601' title='bbox 1273 4505 1381 4580; x_wconf 91' lang='lat' dir='ltr'>buius</span> <span class='ocrx_word' id='word_1_602' title='bbox 1395 4513 1525 4583; x_wconf 88' lang='lat' dir='ltr'>sutoris</span> <span class='ocrx_word' id='word_1_603' title='bbox 1541 4537 1657 4585; x_wconf 90' lang='lat' dir='ltr'>mores</span> <span class='ocrx_word' id='word_1_604' title='bbox 1672 4507 1762 4582; x_wconf 91' lang='lat' dir='ltr'>mihi</span> <span class='ocrx_word' id='word_1_605' title='bbox 1783 4512 1860 4582; x_wconf 90' lang='lat' dir='ltr'>noti</span> <span class='ocrx_word' id='word_1_606' title='bbox 1876 4528 1980 4600; x_wconf 89' lang='lat' dir='ltr'>sunt,</span> <span class='ocrx_word' id='word_1_607' title='bbox 1992 4546 1995 4551; x_wconf 94' lang='lat'>·</span> <span class='ocrx_word' id='word_1_608' title='bbox 2005 4529 2041 4587; x_wconf 88' lang='lat' dir='ltr'>ct</span> <span class='ocrx_word' id='word_1_609' title='bbox 2062 4540 2135 4608; x_wconf 91' lang='lat' dir='ltr'>pcr-</span> 
     </span>
     <span class='ocr_line' id='line_1_66' title="bbox 1154 4608 2134 4709; baseline 0.003 -26"><span class='ocrx_word' id='word_1_610' title='bbox 1154 4625 1270 4706; x_wconf 87' lang='lat' dir='ltr'>speeta</span> <span class='ocrx_word' id='word_1_611' title='bbox 1288 4614 1448 4703; x_wconf 90' lang='lat' dir='ltr'>probitas</span> <span class='ocrx_word' id='word_1_612' title='bbox 1469 4628 1533 4683; x_wconf 81' lang='lat' dir='ltr'>est.</span> <span class='ocrx_word' id='word_1_613' title='bbox 1596 4614 1639 4685; x_wconf 86' lang='lat' dir='ltr'>Si</span> <span class='ocrx_word' id='word_1_614' title='bbox 1657 4637 1777 4684; x_wconf 84' lang='lat' dir='ltr'>nosses</span> <span class='ocrx_word' id='word_1_615' title='bbox 1801 4608 2005 4701; x_wconf 89' lang='lat' dir='ltr'>hominem,</span> <span class='ocrx_word' id='word_1_616' title='bbox 2038 4620 2134 4709; x_wconf 83' lang='lat' dir='ltr'>plane</span> 
     </span>
     <span class='ocr_line' id='line_1_67' title="bbox 1155 4715 2134 4810; baseline 0.005 -25"><span class='ocrx_word' id='word_1_617' title='bbox 1155 4716 1302 4804; x_wconf 90' lang='lat' dir='ltr'>dignum</span> <span class='ocrx_word' id='word_1_618' title='bbox 1324 4715 1518 4800; x_wconf 91' lang='lat' dir='ltr'>iudicares,</span> <span class='ocrx_word' id='word_1_619' title='bbox 1541 4740 1645 4810; x_wconf 89' lang='lat' dir='ltr'>quern</span> <span class='ocrx_word' id='word_1_620' title='bbox 1669 4717 1726 4786; x_wconf 91' lang='lat' dir='ltr'>vel</span> <span class='ocrx_word' id='word_1_621' title='bbox 1750 4739 1829 4787; x_wconf 87' lang='lat' dir='ltr'>cum</span> <span class='ocrx_word' id='word_1_622' title='bbox 1853 4717 2015 4807; x_wconf 88' lang='lat' dir='ltr'>periculo</span> <span class='ocrx_word' id='word_1_623' title='bbox 2040 4721 2134 4789; x_wconf 89' lang='lat' dir='ltr'>adiu·</span> 
     </span>
     <span class='ocr_line' id='line_1_68' title="bbox 1153 4810 2134 4889; baseline 0.005 -5"><span class='ocrx_word' id='word_1_624' title='bbox 1153 4825 1265 4889; x_wconf 69' lang='lat' dir='ltr'>iares.</span> <span class='ocrx_word' id='word_1_625' title='bbox 1317 4810 1485 4889; x_wconf 88' lang='lat' dir='ltr'>Arbitror</span> <span class='ocrx_word' id='word_1_626' title='bbox 1500 4830 1617 4886; x_wconf 90' lang='lat' dir='ltr'>autem</span> <span class='ocrx_word' id='word_1_627' title='bbox 1634 4832 1668 4888; x_wconf 90' lang='lat' dir='ltr'>te</span> <span class='ocrx_word' id='word_1_628' title='bbox 1680 4816 1770 4887; x_wconf 90' lang='lat' dir='ltr'>meis</span> <span class='ocrx_word' id='word_1_629' title='bbox 1786 4816 1900 4886; x_wconf 88' lang='lat' dir='ltr'>literis</span> <span class='ocrx_word' id='word_1_630' title='bbox 1919 4831 2059 4889; x_wconf 87' lang='lat' dir='ltr'>tanturn</span> <span class='ocrx_word' id='word_1_631' title='bbox 2079 4815 2134 4889; x_wconf 88' lang='lat' dir='ltr'>ha·</span> 
     </span>
     <span class='ocr_line' id='line_1_69' title="bbox 1154 4918 2132 5014; baseline 0.002 -25"><span class='ocrx_word' id='word_1_632' title='bbox 1154 4920 1237 4989; x_wconf 91' lang='lat' dir='ltr'>bere</span> <span class='ocrx_word' id='word_1_633' title='bbox 1254 4919 1358 5005; x_wconf 88' lang='lat' dir='ltr'>fidei,</span> <span class='ocrx_word' id='word_1_634' title='bbox 1382 4932 1423 4990; x_wconf 90' lang='lat' dir='ltr'>ut</span> <span class='ocrx_word' id='word_1_635' title='bbox 1440 4918 1594 4989; x_wconf 90' lang='lat' dir='ltr'>libenter</span> <span class='ocrx_word' id='word_1_636' title='bbox 1613 4920 1734 4989; x_wconf 87' lang='lat' dir='ltr'>credas</span> <span class='ocrx_word' id='word_1_637' title='bbox 1751 4918 1859 4987; x_wconf 91' lang='lat' dir='ltr'>talem</span> <span class='ocrx_word' id='word_1_638' title='bbox 1881 4941 1976 5004; x_wconf 89' lang='lat' dir='ltr'>esse,</span> <span class='ocrx_word' id='word_1_639' title='bbox 2000 4922 2132 5014; x_wconf 88' lang='lat' dir='ltr'>qualem</span> 
     </span>
     <span class='ocr_line' id='line_1_70' title="bbox 1153 5018 2133 5115; baseline 0.005 -26"><span class='ocrx_word' id='word_1_640' title='bbox 1153 5022 1329 5112; x_wconf 89' lang='lat' dir='ltr'>praedico.</span> <span class='ocrx_word' id='word_1_641' title='bbox 1394 5018 1477 5090; x_wconf 90' lang='lat' dir='ltr'>Non</span> <span class='ocrx_word' id='word_1_642' title='bbox 1502 5021 1605 5112; x_wconf 91' lang='lat' dir='ltr'>potui</span> <span class='ocrx_word' id='word_1_643' title='bbox 1635 5021 1787 5091; x_wconf 88' lang='lat' dir='ltr'>scribere</span> <span class='ocrx_word' id='word_1_644' title='bbox 1820 5021 2018 5110; x_wconf 89' lang='lat' dir='ltr'>copiosius,</span> <span class='ocrx_word' id='word_1_645' title='bbox 2058 5047 2133 5115; x_wconf 89' lang='lat' dir='ltr'>pro·</span> 
     </span>
     <span class='ocr_line' id='line_1_71' title="bbox 1154 5116 2131 5214; baseline 0.001 -22"><span class='ocrx_word' id='word_1_646' title='bbox 1154 5122 1359 5214; x_wconf 78' lang='lat' dir='ltr'>perentibus</span> <span class='ocrx_word' id='word_1_647' title='bbox 1383 5116 1442 5192; x_wconf 86' lang='lat' dir='ltr'>his</span> <span class='ocrx_word' id='word_1_648' title='bbox 1464 5123 1676 5209; x_wconf 89' lang='lat' dir='ltr'>tabellariis,</span> <span class='ocrx_word' id='word_1_649' title='bbox 1712 5123 1772 5192; x_wconf 84' lang='lat' dir='ltr'>sed</span> <span class='ocrx_word' id='word_1_650' title='bbox 1807 5121 1838 5189; x_wconf 91' lang='lat' dir='ltr'>si</span> <span class='ocrx_word' id='word_1_651' title='bbox 1868 5123 2079 5196; x_wconf 84' lang='lat' dir='ltr'>intellexero</span> <span class='ocrx_word' id='word_1_652' title='bbox 2103 5139 2131 5195; x_wconf 89' lang='lat' dir='ltr'>te</span> 
     </span>
     <span class='ocr_line' id='line_1_72' title="bbox 1153 5220 2132 5318; baseline 0.005 -27"><span class='ocrx_word' id='word_1_653' title='bbox 1153 5247 1227 5293; x_wconf 96' lang='lat' dir='ltr'>non</span> <span class='ocrx_word' id='word_1_654' title='bbox 1241 5220 1430 5293; x_wconf 91' lang='lat' dir='ltr'>abhorrere</span> <span class='ocrx_word' id='word_1_655' title='bbox 1446 5248 1465 5292; x_wconf 90' lang='lat' dir='ltr'>a</span> <span class='ocrx_word' id='word_1_656' title='bbox 1479 5235 1600 5293; x_wconf 91' lang='lat' dir='ltr'>nostra</span> <span class='ocrx_word' id='word_1_657' title='bbox 1614 5223 1785 5308; x_wconf 86' lang='lat' dir='ltr'>amicitia,</span> <span class='ocrx_word' id='word_1_658' title='bbox 1808 5224 1902 5294; x_wconf 92' lang='lat' dir='ltr'>dabo</span> <span class='ocrx_word' id='word_1_659' title='bbox 1918 5230 2082 5318; x_wconf 79' lang='lat' dir='ltr'>operam,</span> <span class='ocrx_word' id='word_1_660' title='bbox 2099 5238 2132 5297; x_wconf 92' lang='lat' dir='ltr'>ut</span> 
     </span>
     <span class='ocr_line' id='line_1_73' title="bbox 1153 5321 2131 5425; baseline 0.002 -30"><span class='ocrx_word' id='word_1_661' title='bbox 1153 5325 1191 5395; x_wconf 91' lang='lat' dir='ltr'>in</span> <span class='ocrx_word' id='word_1_662' title='bbox 1207 5321 1275 5395; x_wconf 90' lang='lat' dir='ltr'>hoc</span> <span class='ocrx_word' id='word_1_663' title='bbox 1289 5348 1414 5416; x_wconf 88' lang='lat' dir='ltr'>genere</span> <span class='ocrx_word' id='word_1_664' title='bbox 1430 5326 1537 5395; x_wconf 85' lang='lat' dir='ltr'>officii</span> <span class='ocrx_word' id='word_1_665' title='bbox 1560 5340 1594 5397; x_wconf 91' lang='lat' dir='ltr'>et</span> <span class='ocrx_word' id='word_1_666' title='bbox 1614 5326 1652 5394; x_wconf 91' lang='lat' dir='ltr'>in</span> <span class='ocrx_word' id='word_1_667' title='bbox 1669 5326 1857 5397; x_wconf 88' lang='lat' dir='ltr'>scribendo</span> <span class='ocrx_word' id='word_1_668' title='bbox 1880 5351 1939 5396; x_wconf 93' lang='lat' dir='ltr'>me</span> <span class='ocrx_word' id='word_1_669' title='bbox 1963 5352 2038 5400; x_wconf 91' lang='lat' dir='ltr'>non</span> <span class='ocrx_word' id='word_1_670' title='bbox 2059 5351 2131 5425; x_wconf 87' lang='lat' dir='ltr'>pos-</span> 
     </span>
    </p>
   </div>
   <div class='ocr_carea' id='block_1_17' title="bbox 0 0 2254 5780">
    <p class='ocr_par' dir='ltr' id='par_1_20' title="bbox 0 0 2254 5780">
     <span class='ocr_line' id='line_1_74' title="bbox 0 0 2254 5780; baseline 0 0"><span class='ocrx_word' id='word_1_671' title='bbox 0 0 2254 5780; x_wconf 95' lang='lat' dir='ltr'> </span> 
     </span>
    </p>
   </div>
  </div>
 </body>
</html>
