4500 5782
111 237 178 313 tn
687 218 1127 297 nntsrontnun
1177 219 1286 325 nuta.
1321 218 1367 309 lt
1422 218 1553 315 eaeo.
2066 183 2143 322 sat

106 412 253 495 deinde,
277 428 385 501 quam
398 404 468 474 late
484 399 511 469 ii
525 394 822 491 imperitavcrint,
848 395 910 491 qui
931 393 1094 463 omnium
1146 393 1247 463 dines
1272 392 1460 465 aelurum
1487 397 1626 488 probas.
1682 396 1755 471 Sed
1779 400 1818 471 in
1840 397 1909 473 hoc
1930 404 2071 501 inquies
2089 421 2143 481 est

106 537 229 606 regum
243 506 285 607 ¹⁰)
306 506 474 579 latissime
488 512 727 594 propagarunt
741 497 839 571 fines.
890 493 991 585 Quae
1010 495 1094 564 item
1144 490 1329 581 honestas,
1355 508 1407 565 cst
1420 495 1572 581 utilitas,
1596 498 1714 569 utilla
1731 503 1908 589 omittam,
1934 520 1974 577 ut
1986 508 2033 578 sit
2047 532 2142 585 unns

104 629 186 713 post
215 610 445 707 Assyriorum
477 617 511 673 et
541 599 731 671 Persarum
765 597 953 691 imperium
986 619 1095 687 regna
1145 595 1275 692 aliquis
1295 596 1340 667 ad
1363 620 1470 691 quem
1493 599 1656 670 omnium
1679 603 1841 693 gentium
1870 605 2142 701 disceptationes

104 717 256 801 fuerint,
298 734 381 783 cum
410 707 481 777 iam
503 698 718 773 Alexander
740 723 887 790 magnus
920 698 1096 769 orientem
1146 698 1353 772 referantur.
1431 696 1534 788 Quae
1569 702 1679 771 vero?
1737 703 2072 783 Sacerdotiommne
2097 708 2141 810 ¹²)

104 818 317 916 meruisset,
341 824 381 893 ut
394 810 498 879 illum
509 804 646 890 Roma,
670 818 746 874 tum
762 802 892 871 florens
911 802 998 871 adeo
1020 824 1096 875 non
1147 813 1182 870 et
1207 798 1411 871 redituum?
1468 799 1720 899 Nequaquam,
1754 831 1840 877 nam
1865 804 1932 879 hae
1956 813 2037 883 lites
2057 839 2142 908 pno-

104 919 268 1015 ψονὴ,
300 929 341 986 ut
365 912 545 1001 designato
569 906 640 975 iam
667 921 744 977 tum
769 905 858 974 duce
883 902 991 974 suerit
1013 926 1095 973 eum
1146 901 1222 996 prie
1245 903 1292 971 ad
1316 901 1508 973 saecularia
1531 904 1682 993 iudicia,
1714 909 1758 977 ad
1779 910 1975 1004 principes,
1998 917 2046 985 ad
2065 916 2141 991 lte.

104 1026 199 1097 bello
215 1030 421 1111 exceptura,
446 1012 476 1080 si
493 1008 631 1079 ltaliam
647 1007 818 1077 ferociens
834 1006 972 1075 iuvenis
993 1004 1096 1073 inva-
1146 1027 1205 1094 ges
1218 1004 1346 1073 mundi
1360 1003 1550 1095 pertinent.
1601 1005 1656 1077 De
1672 1009 1755 1078 fidei
1770 1014 1901 1085 caussis
1918 1016 2059 1111 loquor,
2078 1021 2142 1091 ais

106 1128 215 1209 sisset.
280 1119 366 1191 Post
391 1103 648 1183 Alexandrum
674 1123 762 1203 quot
790 1129 889 1196 reges
913 1106 1096 1200 imperita-
1146 1103 1196 1177 At
1224 1129 1308 1176 vero
1337 1105 1424 1175 fides
1453 1109 1585 1179 tuenda
1624 1123 1677 1180 est
1713 1135 1788 1182 non
1817 1118 2044 1204 auctoritate,
2079 1124 2140 1191 sed

63 1206 70 1225 x
104 1226 214 1305 runt?
264 1219 422 1294 Romani
436 1213 577 1306 imperii
592 1208 819 1306 quantumvis
832 1208 957 1294 ferrei,
980 1207 1096 1277 fatalis
1146 1206 1340 1300 scripturae
1354 1208 1473 1279 armis.
1509 1210 1565 1279 vel
1586 1235 1696 1280 unam
1716 1208 1879 1284 haeresin
1901 1218 1989 1288 doce
2012 1244 2033 1291 a
2054 1244 2141 1293 oon-

105 1333 207 1409 limes
222 1317 417 1414 Ctesiphon
439 1317 519 1389 luit.
570 1309 729 1384 Obsecro
754 1325 787 1381 te
808 1312 933 1395 irater,
961 1309 1097 1378 intelli·
1146 1309 1219 1379 dita
1234 1306 1411 1394 Ecclesia,
1435 1307 1682 1383 Romanorum
1700 1311 1915 1387 Pontificum
1932 1323 2141 1396 auctoritate

105 1434 412 1526 31s‚‘utpraeter
439 1420 546 1489 deum
568 1409 765 1485 Monarcha
788 1412 827 1481 in
849 1412 953 1482 terris
975 1410 1096 1481 nullus
1147 1410 1336 1482 extinctam
1353 1433 1438 1486 esse.
1484 1410 1564 1484 Hoc
1576 1414 1723 1485 unicum
1737 1431 1789 1487 est
1803 1420 1955 1491 maxime
1968 1426 2141 1518 populare

106 1548 176 1620 est,
201 1532 251 1601 ita
270 1537 410 1621 practer
425 1515 609 1597 Christum
629 1516 770 1585 nullum
794 1537 867 1583 esse
886 1514 925 1581 in
939 1510 1095 1582 Ecclesia
1147 1525 1412 1603 argumentum,
1451 1525 1485 1583 et
1516 1516 1612 1609 quod
1640 1530 1679 1587 tu
1708 1517 1747 1587 in
1776 1519 1853 1613 ipso
1883 1522 1998 1593 libelli
2026 1529 2140 1621 capita

103 1624 341 1711 monarcham,
399 1623 470 1695 Sed
491 1634 533 1691 ut
557 1618 662 1689 multi
680 1616 793 1705 reguli
825 1629 928 1700 sunt,
966 1614 1015 1684 ita
1038 1626 1096 1684 ute
1147 1614 1298 1691 manime
1328 1613 1453 1697 iactas,
1486 1631 1650 1709 oportere
1680 1641 1753 1689 esse
1783 1646 1896 1693 unum
1918 1623 2141 1716 Pontificem,

105 1757 244 1829 mnque
266 1725 510 1820 consequitur,
544 1722 675 1792 multos
700 1741 772 1786 esse
800 1717 927 1788 debere
948 1712 1097 1808 Episco-
1147 1716 1192 1784 ad
1210 1737 1316 1808 quem
1334 1714 1531 1787 referantur
1547 1717 1630 1787 fidei
1648 1721 1881 1813 quaestiones.
1928 1728 2139 1821 quasivero

105 1863 180 1937 1¹⁰⁵·
246 1831 323 1905 Iam
348 1829 378 1899 si
400 1823 670 1916 expenderimus
694 1843 734 1888 ex
755 1812 968 1888 Monarchia
989 1840 1097 1887 mun-
1147 1811 1308 1885 haereses
1343 1818 1569 1904 auctoritate,
1616 1844 1692 1890 non
1723 1825 1905 1915 scripturis
1937 1829 2140 1905 vincantur.

106 1947 216 2025 dana,
241 1957 327 2030 quas
344 1930 459 2000 clades
479 1924 577 1995 orbis
598 1938 771 1992 terrarum
793 1919 982 2010 acceperit,
1007 1941 1097 1988 neu-
1147 1915 1275 1987 Nonne
1297 1917 1460 1988 omnium
1479 1915 1739 2013 Episcoporum
1758 1939 1828 2011 est,
1852 1928 1932 2018 pari
1952 1931 2138 2021 diligentia

105 2046 243 2139 tiquam
266 2037 384 2107 favere
410 2029 516 2099 rebus
537 2021 715 2095 Ecclesiae
735 2020 935 2103 videbitur,
959 2019 1023 2113 qui
1043 2019 1097 2089 af-
1148 2017 1346 2104 confluere,
1370 2017 1540 2091 obsistere
1556 2016 1708 2110 haeresi,
1734 2049 1808 2095 non
1824 2028 1918 2118 igni,
1943 2056 2020 2103 non
2032 2037 2140 2120 ferro,

104 2139 308 2221 securitati
333 2127 646 2219 illiusexemplnm
667 2122 933 2193 ecclesiasticam
952 2143 1097 2190 monar-
1147 2120 1209 2189 sed
1245 2120 1431 2191 doctrina?
1495 2118 1613 2216 Atque
1662 2125 1710 2195 ita
1746 2128 1843 2199 soliti
1879 2146 1964 2202 sunt
2007 2137 2138 2226 passim

106 2244 224 2322 chian.
273 2235 322 2311 Et
344 2235 511 2305 videntur
534 2222 624 2296 mihi
639 2223 798 2297 Romani
813 2222 1000 2293 Pontifices
1021 2245 1096 2290 non
1146 2222 1321 2293 nascenn's
1350 2217 1529 2293 Ecclesiae
1557 2221 1745 2318 Episcopi,
1795 2230 1903 2301 immo
1932 2235 2040 2305 etiam
2067 2239 2138 2309 iam

104 2344 275 2421 minorib.
293 2337 404 2433 (quod
423 2334 468 2404 ad
484 2329 649 2423 spiritum
668 2323 808 2421 attinet)
828 2325 931 2393 malis
945 2321 1097 2393 Monar—
1147 2323 1286 2394 adultae
1326 2321 1365 2391 in
1393 2318 1563 2416 Aphrica.
1635 2324 1728 2398 Nam
1762 2332 1807 2400 ad
1833 2356 1940 2425 quem
1967 2338 2139 2411 referetur

107 2447 223 2523 chiam
239 2461 409 2521 asserere,
434 2457 539 2527 quam
556 2431 638 2500 illae
706 2429 837 2496 ondam
858 2438 977 2517 gentes
996 2449 1096 2495 snam
1147 2425 1304 2518 quaestio
1328 2423 1428 2509 fidei,
1451 2427 1482 2494 si
1496 2423 1567 2497 Ro.
1582 2424 1779 2522 Episcopus
1805 2427 1967 2505 haeresin
1990 2440 2138 2511 doceat?

107 2548 331 2624 constituere.
381 2536 464 2606 Non
483 2547 590 2605 terret
611 2546 643 2602 te
655 2454 856 2602 llemrotht
874 2524 1096 2618 exemplum?
1148 2523 1222 2594 lam
1252 2521 1439 2619 Episcopis
1474 2530 1699 2601 contantibus
1722 2526 1779 2625 ¹⁵),
1828 2535 1859 2603 si
1888 2534 2138 2613 Romanorum

106 2654 170 2750 qni
185 2650 261 2733 scis,
286 2638 464 2738 quomodo
482 2637 521 2704 in
540 2632 723 2725 scripturis
741 2631 873 2715 audiat,
897 2652 971 2696 non
989 2629 1096 2697 aliam
1146 2623 1360 2696 Pontificum
1379 2628 1568 2701 auctoritas
1590 2646 1804 2725 expectetur,
1827 2637 1933 2709 latius
1955 2659 2139 2734 proserpat

107 2758 154 2827 01,
178 2768 352 2828 caussam,
376 2738 447 2809 nisi
467 2738 550 2832 quia
568 2756 675 2823 regna
698 2731 837 2804 invasit.
887 2726 936 2800 Et
957 2744 998 2800 ut
1017 2728 1097 2800 obi-
1146 2728 1263 2814 virus,
1295 2752 1402 2822 quam
1425 2744 1467 2801 ut
1489 2733 1648 2803 revocari
1669 2735 1779 2826 possit
1805 2760 1913 2809 error.
1959 2743 2062 2815 cuius
2086 2747 2138 2817 rei

106 2875 160 2930 ter
181 2846 414 2945 respondeam
436 2839 541 2910 adid
562 2836 659 2929 quod
682 2834 785 2904 toties
807 2832 930 2916 iactas,
960 2844 1012 2901 tot
1031 2854 1097 2901 an·
1147 2828 1306 2922 exempla
1337 2847 1457 2903 nostra
1482 2846 1576 2903 aetas
1596 2828 1721 2921 habet,
1762 2863 1852 2931 quae
1882 2836 1974 2911 nihil
2000 2845 2138 2917 nisiex

107 2979 236 3031 uorum
283 2947 531 3021 Romanorum
579 2935 794 3007 Pontificum
846 2929 1096 3003 Monarchiam
1146 2931 1360 3024 praescripto
1377 2929 1536 3005 Romani
1550 2932 1768 3008 Monarchae
1794 2954 1921 3032 potest.

107 3084 192 3134 ωε,
262 3047 444 3123 Nimirum
488 3066 508 3111 a
541 3037 815 3132 praescriptione
844 3035 899 3103 ius
930 3034 1096 3103 divinum
1249 3027 1387 3104 Omitto
1410 3034 1578 3129 ineptias,
1610 3042 1707 3130 quod
1732 3064 1851 3111 censes
1871 3043 2047 3118 unitatem
2066 3044 2138 3121 Ec-

106 3163 246 3257 probas,
297 3149 437 3240 Quaeso
459 3159 492 3215 te
515 3167 557 3211 ex
579 3164 649 3234 quo
671 3154 829 3231 tempore
852 3136 944 3205 vires
964 3136 1097 3231 accepit
1148 3134 1272 3205 clesiae
1290 3134 1326 3203 in
1344 3134 1473 3206 ritibus
1489 3138 1677 3210 consistere
1693 3166 1733 3210 ac
1753 3143 1968 3221 cerimoniis.
2020 3147 2137 3239 Quot-

105 3251 337 3337 Monarchis,
377 3269 498 3317 nonne
523 3241 561 3338 ¹¹)
586 3239 763 3311 Ecclesiae
788 3239 969 3328 integritas
998 3238 1097 3308 labe-
1147 3251 1235 3331 quot
1245 3232 1459 3327 Evangelio,
1484 3240 1754 3336 quibuscunque
1769 3245 1914 3328 ritibus,
1938 3249 2014 3319 sive
2027 3246 2138 3325 Ama-

106 3361 231 3438 facmi
252 3351 391 3444 coepit?
442 3345 491 3416 Et
511 3344 611 3414 nulla
633 3367 688 3427 re,
714 3365 822 3434 quam
842 3340 970 3432 opibus
995 3352 1097 3409 aucta
1147 3338 1351 3422 xobiorum,
1397 3339 1470 3407 sive
1506 3338 1743 3428 Graecorum,
1778 3346 1852 3415 sive
1878 3345 2137 3439 Romanorum,

108 3481 169 3540 m,
221 3456 270 3534 At
285 3478 361 3524 non
380 3451 449 3522 alia
470 3470 527 3517 res
549 3444 678 3514 certius
701 3443 806 3512 exitio
825 3442 894 3512 suit
908 3437 1097 3522 Ecclesiae,
1147 3440 1292 3521 vivunt,
1315 3434 1517 3510 Christiane
1538 3443 1676 3517 vivunt
1727 3444 1913 3542 Quotquot
1937 3474 2137 3525 sacramen-

108 3590 229 3665 ΨΜ..
246 3580 342 3652 opes,
400 3548 495 3619 Vere
518 3542 740 3617 Christianae
766 3566 848 3635 opes
877 3550 961 3612 sunt
990 3537 1097 3611 Chri·
1148 3540 1193 3609 tis
1207 3539 1256 3607 ita
1273 3552 1441 3626 utuntur,
1465 3538 1726 3635 utEvangelica
1744 3548 1834 3618 ratio
1852 3553 2025 3641 postulat,
2045 3571 2137 3628 recte

93 3662 221 3743 'stiana
245 3657 425 3739 doctrina,
455 3650 584 3743 pietas,
615 3646 719 3729 fides,
747 3640 927 3725 Charitas,
953 3642 1009 3712 dic
1025 3641 1097 3710 illis
1147 3653 1308 3712 utuntur.
1359 3638 1452 3711 Nam
1478 3644 1509 3711 si
1532 3641 1665 3715 similes
1690 3647 1743 3716 vis
1767 3650 2000 3738 cerimonias,
2033 3682 2136 3729 cura

109 3771 196 3869 quid
215 3758 403 3835 accreverit
423 3777 486 3846 per
500 3749 702 3824 Romanam
718 3739 977 3815 Monarchiam.
1026 3741 1098 3813 Le-
1147 3741 1252 3811 nobis
1283 3742 1521 3815 saecularibus
1560 3770 1623 3816 vos
1652 3746 1843 3837 Monachi,
1888 3750 2137 3831 Romanorum

109 3897 168 3967 ges
192 3872 419 3939 accreverunt
445 3869 480 3925 et
503 3849 733 3933 cerimoniae,
764 3869 851 3941 quas
874 3868 996 3914 omnes
1024 3846 1097 3914 lere
1146 3834 1360 3913 Pontificum
1382 3844 1587 3933 inventum,
1612 3848 1780 3918 variatis?
1832 3848 1992 3945 Ineptior
2013 3882 2052 3929 es
2074 3886 2138 3953 per

107 3975 245 4053 Romae
280 3965 458 4035 debemus.
534 3949 584 4022 At
621 3946 860 4020 Christianam
899 3946 1099 4017 doctrinam
1148 3943 1287 4030 omnia,
1326 3969 1433 4037 quam
1456 3961 1497 4018 ut
1519 3952 1725 4043 responderi
1747 3953 1814 4021 tibi
1836 3978 1857 4024 a
1879 3977 1964 4026 sano
1990 3954 2136 4033 bomine

109 4096 236 4167 magna
252 4092 292 4138 ex
311 4076 409 4158 parte
430 4060 525 4148 leges
547 4054 629 4123 illae
648 4053 881 4123 extinxerunt.
931 4062 972 4119 ut
992 4049 1097 4141 plane
1148 4047 1284 4118 debeat.
1349 4045 1423 4117 lam
1455 4063 1495 4119 ut
1523 4052 1642 4120 omnia
1666 4054 1847 4144 superiora
1868 4058 2029 4148 valeant,
2064 4050 2136 4134 non

111 4183 182 4251 im
200 4170 384 4245 ,tisinum
400 4174 561 4231 nostrum
576 4156 672 4226 iuxta
686 4151 815 4222 Mosen
832 4150 881 4221 tet
905 4150 1099 4221 draconum
1148 4148 1279 4239 probas
1306 4140 1374 4218 hoc
1403 4166 1610 4239 argumento
1631 4153 1686 4222 ius
1710 4155 1885 4229 divinum.
1951 4159 2136 4257 Siquidem

111 4295 334 4353 stvenenum
349 4265 530 4358 aspidum,
554 4254 708 4339 horest,
732 4252 916 4326 Romanae
931 4253 1032 4342 leges,
1056 4276 1097 4321 ex
1148 4249 1204 4319 ins
1224 4249 1388 4319 divinum
1412 4265 1480 4334 est,
1506 4257 1601 4346 quod
1623 4256 1729 4323 sacris
1746 4256 1858 4327 literis
1883 4260 2056 4353 scripturn
2075 4283 2136 4345 est.

109 4375 312 4461 “timoniis
331 4384 406 4439 ,m
431 4379 482 4435 est
501 4357 720 4453 superstitio,
745 4380 815 4449 quo
841 4353 937 4424 malo
957 4352 1098 4424 nullum
1149 4344 1308 4421 Athone
1322 4350 1574 4445 syllogismum
1593 4368 1695 4425 tuum
1714 4380 1788 4426 non
1811 4382 1883 4429 esse
1900 4386 1919 4431 e
1934 4363 2044 4435 sacris
2058 4370 2138 4442 lite-¹

111 4463 163 4557 'm
181 4482 221 4551 g„
233 4471 435 4547 christiana
452 4458 810 4555 republica'atrocius.
861 4467 897 4513 “.
1149 4452 1198 4520 ris
1219 4452 1388 4543 petitum,
1429 4456 1513 4523 satis
1543 4468 1689 4530 constat.
1752 4453 1889 4530 Omnes
1917 4460 2155 4555 respublicae¹

179 4642 183 4653 ,
211 4607 286 4679 hm
299 4615 340 4671 ug
353 4588 658 4691 philosophicum,
679 4557 1099 4675 u,ogpssasar'dicum,331v
1149 4547 1357 4622 Monarchis
1382 4556 1455 4644 regi
1479 4558 1625 4643 debent,
1651 4580 1732 4647 ergo
1745 4555 1924 4634 Ecclesiae
1938 4564 2136 4651 Monarchia

111 4717 206 4815 ,aaa
230 4707 336 4788 ateis,
369 4697 436 4770 usa
463 4693 621 4764 manaa
639 4686 828 4759 honestum
853 4700 888 4758 et
914 4687 1004 4758 aaa
1034 4690 1099 4757 ae.
1150 4651 1320 4745 sempe,
1370 4653 1469 4744 Quid
1486 4659 1581 4726 enim
1596 4660 1854 4732 multimodis
1875 4667 1992 4756 notuit
2013 4672 2137 4744 absur-

111 4813 340 4902 leetabileque
360 4804 507 4873 bonum.
536 4792 700 4881 'Quaeso
723 4805 774 4874 te,
799 4812 889 4882 quac
913 4804 965 4858 est
985 4784 1100 4868 hone·
1149 4756 1230 4826 dius
1256 4755 1374 4844 fingis
1399 4782 1480 4829 cum
1505 4783 1570 4830 110⁶
1592 4784 1716 4830 omnes
1740 4766 1960 4855 respublicae
1984 4765 2138 4849 habeant

111 4906 364 5003 ,magmas
396 4900 484 4995 qaia
504 4895 671 4979 intuma,
695 4886 1099 4987 qui‹1·e0mmoai,.,nist
1149 4852 1375 4941 M⁰¹²³f⁰¹¹³⁸³
1399 4882 1466 4928 ¹¹⁹⁶
1482 4874 1561 4953 ³1>te
1576 4863 1697 4953 auga
1710 4864 1755 4932 ‘¹0
1767 4861 1935 4958 Pars-11²
1947 4866 2039 4973 diti.
2056 4876 2136 4968 ios

95 4989 356 5097 ⁸Rornanorum
371 5000 581 5076 Pontificum
595 4997 757 5085 gloriam,
773 4992 1100 5086 ,prodigiqsasglibi-
1150 4956 1220 5031 sit'l
1271 4942 1410 5111 Omitto
1422 4956 1620 5073 Coruicg¹⁴)
1634 4950 1718 5091 'ssq'g’
1744 4962 2135 5089 legmodo:pamv0¹

1152 5150 1394 5183 W-
1488 5200 1493 5209 ·
1646 5148 1649 5153 ·
1797 5130 1802 5145 ·
1932 5128 1951 5145 Ἰ
1992 5141 1995 5147 ¹
2067 5186 2071 5191 .

167 5330 209 5395 ¹⁰>
228 5319 334 5392 ceu
357 5315 436 5369 uh·
450 5328 530 5385 sn
547 5306 721 5379 ψ·
762 5302 795 5357 ¹²·
1156 5250 1174 5305 '¹
1203 5257 1250 5395 tt
1264 5246 1537 5391 {ancittae
1553 5256 2044 5386 {zaccasasangafe

166 5389 788 5515 ¹¹>¹¹⁰⁰⁰⁶1t⁰cz=aanc⁰⁶J
843 5420 855 5459 κ
917 5484 922 5495 ,
1204 5344 1734 5473 1⁴›oaa1naat‘20amn
1764 5369 1873 5455 a.
1908 5370 1916 5386 ·
1955 5462 1961 5477 ι
1997 5427 2027 5477 ,Ι

112 5203 397 5231 ...----·-
