4500 5782
6 292 16 308 ,
111 184 266 313 'exram
500 318 501 323 q
707 184 1556 292 asuaausvrrnuuun.1sra

142 400 147 415 '
222 395 261 457 D.
284 404 341 464 20.
359 393 441 477 Aug.
465 399 545 455 venit
566 390 704 476 Lipsiam
725 397 828 477 ibique
852 395 927 456 vidit
947 401 1081 479 primum
1102 394 1228 457 Petrum
1249 395 1475 475 Mosellanum,
1510 413 1539 459 et
1564 397 1722 458 Andr-eam
1750 397 1903 458 Francum
1935 398 2136 458 Comitionum

120 514 193 562 tnnc
208 505 348 560 iuvenem
363 503 494 580 optimae
515 503 596 578 spei,
623 510 726 579 postea
742 501 945 559 consiliarium
957 495 1098 579 Georgii,
1123 498 1248 560 Henrici
1270 512 1300 561 et
1314 497 1473 577 llIauricii,
1503 498 1625 562 Ducum
1641 497 1803 561 Saxoniae.
1856 499 2008 579 „Solebat
2030 523 2136 562 norror·

122 600 330 684 „Philippus,
358 601 432 684 quid
454 601 606 661 accidisset
619 596 742 682 Lipsiae
764 606 795 660 in
819 604 959 661 convivio
968 647 979 679 ,
1006 604 1067 685 quo
1088 589 1241 684 hospitem
1260 624 1331 663 eum
1346 599 1516 682 Collegium
1533 596 1710 684 primarium
1722 601 1904 664 Academiae
1921 607 2002 665 illius
2019 605 2136 665 honori

123 726 234 781 „causa
248 717 409 785 acceperat.
461 700 567 781 Quum
588 707 669 763 euim
685 705 744 763 cibi
765 704 867 763 crebro
885 693 1082 779 inferrentur,
1106 719 1134 765 et
1152 708 1269 787 quoties
1282 704 1317 766 hi
1333 719 1571 788 apponerentur,
1598 710 1840 789 unusquispiam
1855 706 1995 768 meditata
2013 711 2136 783 oration«

122 810 302 888 „adipsum
319 810 477 901 verborum
492 806 607 888 aliquid
622 806 749 883 faceret,
776 806 977 867 animadversa
995 830 1029 867 re
1042 802 1221 889 Philippus,
1249 821 1410 892 postquam
1431 811 1523 870 semel
1546 823 1634 895 atque
1655 813 1764 869 iterum
1784 798 2002 891 respondisset,¹
2026 802 2136 870 t'arrdeu

122 912 271 986 „obsecro
286 931 358 986 ros,
381 913 498 991 inquit,
517 913 574 968 riri
588 911 759 985 clarissimi,
785 912 940 989 patiamini
954 929 1007 968 me·
1018 909 1126 970 auditis
1142 910 1325 971 orationibus
1344 915 1459 971 cunctis
1473 914 1514 972 ita
1536 912 1665 995 denique
1688 915 1779 973 semel
1801 912 1998 992 respondere;
2028 933 2100 970 nam
2115 934 2136 969 rr

122 1017 312 1093 „improvisa
326 1032 389 1071 uon
403 1014 511 1070 accessi
526 1011 563 1070 ad
576 1013 664 1070 toties
680 1011 838 1071 dicendum
852 1015 1012 1071 necessaria
1031 1016 1171 1072 varietate
1191 1017 1359 1073 instructus.
1412 1011 1516 1096 Atque
1531 1005 1572 1074 ita
1588 1015 1683 1073 aiebat
1703 1027 1768 1073 tum
1788 1035 1933 1094 pompam
1949 1034 2015 1075 earn
2038 1034 2136 1093 super·

120 1136 291 1192 „racaneae
307 1117 544 1193 compellationis
560 1113 666 1173 deinde
680 1113 814 1187 adhiberi
830 1112 978 1173 desiisse.'’
994 1110 1171 1190 (Camerar.
1189 1118 1222 1174 in
1242 1119 1305 1200 rita
1317 1112 1390 1175 ltlel.
1413 1138 1444 1197 p.
1465 1115 1539 1193 26.)
1564 1146 1616 1160 -—-
1668 1112 1876 1177 Comrnoratos
1894 1129 1937 1175 est
1952 1112 2077 1195 Lipsiae
2094 1138 2136 1176 us·

120 1239 178 1298 que
194 1218 274 1289 add.
294 1217 350 1282 24.
366 1213 470 1296 Aug,
498 1227 527 1275 et
547 1211 717 1295 Lipsienses
741 1220 824 1276 omni
843 1216 1155 1292 modostuduerunt,
1190 1239 1259 1276 eum
1281 1204 1404 1298 Lipsiae
1426 1221 1572 1295 retinere,
1602 1220 1680 1277 male
1704 1221 1825 1300 loquuti
1848 1219 1884 1286 de
1907 1215 2090 1297 Viteberga‚
2117 1239 2136 1274 e:

51 1346 57 1355 ⁸
117 1323 246 1399 largiora
261 1318 406 1399 stipendia
424 1321 639 1401 promittentes.
690 1300 751 1378 sed
763 1315 942 1400 Philippus,
967 1339 1138 1401 quanquam
1153 1323 1218 1400 ipse
1233 1324 1345 1380 veritus
1360 1331 1422 1396 est,
1447 1341 1487 1378 ne
1500 1342 1563 1380 nou
1576 1331 1677 1401 posset
1690 1300 1871 1400 Vitebergae
1887 1342 1917 1379 se
1932 1322 2029 1396 alere,
2045 1333 2136 1381 tamer

31 1422 34 1427 ’
119 1425 271 1502 promissis
287 1423 386 1497 stetit,
413 1433 442 1481 et
457 1421 531 1479 abiit
546 1418 748 1500 Vitebergam.
2025 1405 2028 1409 ⁴

218 1520 258 1583 D.
277 1524 334 1591 24.
352 1520 435 1603 Aug.
453 1527 485 1581 in
502 1523 614 1602 oppido
630 1519 738 1582 Diiben
756 1527 950 1602 pernoctavit.

217 1621 257 1686 D.
276 1628 334 1692 25.
352 1622 432 1704 Aug.
447 1624 521 1699 hora
538 1629 632 1705 prima
648 1624 852 1705 pomeridiana
865 1623 1061 1705 Vitebergam
1080 1629 1178 1686 intrat.

146 1710 150 1716 ¹
219 1723 287 1803 „D.
306 1732 362 1792 26.
379 1725 462 1806 Aug.
486 1729 540 1786 sub
558 1724 721 1788 Rectoratu
737 1724 861 1785 It'tcolct
872 1725 1023 1801 Gingdm,
1049 1730 1158 1788 artium
1171 1723 1325 1806 Magistri,
1353 1715 1520 1787 intitulatus
1545 1740 1588 1787 est
1608 1724 1689 1787 Phil.
1708 1724 1885 1787 lllelanthon
1909 1731 2017 1787 artium
2041 1725 2136 1807 stagi-

100 1843 203 1905 1„stor
220 1827 419 1907 Tubingeusis
445 1828 480 1887 dc
504 1825 624 1907 Bre'tta,
660 1850 829 1908 graecarum
852 1833 1016 1889 litterartun
1038 1834 1130 1890 lector
1154 1821 1304 1910 primus.”
1354 1826 1452 1906 (llaec
1479 1834 1586 1909 scripta
1609 1832 1749 1907 leguntur
1772 1832 1804 1888 in
1828 1831 1893 1889 cod.
1917 1827 2025 1890 Barari
2058 1828 2097 1890 T.
2116 1826 2136 1888 l.

113 1953 181 2012 pag.
204 1930 325 2010 1003.)

147 2024 150 2037 '
212 2029 254 2092 D.
271 2038 329 2098 29.
345 2030 428 2112 Aug.
445 2037 613 2112 auspicatur
627 2054 737 2093 munus
752 2033 954 2095 academicum
970 2037 1104 2095 oratione
1117 2037 1256 2114 publica:
1286 2032 1352 2110 „de
1373 2033 1554 2113 corrigendis
1577 2032 1792 2092 adolescentiae
1814 2022 1948 2092 studiis.'‘
1975 2063 2014 2079 -
2072 2028 2136 2093 Lu·

112 2134 213 2196 theros
228 2139 261 2193 in
277 2156 324 2214 ep.
340 2134 377 2193 ad
392 2131 581 2214 Spalatinum
603 2134 632 2194 d.
651 2140 707 2200 81.
721 2133 805 2212 Aug.
831 2155 864 2193 ea
887 2137 924 2195 de
944 2158 975 2194 re
995 2135 1085 2196 haec:
1123 2135 1264 2212 „Habuit
1282 2132 1493 2215 (lllelanthou)
1517 2139 1683 2194 orationem
1705 2146 1811 2216 quarto
1833 2134 1882 2193 die
1904 2145 2066 2215 postquam
2087 2157 2136 2193 ve·

114 2249 241 2314 „nerat,
268 2239 357 2319 plane
381 2236 612 2297 eruditissimam
631 2249 661 2296 et
684 2241 892 2313 tersissimam,
918 2250 1000 2298 touta
1018 2242 1111 2318 gratia
1126 2242 1264 2299 omnium
1277 2250 1306 2297 et
1323 2236 1536 2314 admiratione,
1561 2240 1673 2297 utiam
1687 2258 1750 2296 non
1763 2236 1794 2296 id
1809 2237 1864 2297 tibi
1881 2237 2075 2315 cogitandum
2091 2241 2136 2309 sit,

31 2414 39 2426 .
113 2387 132 2417 ‚,
143 2360 202 2421 qua
216 2342 330 2397 ratione
340 2340 432 2398 uobis
448 2360 517 2409 eum
531 2338 738 2401 commendes:
766 2341 962 2400 abstraximus
977 2345 1037 2400 cito
1057 2343 1232 2420 opinionem
1248 2352 1278 2401 et
1293 2344 1441 2400 visionem
1461 2353 1588 2400 staturae
1613 2352 1643 2398 et
1664 2360 1824 2419 personae,
1852 2352 1881 2397 et
1902 2359 1966 2398 rem
1986 2343 2085 2418 ipsam
2109 2344 2136 2398 in

113 2464 178 2519 „eo
194 2443 378 2520 gratulamur
392 2453 422 2499 et
437 2446 600 2501 miramur:
624 2463 730 2501 verum
745 2441 777 2500 id
791 2446 893 2521 potius
912 2443 1075 2503 curandum
1091 2455 1152 2519 est,
1177 2462 1309 2525 quonam
1331 2443 1431 2502 studio
1454 2463 1524 2502 emn
1547 2441 1650 2502 reddas
1663 2438 1796 2522 I’rincipi
1819 2452 1920 2500 nostro
1946 2441 2136 2500 commenda-

4 2585 7 2591 ·
64 2610 68 2617 ,
112 2591 132 2620 „
142 2547 300 2604 tissimum.
351 2539 418 2622 Ego
434 2546 521 2623 plane
537 2563 674 2622 graecum
689 2555 927 2628 praeceptorem,
954 2549 1008 2604 illo
1026 2548 1127 2619 salvo,
1150 2549 1245 2607 alium
1255 2566 1317 2605 non
1335 2544 1479 2606 desidero.
1530 2541 1633 2604 Unum
1648 2547 1759 2620 timeo,
1784 2538 1831 2602 ne‘
1845 2544 1923 2603 l'orte
1943 2548 2059 2603 victum
2081 2564 2136 2602 no-

112 2660 216 2722 „strae
231 2648 362 2723 regionis
378 2665 440 2704 non
457 2649 526 2705 satis
544 2645 619 2704 ferat
642 2645 820 2705 teneritudo.
832 2649 914 2721 eius;
938 2646 1149 2728 deinde-quod
1169 2647 1279 2722 audio,
1304 2650 1434 2708 nimium
1455 2666 1544 2727 parco
1569 2645 1718 2727 stipendio
1742 2665 1813 2704 eum
1836 2645 2037 2720 conductum,
2065 2646 2136 2705 adeo

112 2761 174 2824 „ut
188 2744 397 2828 Lipsiensibus
414 2750 474 2806 iam
487 2747 689 2826 gloriabundis
704 2769 771 2828 spes
786 2750 841 2823 sit,
868 2749 952 2825 l'ore,
980 2762 1014 2809 ut
1026 2750 1114 2810 uobis
1129 2770 1199 2810 oum
1215 2753 1392 2833 quantocius
1415 2750 1559 2809 aruerant.
1610 2746 1689 2809 Nam
1709 2760 1738 2808 et
1762 2752 1823 2807 iam
1846 2751 2010 2808 solicitatur
2037 2750 2072 2805 ab
2098 2755 2136 2807 eis

112 2852 218 2928 „li1it,
239 2863 398 2931 antequam
412 2850 450 2909 ad
463 2870 519 2909 nos
533 2841 726 2930 perveniret.''
1740 2837 1744 2843 ⁸

208 2947 249 3013 D.
268 2958 301 3019 2.
317 2948 421 3033 Septb.
445 2947 597 3012 Lutberus
618 2951 654 3010 ad
674 2947 881 3031 Spoletinum:
918 2949 1108 3033 „Philippus
1129 2954 1314 3014 auditorium
1334 2953 1424 3013 habet
1445 2953 1589 3012 retertum
1611 2952 1815 3024 auditoribus3
1848 2957 1880 3010 in
1904 2955 2011 3031 primis
2036 2964 2135 3011 onmes

109 3051 331 3134 ‚,Theologos,
359 3075 491 3113 summos
508 3075 578 3113 cum
594 3053 702 3113 mediis
718 3066 747 3113 et
762 3055 892 3129 infimis,
918 3055 1067 3115 studiosos
1082 3056 1155 3114 l'acit
1170 3048 1373 3118 Graecitatis.”

207 3152 248 3215 D.
272 3161 305 3222 9.
330 3152 435 3236 Septb.
457 3151 612 3216 Lutherus
638 3156 674 3215 ad
695 3152 738 3214 lo.
761 3151 920 3236 Langrun:
963 3153 1272 3233 „Eruditissimuset
1293 3161 1565 3238 graecanicissimus
1588 3153 1750 3237 Philippus
1772 3151 1948 3233 Melanthea
1975 3154 2057 3234 apud
2083 3178 2134 3214 uos

109 3254 250 3334 „Graeca
265 3260 437 3338 profitetur,
461 3278 535 3340 puer
550 3271 580 3318 et
594 3258 849 3334 adolescentulus,
878 3262 902 3316 si
925 3272 1050 3320 aetatem
1067 3261 1253 3338 consideres,
1280 3273 1429 3321 caeterum
1448 3270 1548 3325 noster
1571 3261 1699 3341 aliquis,
1727 3260 1937 3319 sirarietatem
1953 3270 1982 3317 et
2000 3261 2135 3319 omnium

108 3356 200 3437 „ieie
221 3361 368 3419 librorum
389 3363 528 3420 notitiam
549 3373 681 3442 spectes,
715 3372 831 3421 tantum
855 3364 932 3421 valet
956 3382 1019 3422 nou
1047 3365 1146 3422 solum
1172 3367 1206 3421 in
1231 3374 1356 3443 utraque
1379 3365 1498 3442 lingua,
1544 3360 1594 3420 sed
1619 3364 1774 3442 utriusque
1801 3362 1919 3437 linguae
1945 3359 2132 3420 eruditione:

108 3458 264 3540 „Ebraeas
285 3483 407 3544 quoque
422 3484 484 3522 non
499 3465 667 3542 incognitas
683 3461 772 3522 habet
789 3454 928 3522 litteras.''
968 3497 971 3501 ·
1138 3438 1147 3456 ⁰
1927 3515 1930 3520 ,

207 3559 311 3624 Mense
325 3561 429 3645 Septb.
452 3559 608 3648 ¹Spalntino
630 3564 771 3640 affirmat,
803 3586 834 3624 se
851 3561 1045 3644 Vitebergam
1069 3584 1133 3626 non
1154 3565 1339 3626 deserturum
1360 3584 1457 3647 nequa
1475 3559 1632 3643 Lipsiam,
1666 3575 1700 3623 ut
1721 3563 1800 3623 fama
1823 3563 1988 3638 l'erebatur,
2023 3567 2133 3625 iturum

107 3689 177 3727 esse.
230 3662 330 3727 Simul
345 3669 448 3728 scribit
462 3670 572 3750 quibus
588 3671 620 3727 iu
639 3666 743 3728 studiis
759 3679 898 3728 versetrtr.
947 3662 1057 3744 Quum
1072 3688 1135 3727 uon
1151 3668 1264 3729 adesset
1280 3667 1385 3726 doctor
1402 3665 1607 3726 hebraicarum
1625 3668 1808 3738 litterarum,
1837 3669 1901 3747 ipse
1922 3669 1977 3729 illo
2000 3678 2133 3746 tempore

47 3814 57 3823 ,
107 3773 328 3849 grmnnroticarn
343 3768 510 3829 hebraicam
526 3769 638 3830 docuit.
768 3760 770 3764 ¹

208 3866 324 3930 Eodem
338 3883 474 3952 ternpore
489 3871 583 3933 edidit
597 3867 726 3932 Luciani
739 3870 776 3929 de
792 3872 941 3930 calumnia
960 3873 1143 3942 orationem,
1170 3886 1294 3951 eamque
1309 3869 1418 3930 dicavit
1434 3866 1459 3930 F
1461 3869 1604 3944 riderico,
1628 3866 1761 3948 I'rincipi
1776 3864 1917 3929 Electori.

160 3990 163 3995 ·
207 3968 247 4032 D.
270 3975 324 4037 15.
342 3968 432 4035 Octb.
453 3975 554 4034 scribit
568 3968 723 4053 Spalatino
748 3970 913 4031 de'studiis
932 3965 1011 4030 suis:
1048 3966 1202 4047 „Doceo3
1230 3974 1262 4029 in
1287 3972 1473 4052 chalcotypis
1497 3974 1621 4044 laboro,
1658 3985 1689 4030 nt
1712 3970 1816 4030 habeat
1840 3974 1997 4046 iurentus3
2030 3962 2133 4031 audior

108 4079 170 4153 „in
200 4075 350 4157 frequenti
380 4075 500 4152 schola,
532 4077 585 4135 ubi
600 4096 674 4161 sese
701 4085 843 4134 exerceat.
901 4067 973 4133 dam
997 4071 1154 4132 excuditur
1184 4059 1206 4157 ἡ
1235 4063 1403 4160 ἐπιστολὴ
1431 4061 1522 4157 πρὸς
1549 4061 1661 4137 Τίτον
1690 4068 1843 4150 (graecum
1872 4083 1989 4131 textum
2015 4072 2133 4151 edidit).

109 4174 361 4255 „Dictionarium
373 4172 544 4261 (gnaeum)
559 4176 622 4237 i'ere
636 4177 826 4236 absolvimus.
878 4171 963 4252 (Non
983 4175 1095 4254 prodiit
1117 4178 1148 4233 in
1172 4173 1297 4252 lucem.)
1326 4208 1370 4221 -
1429 4171 1588 4235 Accedunt
1609 4172 1779 4234 Rhetorica.
1809 4206 1859 4259 '¹’.
1908 4171 2037 4234 Posthac
2062 4175 2133 4257 pbi-

109 4280 309 4360 „losoplriam
325 4283 536 4361 purgabimus,
562 4293 596 4339 ut
610 4282 672 4358 apti
687 4279 723 4339 ad
741 4277 911 4355 theologica
927 4277 1116 4350 accedamus,
1139 4279 1319 4357 inquibus,
1344 4282 1368 4336 si
1393 4273 1446 4361 τῷ
1469 4264 1607 4363 ὃωτῆρι
1634 4262 1730 4340 e'slwv
1751 4279 1881 4356 placeat,
1904 4277 2046 4337 nonnihil
2070 4278 2134 4337 effi-

110 4386 251 4459 ‚mirmur
269 4374 372 4443 olim.”
2021 4438 2029 4451 ,

119 4546 123 4550 Α
208 4480 248 4543 D.
269 4489 324 4550 16.
344 4479 452 4545 Oratio
469 4486 505 4546 de
520 4483 700 4563 corrigendis
725 4480 850 4542 adolesc.
874 4480 981 4541 studiis
994 4477 1190 4558 Witebergae
1214 4479 1388 4553 excuditur,
1415 4477 1609 4540 Bechrnanno
1638 4479 1749 4553 dicata,
1777 4492 1806 4538 et
1830 4491 1914 4539 aucta
1936 4483 1968 4536 iu
1989 4482 2047 4537 fine
2071 4502 2133 4537 rar-

107 4589 189 4646 mine
203 4605 307 4664 graeco
324 4589 357 4645 in
372 4588 493 4648 laudem
508 4582 648 4648 Lutheri.'
668 4628 671 4635 -
1523 4588 1525 4595 ’

129 4718 133 4723 ·
208 4685 312 4756 Mense
327 4685 406 4748 Nor.
426 4689 575 4770 praefatur
589 4693 620 4748 iu
637 4683 876 4747 Boscheusteinii
894 4688 1114 4762 grammaticam
1130 4682 1212 4740 hebr.

209 4785 249 4847 D.
279 4789 333 4854 14.
355 4786 430 4850 Dec.
451 4787 603 4851 liutherus
626 4789 663 4848 ad
684 4785 905 4848 Reuchlinum:
944 4816 989 4831 -
1015 4782 1204 4863 „Philippus
1227 4797 1328 4845 noster
1351 4780 1584 4858 dlelauclrtlrou,
1613 4783 1704 4842 borno
1730 4784 1925 4856 admirabilis,
1953 4787 2014 4842 imo
2043 4808 2134 4864 paene

112 4892 218 4968 „nibil
231 4891 360 4969 habens,
387 4893 469 4974 quod
483 4914 545 4953 non
562 4911 651 4971 supra
671 4890 825 4949 homiuem
842 4893 897 4961 sit,
923 4889 1171 4946 familiarissimus
1187 4899 1288 4946 tamen
1304 4899 1332 4945 et
1350 4888 1544 4945 amicissimus
1561 4877 1665 4944 mihis*

209 4989 249 5052 D.
281 4997 337 5059 16.
366 4991 440 5054 Dec.
472 4994 621 5075 praedicat
649 4989 797 5071 Principis
831 4987 978 5077 Electoris
1008 4990 1260 5064 munificentiam,
1304 4991 1352 5046 rel
1387 4987 1470 5073 quod
1498 4987 1611 5048 donum
1649 4988 1684 5044 ab
1720 5007 1754 5044 eo
1789 4991 1919 5066 accepit,
1966 4992 2012 5045 rel
2053 4992 2134 5070 quod

110 5096 292 5174 stipendium
314 5099 342 5154 ei
363 5111 484 5158 auctum
504 5099 582 5172 l'uit,
609 5097 816 5175 promittitque
838 5091 1075 5152 ardentissimum
1100 5090 1252 5169 studium,
1277 5102 1310 5150 ut
1328 5089 1462 5150 docendo
1480 5088 1694 5172 scribendoque
1712 5086 1892 5148 Academiae
1906 5083 2010 5147 Viteb.
2034 5095 2135 5170 splen·

108 5198 211 5256 dorem
225 5210 340 5275 augeat.
