<?xml version="1.0" encoding="UTF-8"?>
<!DOCTYPE html PUBLIC "-//W3C//DTD XHTML 1.0 Transitional//EN"
    "http://www.w3.org/TR/xhtml1/DTD/xhtml1-transitional.dtd">
<html xmlns="http://www.w3.org/1999/xhtml" xml:lang="en" lang="en">
 <head>
  <title>
</title>
<meta http-equiv="Content-Type" content="text/html;charset=utf-8" />
  <meta name='ocr-system' content='tesseract 3.04.00' />
  <meta name='ocr-capabilities' content='ocr_page ocr_carea ocr_par ocr_line ocrx_word'/>
</head>
<body>
  <div class='ocr_page' id='page_1' title='image "./corpusreformato07melagoog/corpusreformato07melagoog_0138.png"; bbox 0 0 4500 5782; ppageno 0'>
   <div class='ocr_carea' id='block_1_1' title="bbox 60 202 2163 364">
    <p class='ocr_par' dir='ltr' id='par_1_1' title="bbox 60 202 2163 364">
     <span class='ocr_line' id='line_1_1' title="bbox 60 202 2163 364; baseline -0.01 -46"><span class='ocrx_word' id='word_1_1' title='bbox 60 230 103 318; x_wconf 83' lang='lat' dir='ltr'><strong>ts</strong></span> <span class='ocrx_word' id='word_1_2' title='bbox 323 272 325 276; x_wconf 94' lang='lat'>-</span> <span class='ocrx_word' id='word_1_3' title='bbox 647 228 1085 311; x_wconf 71' lang='lat' dir='ltr'><strong>narseoaaauu</strong></span> <span class='ocrx_word' id='word_1_4' title='bbox 1135 232 1313 312; x_wconf 76' lang='lat' dir='ltr'><strong>stau.</strong></span> <span class='ocrx_word' id='word_1_5' title='bbox 1363 202 1498 314; x_wconf 74' lang='lat' dir='ltr'><strong>&#39;asra</strong></span> <span class='ocrx_word' id='word_1_6' title='bbox 1650 266 1713 339; x_wconf 91' lang='lat'><strong>.·</strong></span> <span class='ocrx_word' id='word_1_7' title='bbox 1839 342 1849 364; x_wconf 78' lang='lat'><strong>.</strong></span> <span class='ocrx_word' id='word_1_8' title='bbox 2040 244 2163 319; x_wconf 63' lang='lat' dir='ltr'><strong>aa»</strong></span> 
     </span>
    </p>
   </div>
   <div class='ocr_carea' id='block_1_2' title="bbox 10 408 2154 5216">
    <p class='ocr_par' dir='ltr' id='par_1_2' title="bbox 10 408 2154 5216">
     <span class='ocr_line' id='line_1_2' title="bbox 56 408 2083 500; baseline 0.001 -16"><span class='ocrx_word' id='word_1_9' title='bbox 56 434 185 486; x_wconf 84' lang='lat' dir='ltr'><strong>terentnr</strong></span> <span class='ocrx_word' id='word_1_10' title='bbox 209 420 274 483; x_wconf 76' lang='lat' dir='ltr'><strong>dato</strong></span> <span class='ocrx_word' id='word_1_11' title='bbox 301 418 428 481; x_wconf 83' lang='lat' dir='ltr'><strong>athletae</strong></span> <span class='ocrx_word' id='word_1_12' title='bbox 445 415 673 483; x_wconf 82' lang='lat' dir='ltr'><strong>Carolostudius</strong></span> <span class='ocrx_word' id='word_1_13' title='bbox 690 429 722 478; x_wconf 91' lang='lat' dir='ltr'><strong>et</strong></span> <span class='ocrx_word' id='word_1_14' title='bbox 737 414 861 495; x_wconf 77' lang='lat' dir='ltr'><strong>Esaias,</strong></span> <span class='ocrx_word' id='word_1_15' title='bbox 884 415 1050 499; x_wconf 86' lang='lat' dir='ltr'><strong>eodemque</strong></span> <span class='ocrx_word' id='word_1_16' title='bbox 1097 414 1177 475; x_wconf 83' lang='lat' dir='ltr'><strong>tama</strong></span> <span class='ocrx_word' id='word_1_17' title='bbox 1196 421 1402 499; x_wconf 73' lang='lat' dir='ltr'><strong>promulgatae</strong></span> <span class='ocrx_word' id='word_1_18' title='bbox 1425 418 1635 500; x_wconf 78' lang='lat' dir='ltr'><strong>disputationis</strong></span> <span class='ocrx_word' id='word_1_19' title='bbox 1650 416 1785 500; x_wconf 87' lang='lat' dir='ltr'><strong>Lipsiooe</strong></span> <span class='ocrx_word' id='word_1_20' title='bbox 1804 425 1893 484; x_wconf 90' lang='lat' dir='ltr'><strong>multi</strong></span> <span class='ocrx_word' id='word_1_21' title='bbox 1908 408 2031 487; x_wconf 83' lang='lat' dir='ltr'><strong>excitati</strong></span> <span class='ocrx_word' id='word_1_22' title='bbox 2046 446 2083 487; x_wconf 88' lang='lat' dir='ltr'><strong>eo</strong></span> 
     </span>
     <span class='ocr_line' id='line_1_3' title="bbox 55 516 2079 608; baseline -0.001 -22"><span class='ocrx_word' id='word_1_23' title='bbox 55 529 165 608; x_wconf 84' lang='lat' dir='ltr'><strong>placuit</strong></span> <span class='ocrx_word' id='word_1_24' title='bbox 180 528 287 585; x_wconf 72' lang='lat' dir='ltr'><strong>venire</strong></span> <span class='ocrx_word' id='word_1_25' title='bbox 302 518 476 582; x_wconf 65' lang='lat' dir='ltr'><strong>Martanum</strong></span> <span class='ocrx_word' id='word_1_26' title='bbox 491 540 614 605; x_wconf 86' lang='lat' dir='ltr'><strong>quoque</strong></span> <span class='ocrx_word' id='word_1_27' title='bbox 626 516 813 597; x_wconf 70' lang='lat' dir='ltr'><strong>iustarum,</strong></span> <span class='ocrx_word' id='word_1_28' title='bbox 836 540 927 603; x_wconf 89' lang='lat' dir='ltr'><strong>quem</strong></span> <span class='ocrx_word' id='word_1_29' title='bbox 941 531 985 580; x_wconf 90' lang='lat' dir='ltr'><strong>est</strong></span> <span class='ocrx_word' id='word_1_30' title='bbox 1000 539 1049 580; x_wconf 89' lang='lat' dir='ltr'><strong>se·</strong></span> <span class='ocrx_word' id='word_1_31' title='bbox 1097 520 1369 598; x_wconf 83' lang='lat' dir='ltr'><strong>proficiscerentur,</strong></span> <span class='ocrx_word' id='word_1_32' title='bbox 1395 524 1525 583; x_wconf 89' lang='lat' dir='ltr'><strong>contulit</strong></span> <span class='ocrx_word' id='word_1_33' title='bbox 1538 543 1569 583; x_wconf 87' lang='lat' dir='ltr'><strong>se</strong></span> <span class='ocrx_word' id='word_1_34' title='bbox 1583 521 1690 583; x_wconf 87' lang='lat' dir='ltr'><strong>eodem</strong></span> <span class='ocrx_word' id='word_1_35' title='bbox 1705 545 1745 583; x_wconf 83' lang='lat' dir='ltr'><strong>ex</strong></span> <span class='ocrx_word' id='word_1_36' title='bbox 1759 521 1922 586; x_wconf 85' lang='lat' dir='ltr'><strong>Academia</strong></span> <span class='ocrx_word' id='word_1_37' title='bbox 1936 523 2079 606; x_wconf 71' lang='lat' dir='ltr'><strong>Euphor-</strong></span> 
     </span>
     <span class='ocr_line' id='line_1_4' title="bbox 56 613 2083 712; baseline 0.002 -25"><span class='ocrx_word' id='word_1_38' title='bbox 56 640 137 690; x_wconf 85' lang='lat' dir='ltr'><strong>eutus</strong></span> <span class='ocrx_word' id='word_1_39' title='bbox 152 624 315 706; x_wconf 78' lang='lat' dir='ltr'><strong>Philippus</strong></span> <span class='ocrx_word' id='word_1_40' title='bbox 328 613 562 701; x_wconf 74' lang='lat' dir='ltr'><strong>Melambium,</strong></span> <span class='ocrx_word' id='word_1_41' title='bbox 590 631 622 681; x_wconf 84' lang='lat' dir='ltr'><strong>et</strong></span> <span class='ocrx_word' id='word_1_42' title='bbox 646 642 769 701; x_wconf 82' lang='lat' dir='ltr'><strong>operam</strong></span> <span class='ocrx_word' id='word_1_43' title='bbox 789 620 1050 688; x_wconf 83' lang='lat' dir='ltr'><strong>subsidiariam-in</strong></span> <span class='ocrx_word' id='word_1_44' title='bbox 1096 617 1209 697; x_wconf 87' lang='lat' dir='ltr'><strong>diano,</strong></span> <span class='ocrx_word' id='word_1_45' title='bbox 1236 625 1289 684; x_wconf 82' lang='lat' dir='ltr'><strong>sbi</strong></span> <span class='ocrx_word' id='word_1_46' title='bbox 1303 636 1373 684; x_wconf 92' lang='lat' dir='ltr'><strong>tuno</strong></span> <span class='ocrx_word' id='word_1_47' title='bbox 1388 644 1443 704; x_wconf 86' lang='lat' dir='ltr'><strong>ego</strong></span> <span class='ocrx_word' id='word_1_48' title='bbox 1461 623 1620 707; x_wconf 77' lang='lat' dir='ltr'><strong>degebam,</strong></span> <span class='ocrx_word' id='word_1_49' title='bbox 1634 621 1772 686; x_wconf 81' lang='lat' dir='ltr'><strong>Adamas</strong></span> <span class='ocrx_word' id='word_1_50' title='bbox 1779 624 1964 708; x_wconf 73' lang='lat' dir='ltr'><strong>crepitus,</strong></span> <span class='ocrx_word' id='word_1_51' title='bbox 1991 650 2083 712; x_wconf 87' lang='lat' dir='ltr'><strong>quem</strong></span> 
     </span>
     <span class='ocr_line' id='line_1_5' title="bbox 56 718 2083 812; baseline 0.002 -22"><span class='ocrx_word' id='word_1_52' title='bbox 56 746 88 790; x_wconf 85' lang='lat' dir='ltr'><strong>eo</strong></span> <span class='ocrx_word' id='word_1_53' title='bbox 106 727 236 807; x_wconf 83' lang='lat' dir='ltr'><strong>proelio·</strong></span> <span class='ocrx_word' id='word_1_54' title='bbox 256 728 405 800; x_wconf 84' lang='lat' dir='ltr'><strong>nouauit,</strong></span> <span class='ocrx_word' id='word_1_55' title='bbox 430 724 640 786; x_wconf 83' lang='lat' dir='ltr'><strong>admirabilem</strong></span> <span class='ocrx_word' id='word_1_56' title='bbox 664 724 815 802; x_wconf 82' lang='lat' dir='ltr'><strong>omnibus,</strong></span> <span class='ocrx_word' id='word_1_57' title='bbox 847 720 970 784; x_wconf 76' lang='lat' dir='ltr'><strong>Ecoio</strong></span> <span class='ocrx_word' id='word_1_58' title='bbox 995 725 1048 781; x_wconf 79' lang='lat' dir='ltr'><strong>in-</strong></span> <span class='ocrx_word' id='word_1_59' title='bbox 1095 718 1256 784; x_wconf 75' lang='lat' dir='ltr'><strong>Crotonem</strong></span> <span class='ocrx_word' id='word_1_60' title='bbox 1270 728 1507 788; x_wconf 90' lang='lat' dir='ltr'><strong>nominabamus.</strong></span> <span class='ocrx_word' id='word_1_61' title='bbox 1557 724 1617 788; x_wconf 90' lang='lat' dir='ltr'><strong>Hic</strong></span> <span class='ocrx_word' id='word_1_62' title='bbox 1633 729 1715 812; x_wconf 93' lang='lat' dir='ltr'><strong>quod</strong></span> <span class='ocrx_word' id='word_1_63' title='bbox 1730 728 1807 789; x_wconf 88' lang='lat' dir='ltr'><strong>inter</strong></span> <span class='ocrx_word' id='word_1_64' title='bbox 1820 752 1876 789; x_wconf 87' lang='lat' dir='ltr'><strong>nos</strong></span> <span class='ocrx_word' id='word_1_65' title='bbox 1891 736 1984 793; x_wconf 91' lang='lat' dir='ltr'><strong>totius</strong></span> <span class='ocrx_word' id='word_1_66' title='bbox 2002 737 2083 795; x_wconf 78' lang='lat' dir='ltr'><strong>sitne</strong></span> 
     </span>
     <span class='ocr_line' id='line_1_6' title="bbox 55 810 2082 913; baseline 0.002 -22"><span class='ocrx_word' id='word_1_67' title='bbox 55 843 181 908; x_wconf 69' lang='lat' dir='ltr'><strong>gratam</strong></span> <span class='ocrx_word' id='word_1_68' title='bbox 202 843 234 892; x_wconf 84' lang='lat' dir='ltr'><strong>et</strong></span> <span class='ocrx_word' id='word_1_69' title='bbox 254 827 443 892; x_wconf 83' lang='lat' dir='ltr'><strong>nocentem.”</strong></span> <span class='ocrx_word' id='word_1_70' title='bbox 476 810 587 908; x_wconf 72' lang='lat' dir='ltr'><strong>lQuae</strong></span> <span class='ocrx_word' id='word_1_71' title='bbox 603 848 698 912; x_wconf 90' lang='lat' dir='ltr'><strong>qumn</strong></span> <span class='ocrx_word' id='word_1_72' title='bbox 714 831 755 888; x_wconf 93' lang='lat' dir='ltr'><strong>ita</strong></span> <span class='ocrx_word' id='word_1_73' title='bbox 778 831 854 906; x_wconf 90' lang='lat' dir='ltr'><strong>sint,</strong></span> <span class='ocrx_word' id='word_1_74' title='bbox 881 823 1048 887; x_wconf 81' lang='lat' dir='ltr'><strong>Strobelr&#39;us</strong></span> <span class='ocrx_word' id='word_1_75' title='bbox 1095 837 1125 885; x_wconf 89' lang='lat' dir='ltr'><strong>et</strong></span> <span class='ocrx_word' id='word_1_76' title='bbox 1140 825 1307 889; x_wconf 90' lang='lat' dir='ltr'><strong>studiorum</strong></span> <span class='ocrx_word' id='word_1_77' title='bbox 1327 833 1464 889; x_wconf 90' lang='lat' dir='ltr'><strong>omnium</strong></span> <span class='ocrx_word' id='word_1_78' title='bbox 1485 841 1561 890; x_wconf 89' lang='lat' dir='ltr'><strong>esset</strong></span> <span class='ocrx_word' id='word_1_79' title='bbox 1583 827 1754 892; x_wconf 86' lang='lat' dir='ltr'><strong>dulcissima</strong></span> <span class='ocrx_word' id='word_1_80' title='bbox 1775 838 1992 913; x_wconf 89' lang='lat' dir='ltr'><strong>communitas,</strong></span> <span class='ocrx_word' id='word_1_81' title='bbox 2016 837 2082 895; x_wconf 83' lang='lat' dir='ltr'><strong>aliia</strong></span> 
     </span>
     <span class='ocr_line' id='line_1_7' title="bbox 55 925 2081 1015; baseline 0.001 -20"><span class='ocrx_word' id='word_1_82' title='bbox 55 956 116 995; x_wconf 90' lang='lat' dir='ltr'><strong>non</strong></span> <span class='ocrx_word' id='word_1_83' title='bbox 139 937 184 994; x_wconf 90' lang='lat' dir='ltr'><strong>ita</strong></span> <span class='ocrx_word' id='word_1_84' title='bbox 207 947 288 994; x_wconf 86' lang='lat' dir='ltr'><strong>recte</strong></span> <span class='ocrx_word' id='word_1_85' title='bbox 308 936 484 1015; x_wconf 89' lang='lat' dir='ltr'><strong>simpliciter</strong></span> <span class='ocrx_word' id='word_1_86' title='bbox 504 944 612 1012; x_wconf 87' lang='lat' dir='ltr'><strong>negat,</strong></span> <span class='ocrx_word' id='word_1_87' title='bbox 652 925 876 989; x_wconf 76' lang='lat' dir='ltr'><strong>Melautbonem</strong></span> <span class='ocrx_word' id='word_1_88' title='bbox 904 931 986 989; x_wconf 89' lang='lat' dir='ltr'><strong>nulla</strong></span> <span class='ocrx_word' id='word_1_89' title='bbox 1008 950 1048 988; x_wconf 86' lang='lat' dir='ltr'><strong>ex</strong></span> <span class='ocrx_word' id='word_1_90' title='bbox 1095 930 1298 1008; x_wconf 88' lang='lat' dir='ltr'><strong>sermonibus,</strong></span> <span class='ocrx_word' id='word_1_91' title='bbox 1338 953 1415 1015; x_wconf 90' lang='lat' dir='ltr'><strong>quos</strong></span> <span class='ocrx_word' id='word_1_92' title='bbox 1439 932 1561 992; x_wconf 89' lang='lat' dir='ltr'><strong>haberet</strong></span> <span class='ocrx_word' id='word_1_93' title='bbox 1585 952 1673 1014; x_wconf 89' lang='lat' dir='ltr'><strong>saepe</strong></span> <span class='ocrx_word' id='word_1_94' title='bbox 1701 955 1770 994; x_wconf 91' lang='lat' dir='ltr'><strong>oum</strong></span> <span class='ocrx_word' id='word_1_95' title='bbox 1796 932 1931 1015; x_wconf 75' lang='lat' dir='ltr'><strong>Philippo</strong></span> <span class='ocrx_word' id='word_1_96' title='bbox 1951 932 2081 997; x_wconf 85' lang='lat' dir='ltr'><strong>Melou-</strong></span> 
     </span>
     <span class='ocr_line' id='line_1_8' title="bbox 56 1028 2082 1120; baseline 0.002 -23"><span class='ocrx_word' id='word_1_97' title='bbox 56 1047 136 1118; x_wconf 87' lang='lat' dir='ltr'><strong>parte</strong></span> <span class='ocrx_word' id='word_1_98' title='bbox 150 1034 387 1119; x_wconf 90' lang='lat' dir='ltr'><strong>disputationem</strong></span> <span class='ocrx_word' id='word_1_99' title='bbox 410 1036 550 1115; x_wconf 73' lang='lat' dir='ltr'><strong>attigisse.</strong></span> <span class='ocrx_word' id='word_1_100' title='bbox 602 1028 670 1114; x_wconf 90' lang='lat' dir='ltr'><strong>lpse</strong></span> <span class='ocrx_word' id='word_1_101' title='bbox 685 1033 807 1115; x_wconf 89' lang='lat' dir='ltr'><strong>quidem</strong></span> <span class='ocrx_word' id='word_1_102' title='bbox 821 1028 1001 1090; x_wconf 74' lang='lat' dir='ltr'><strong>Melanthos</strong></span> <span class='ocrx_word' id='word_1_103' title='bbox 1014 1033 1048 1090; x_wconf 90' lang='lat' dir='ltr'><strong>in</strong></span> <span class='ocrx_word' id='word_1_104' title='bbox 1095 1029 1240 1109; x_wconf 77' lang='lat' dir='ltr'><strong>cutione,</strong></span> <span class='ocrx_word' id='word_1_105' title='bbox 1263 1037 1297 1093; x_wconf 90' lang='lat' dir='ltr'><strong>in</strong></span> <span class='ocrx_word' id='word_1_106' title='bbox 1320 1038 1405 1094; x_wconf 90' lang='lat' dir='ltr'><strong>cuius</strong></span> <span class='ocrx_word' id='word_1_107' title='bbox 1425 1055 1519 1116; x_wconf 88' lang='lat' dir='ltr'><strong>paene</strong></span> <span class='ocrx_word' id='word_1_108' title='bbox 1541 1033 1916 1099; x_wconf 69' lang='lat' dir='ltr'><strong>lumiliaritatem‘iuueuis</strong></span> <span class='ocrx_word' id='word_1_109' title='bbox 1930 1042 1983 1101; x_wconf 90' lang='lat' dir='ltr'><strong>ille</strong></span> <span class='ocrx_word' id='word_1_110' title='bbox 1998 1043 2082 1120; x_wconf 91' lang='lat' dir='ltr'><strong>opti·</strong></span> 
     </span>
     <span class='ocr_line' id='line_1_9' title="bbox 55 1131 2081 1218; baseline 0.002 -21"><span class='ocrx_word' id='word_1_111' title='bbox 55 1138 231 1213; x_wconf 71' lang='lat' dir='ltr'><strong>defensione</strong></span> <span class='ocrx_word' id='word_1_112' title='bbox 259 1150 363 1199; x_wconf 90' lang='lat' dir='ltr'><strong>contra</strong></span> <span class='ocrx_word' id='word_1_113' title='bbox 387 1135 413 1199; x_wconf 91' lang='grc' dir='ltr'><strong>Ι.</strong></span> <span class='ocrx_word' id='word_1_114' title='bbox 436 1132 560 1195; x_wconf 82' lang='lat' dir='ltr'><strong>Ecltium</strong></span> <span class='ocrx_word' id='word_1_115' title='bbox 584 1137 703 1196; x_wconf 82' lang='lat' dir='ltr'><strong>scribit:</strong></span> <span class='ocrx_word' id='word_1_116' title='bbox 741 1131 887 1212; x_wconf 80' lang='lat' dir='ltr'><strong>„Praeter</strong></span> <span class='ocrx_word' id='word_1_117' title='bbox 915 1134 1048 1194; x_wconf 86' lang='lat' dir='ltr'><strong>officium</strong></span> <span class='ocrx_word' id='word_1_118' title='bbox 1094 1153 1211 1193; x_wconf 89' lang='lat' dir='ltr'><strong>marum</strong></span> <span class='ocrx_word' id='word_1_119' title='bbox 1226 1140 1336 1196; x_wconf 89' lang='lat' dir='ltr'><strong>artium</strong></span> <span class='ocrx_word' id='word_1_120' title='bbox 1351 1136 1584 1199; x_wconf 88' lang='lat' dir='ltr'><strong>studiosissimus</strong></span> <span class='ocrx_word' id='word_1_121' title='bbox 1599 1159 1629 1197; x_wconf 91' lang='lat' dir='ltr'><strong>se</strong></span> <span class='ocrx_word' id='word_1_122' title='bbox 1644 1141 1831 1218; x_wconf 75' lang='lat' dir='ltr'><strong>insinuasset,</strong></span> <span class='ocrx_word' id='word_1_123' title='bbox 1854 1141 1932 1201; x_wconf 80' lang='lat' dir='ltr'><strong>vitro</strong></span> <span class='ocrx_word' id='word_1_124' title='bbox 1945 1144 2007 1201; x_wconf 90' lang='lat' dir='ltr'><strong>mei</strong></span> <span class='ocrx_word' id='word_1_125' title='bbox 2021 1161 2081 1202; x_wconf 89' lang='lat' dir='ltr'><strong>no-</strong></span> 
     </span>
     <span class='ocr_line' id='line_1_10' title="bbox 56 1237 2083 1323; baseline 0.002 -21"><span class='ocrx_word' id='word_1_126' title='bbox 56 1254 206 1302; x_wconf 85' lang='lat' dir='ltr'><strong>oanssatut</strong></span> <span class='ocrx_word' id='word_1_127' title='bbox 227 1237 338 1300; x_wconf 70' lang='lat' dir='ltr'><strong>Battus</strong></span> <span class='ocrx_word' id='word_1_128' title='bbox 358 1241 489 1317; x_wconf 80' lang='lat' dir='ltr'><strong>factum,</strong></span> <span class='ocrx_word' id='word_1_129' title='bbox 526 1237 608 1320; x_wconf 91' lang='lat' dir='ltr'><strong>quod</strong></span> <span class='ocrx_word' id='word_1_130' title='bbox 633 1239 812 1319; x_wconf 89' lang='lat' dir='ltr'><strong>publicarim</strong></span> <span class='ocrx_word' id='word_1_131' title='bbox 834 1240 930 1317; x_wconf 90' lang='lat' dir='ltr'><strong>capita</strong></span> <span class='ocrx_word' id='word_1_132' title='bbox 954 1256 1048 1318; x_wconf 86' lang='lat' dir='ltr'><strong>quae·</strong></span> <span class='ocrx_word' id='word_1_133' title='bbox 1093 1238 1183 1296; x_wconf 88' lang='lat' dir='ltr'><strong>minis</strong></span> <span class='ocrx_word' id='word_1_134' title='bbox 1199 1249 1229 1297; x_wconf 92' lang='lat' dir='ltr'><strong>et</strong></span> <span class='ocrx_word' id='word_1_135' title='bbox 1243 1239 1335 1298; x_wconf 89' lang='lat' dir='ltr'><strong>studii</strong></span> <span class='ocrx_word' id='word_1_136' title='bbox 1354 1238 1464 1301; x_wconf 82' lang='lat' dir='ltr'><strong>fecerat</strong></span> <span class='ocrx_word' id='word_1_137' title='bbox 1485 1243 1686 1318; x_wconf 86' lang='lat' dir='ltr'><strong>mentionem,</strong></span> <span class='ocrx_word' id='word_1_138' title='bbox 1710 1254 1739 1301; x_wconf 91' lang='lat' dir='ltr'><strong>et</strong></span> <span class='ocrx_word' id='word_1_139' title='bbox 1761 1240 1910 1304; x_wconf 83' lang='lat' dir='ltr'><strong>hortando</strong></span> <span class='ocrx_word' id='word_1_140' title='bbox 1932 1244 2083 1323; x_wconf 85' lang='lat' dir='ltr'><strong>effecerat,</strong></span> 
     </span>
     <span class='ocr_line' id='line_1_11' title="bbox 56 1335 2084 1428; baseline 0.002 -24"><span class='ocrx_word' id='word_1_141' title='bbox 56 1343 124 1404; x_wconf 73' lang='lat' dir='ltr'><strong>dett</strong></span> <span class='ocrx_word' id='word_1_142' title='bbox 146 1342 384 1425; x_wconf 87' lang='lat' dir='ltr'><strong>disputationis¹&#39;</strong></span> <span class='ocrx_word' id='word_1_143' title='bbox 408 1339 457 1421; x_wconf 93' lang='lat' dir='ltr'><strong>(in</strong></span> <span class='ocrx_word' id='word_1_144' title='bbox 474 1344 616 1422; x_wconf 87' lang='lat' dir='ltr'><strong>epistola,</strong></span> <span class='ocrx_word' id='word_1_145' title='bbox 643 1360 734 1423; x_wconf 88' lang='lat' dir='ltr'><strong>quam</strong></span> <span class='ocrx_word' id='word_1_146' title='bbox 748 1336 925 1400; x_wconf 84' lang='lat' dir='ltr'><strong>Melanthon</strong></span> <span class='ocrx_word' id='word_1_147' title='bbox 942 1335 1047 1400; x_wconf 89' lang='lat' dir='ltr'><strong>Oeco·</strong></span> <span class='ocrx_word' id='word_1_148' title='bbox 1094 1350 1127 1398; x_wconf 78' lang='lat' dir='ltr'><strong>vt</strong></span> <span class='ocrx_word' id='word_1_149' title='bbox 1148 1339 1263 1421; x_wconf 90' lang='lat' dir='ltr'><strong>aliquid</strong></span> <span class='ocrx_word' id='word_1_150' title='bbox 1275 1344 1328 1402; x_wconf 90' lang='lat' dir='ltr'><strong>illa</strong></span> <span class='ocrx_word' id='word_1_151' title='bbox 1346 1341 1384 1401; x_wconf 91' lang='lat' dir='ltr'><strong>ad</strong></span> <span class='ocrx_word' id='word_1_152' title='bbox 1398 1363 1447 1401; x_wconf 90' lang='lat' dir='ltr'><strong>me</strong></span> <span class='ocrx_word' id='word_1_153' title='bbox 1461 1345 1609 1404; x_wconf 82' lang='lat' dir='ltr'><strong>scriberet.</strong></span> <span class='ocrx_word' id='word_1_154' title='bbox 1660 1340 1834 1428; x_wconf 81' lang='lat' dir='ltr'><strong>Auuutqne</strong></span> <span class='ocrx_word' id='word_1_155' title='bbox 1850 1340 1990 1407; x_wconf 82' lang='lat' dir='ltr'><strong>Adamas</strong></span> <span class='ocrx_word' id='word_1_156' title='bbox 2004 1346 2084 1408; x_wconf 81' lang='lat' dir='ltr'><strong>mihi</strong></span> 
     </span>
     <span class='ocr_line' id='line_1_12' title="bbox 55 1442 2084 1529; baseline 0.001 -21"><span class='ocrx_word' id='word_1_157' title='bbox 55 1446 207 1529; x_wconf 82' lang='lat' dir='ltr'><strong>lampadio</strong></span> <span class='ocrx_word' id='word_1_158' title='bbox 221 1444 337 1527; x_wconf 87' lang='lat' dir='ltr'><strong>misit),</strong></span> <span class='ocrx_word' id='word_1_159' title='bbox 365 1444 477 1528; x_wconf 89' lang='lat' dir='ltr'><strong>„quod</strong></span> <span class='ocrx_word' id='word_1_160' title='bbox 491 1447 568 1504; x_wconf 89' lang='lat' dir='ltr'><strong>inter</strong></span> <span class='ocrx_word' id='word_1_161' title='bbox 582 1455 679 1524; x_wconf 90' lang='lat' dir='ltr'><strong>partes</strong></span> <span class='ocrx_word' id='word_1_162' title='bbox 695 1445 883 1519; x_wconf 73' lang='lat' dir='ltr'><strong>convenerit,</strong></span> <span class='ocrx_word' id='word_1_163' title='bbox 906 1463 944 1501; x_wconf 88' lang='lat' dir='ltr'><strong>ne</strong></span> <span class='ocrx_word' id='word_1_164' title='bbox 959 1442 1047 1501; x_wconf 85' lang='lat' dir='ltr'><strong>evul-</strong></span> <span class='ocrx_word' id='word_1_165' title='bbox 1095 1444 1277 1522; x_wconf 87' lang='lat' dir='ltr'><strong>compositos</strong></span> <span class='ocrx_word' id='word_1_166' title='bbox 1293 1457 1488 1527; x_wconf 73' lang='lat' dir='ltr'><strong>exustasque</strong></span> <span class='ocrx_word' id='word_1_167' title='bbox 1507 1442 1671 1524; x_wconf 79' lang='lat' dir='ltr'><strong>uPliilippo</strong></span> <span class='ocrx_word' id='word_1_168' title='bbox 1683 1442 1913 1509; x_wconf 67' lang='lat' dir='ltr'><strong>statunculum</strong></span> <span class='ocrx_word' id='word_1_169' title='bbox 1928 1451 1962 1509; x_wconf 91' lang='lat' dir='ltr'><strong>in</strong></span> <span class='ocrx_word' id='word_1_170' title='bbox 1979 1448 2084 1511; x_wconf 79' lang='lat' dir='ltr'><strong>charta</strong></span> 
     </span>
     <span class='ocr_line' id='line_1_13' title="bbox 56 1543 2081 1633; baseline 0.003 -26"><span class='ocrx_word' id='word_1_171' title='bbox 56 1560 141 1628; x_wconf 88' lang='lat' dir='ltr'><strong>getur</strong></span> <span class='ocrx_word' id='word_1_172' title='bbox 157 1548 322 1632; x_wconf 90' lang='lat' dir='ltr'><strong>disputatio</strong></span> <span class='ocrx_word' id='word_1_173' title='bbox 338 1553 514 1631; x_wconf 90' lang='lat' dir='ltr'><strong>priusquam</strong></span> <span class='ocrx_word' id='word_1_174' title='bbox 529 1544 567 1627; x_wconf 83' lang='lat' dir='ltr'><strong>de</strong></span> <span class='ocrx_word' id='word_1_175' title='bbox 583 1565 699 1607; x_wconf 88' lang='lat' dir='ltr'><strong>summa</strong></span> <span class='ocrx_word' id='word_1_176' title='bbox 721 1544 833 1605; x_wconf 89' lang='lat' dir='ltr'><strong>indices</strong></span> <span class='ocrx_word' id='word_1_177' title='bbox 854 1543 1045 1604; x_wconf 80' lang='lat' dir='ltr'><strong>decreverint.</strong></span> <span class='ocrx_word' id='word_1_178' title='bbox 1093 1563 1186 1622; x_wconf 88' lang='lat' dir='ltr'><strong>parua</strong></span> <span class='ocrx_word' id='word_1_179' title='bbox 1207 1567 1308 1607; x_wconf 85' lang='lat' dir='ltr'><strong>versus</strong></span> <span class='ocrx_word' id='word_1_180' title='bbox 1331 1567 1451 1627; x_wconf 62' lang='lat' dir='ltr'><strong>gaesus</strong></span> <span class='ocrx_word' id='word_1_181' title='bbox 1474 1560 1620 1631; x_wconf 88' lang='lat' dir='ltr'><strong>quatuor,</strong></span> <span class='ocrx_word' id='word_1_182' title='bbox 1645 1570 1777 1633; x_wconf 87' lang='lat' dir='ltr'><strong>quorum</strong></span> <span class='ocrx_word' id='word_1_183' title='bbox 1790 1553 1897 1612; x_wconf 82' lang='lat' dir='ltr'><strong>sltirno</strong></span> <span class='ocrx_word' id='word_1_184' title='bbox 1918 1551 1977 1612; x_wconf 87' lang='lat' dir='ltr'><strong>hoc</strong></span> <span class='ocrx_word' id='word_1_185' title='bbox 1994 1572 2081 1613; x_wconf 90' lang='lat' dir='ltr'><strong>com·</strong></span> 
     </span>
     <span class='ocr_line' id='line_1_14' title="bbox 56 1647 1449 1739; baseline -0.004 -28"><span class='ocrx_word' id='word_1_186' title='bbox 56 1647 193 1714; x_wconf 85' lang='lat' dir='ltr'><strong>Primum</strong></span> <span class='ocrx_word' id='word_1_187' title='bbox 214 1652 298 1737; x_wconf 91' lang='lat' dir='ltr'><strong>quod</strong></span> <span class='ocrx_word' id='word_1_188' title='bbox 323 1655 401 1712; x_wconf 88' lang='lat' dir='ltr'><strong>inter</strong></span> <span class='ocrx_word' id='word_1_189' title='bbox 422 1662 518 1731; x_wconf 85' lang='lat' dir='ltr'><strong>partes</strong></span> <span class='ocrx_word' id='word_1_190' title='bbox 540 1651 698 1725; x_wconf 80' lang='lat' dir='ltr'><strong>corrvenit,</strong></span> <span class='ocrx_word' id='word_1_191' title='bbox 727 1647 827 1724; x_wconf 80' lang='lat' dir='ltr'><strong>vides,</strong></span> <span class='ocrx_word' id='word_1_192' title='bbox 854 1647 891 1706; x_wconf 90' lang='lat' dir='ltr'><strong>ad</strong></span> <span class='ocrx_word' id='word_1_193' title='bbox 913 1666 1046 1706; x_wconf 89' lang='lat' dir='ltr'><strong>menon</strong></span> <span class='ocrx_word' id='word_1_194' title='bbox 1093 1648 1241 1739; x_wconf 74' lang='lat' dir='ltr'><strong>pellabart</strong></span> <span class='ocrx_word' id='word_1_195' title='bbox 1352 1724 1355 1729; x_wconf 27' lang='grc' dir='ltr'>Ι</span> <span class='ocrx_word' id='word_1_196' title='bbox 1445 1718 1449 1725; x_wconf 30' lang='grc'><em>“</em></span> 
     </span>
     <span class='ocr_line' id='line_1_15' title="bbox 56 1742 1795 1833; baseline -0.005 -21"><span class='ocrx_word' id='word_1_197' title='bbox 56 1758 214 1833; x_wconf 87' lang='lat' dir='ltr'><strong>pertinere.</strong></span> <span class='ocrx_word' id='word_1_198' title='bbox 273 1750 378 1833; x_wconf 84' lang='lat' dir='ltr'><strong>Neque</strong></span> <span class='ocrx_word' id='word_1_199' title='bbox 400 1754 474 1812; x_wconf 83' lang='lat' dir='ltr'><strong>enim</strong></span> <span class='ocrx_word' id='word_1_200' title='bbox 492 1746 653 1831; x_wconf 77' lang='lat' dir='ltr'><strong>quidquam</strong></span> <span class='ocrx_word' id='word_1_201' title='bbox 673 1748 744 1807; x_wconf 84' lang='lat' dir='ltr'><strong>milri</strong></span> <span class='ocrx_word' id='word_1_202' title='bbox 762 1767 829 1807; x_wconf 86' lang='lat' dir='ltr'><strong>eum</strong></span> <span class='ocrx_word' id='word_1_203' title='bbox 847 1744 876 1806; x_wconf 85' lang='grc' dir='ltr'><em>Ε</em></span> <span class='ocrx_word' id='word_1_204' title='bbox 881 1745 944 1807; x_wconf 77' lang='lat' dir='ltr'><strong>olei</strong></span> <span class='ocrx_word' id='word_1_205' title='bbox 949 1767 965 1807; x_wconf 94' lang='lat' dir='ltr'><strong>o</strong></span> <span class='ocrx_word' id='word_1_206' title='bbox 990 1768 1046 1808; x_wconf 82' lang='lat' dir='ltr'><strong>re·</strong></span> <span class='ocrx_word' id='word_1_207' title='bbox 1194 1742 1308 1822; x_wconf 77' lang='lat' dir='ltr'><strong>dpiyu</strong></span> <span class='ocrx_word' id='word_1_208' title='bbox 1325 1752 1478 1823; x_wconf 78' lang='grc' dir='ltr'><strong>Γερμανῶν</strong></span> <span class='ocrx_word' id='word_1_209' title='bbox 1497 1752 1577 1824; x_wconf 73' lang='grc' dir='ltr'><strong>θῦμα</strong></span> <span class='ocrx_word' id='word_1_210' title='bbox 1596 1753 1795 1821; x_wconf 79' lang='grc' dir='ltr'><strong>παλαιγενέων.</strong></span> 
     </span>
     <span class='ocr_line' id='line_1_16' title="bbox 57 1841 2083 1941; baseline 0.002 -26"><span class='ocrx_word' id='word_1_211' title='bbox 57 1876 119 1915; x_wconf 79' lang='lat' dir='ltr'><strong>rum</strong></span> <span class='ocrx_word' id='word_1_212' title='bbox 145 1876 280 1936; x_wconf 85' lang='lat' dir='ltr'><strong>unquam</strong></span> <span class='ocrx_word' id='word_1_213' title='bbox 291 1852 374 1937; x_wconf 76' lang='lat' dir='ltr'><strong>suit,</strong></span> <span class='ocrx_word' id='word_1_214' title='bbox 409 1866 440 1914; x_wconf 89' lang='lat' dir='ltr'><strong>et</strong></span> <span class='ocrx_word' id='word_1_215' title='bbox 461 1851 626 1932; x_wconf 83' lang='lat' dir='ltr'><strong>Lipsiae</strong></span> <span class='ocrx_word' id='word_1_216' title='bbox 648 1870 766 1931; x_wconf 73' lang='lat' dir='ltr'><strong>pugnae</strong></span> <span class='ocrx_word' id='word_1_217' title='bbox 786 1853 898 1910; x_wconf 82' lang='lat' dir='ltr'><strong>ociosus</strong></span> <span class='ocrx_word' id='word_1_218' title='bbox 922 1863 1046 1930; x_wconf 86' lang='lat' dir='ltr'><strong>specta·</strong></span> <span class='ocrx_word' id='word_1_219' title='bbox 1093 1841 1295 1934; x_wconf 85' lang='lat' dir='ltr'><strong>Reliquorum</strong></span> <span class='ocrx_word' id='word_1_220' title='bbox 1316 1872 1378 1913; x_wconf 91' lang='lat' dir='ltr'><strong>non</strong></span> <span class='ocrx_word' id='word_1_221' title='bbox 1393 1854 1529 1912; x_wconf 89' lang='lat' dir='ltr'><strong>memini.</strong></span> <span class='ocrx_word' id='word_1_222' title='bbox 1578 1846 1620 1911; x_wconf 84' lang='lat' dir='ltr'><strong>Et</strong></span> <span class='ocrx_word' id='word_1_223' title='bbox 1643 1850 1901 1916; x_wconf 88' lang='lat' dir='ltr'><strong>dnmtestimouio</strong></span> <span class='ocrx_word' id='word_1_224' title='bbox 1920 1859 2004 1933; x_wconf 88' lang='lat' dir='ltr'><strong>eius,</strong></span> <span class='ocrx_word' id='word_1_225' title='bbox 2029 1860 2083 1941; x_wconf 92' lang='lat' dir='ltr'><strong>qui</strong></span> 
     </span>
     <span class='ocr_line' id='line_1_17' title="bbox 56 1948 2082 2039; baseline 0.003 -24"><span class='ocrx_word' id='word_1_226' title='bbox 56 1964 104 2017; x_wconf 86' lang='lat' dir='ltr'><strong>tor</strong></span> <span class='ocrx_word' id='word_1_227' title='bbox 119 1960 151 2017; x_wconf 88' lang='lat' dir='ltr'><strong>in</strong></span> <span class='ocrx_word' id='word_1_228' title='bbox 172 1958 291 2039; x_wconf 78' lang='lat' dir='ltr'><strong>reliquo</strong></span> <span class='ocrx_word' id='word_1_229' title='bbox 307 1954 398 2032; x_wconf 81' lang='lat' dir='ltr'><strong>uulgo</strong></span> <span class='ocrx_word' id='word_1_230' title='bbox 418 1952 512 2019; x_wconf 83' lang='lat' dir='ltr'><strong>sedi.”</strong></span> <span class='ocrx_word' id='word_1_231' title='bbox 561 1948 645 2015; x_wconf 86' lang='lat' dir='ltr'><strong>Haeo</strong></span> <span class='ocrx_word' id='word_1_232' title='bbox 668 1966 768 2014; x_wconf 90' lang='lat' dir='ltr'><strong>autem</strong></span> <span class='ocrx_word' id='word_1_233' title='bbox 790 1956 832 2014; x_wconf 91' lang='lat' dir='ltr'><strong>ita</strong></span> <span class='ocrx_word' id='word_1_234' title='bbox 854 1954 1047 2034; x_wconf 90' lang='lat' dir='ltr'><strong>intelligenda</strong></span> <span class='ocrx_word' id='word_1_235' title='bbox 1093 1958 1126 2014; x_wconf 90' lang='lat' dir='ltr'><strong>in</strong></span> <span class='ocrx_word' id='word_1_236' title='bbox 1140 1965 1203 2014; x_wconf 91' lang='lat' dir='ltr'><strong>tam</strong></span> <span class='ocrx_word' id='word_1_237' title='bbox 1218 1957 1367 2035; x_wconf 88' lang='lat' dir='ltr'><strong>praeclara</strong></span> <span class='ocrx_word' id='word_1_238' title='bbox 1383 1965 1458 2014; x_wconf 89' lang='lat' dir='ltr'><strong>esset</strong></span> <span class='ocrx_word' id='word_1_239' title='bbox 1472 1956 1704 2030; x_wconf 80' lang='lat' dir='ltr'><strong>existimatione,</strong></span> <span class='ocrx_word' id='word_1_240' title='bbox 1721 1955 1798 2015; x_wconf 87' lang='lat' dir='ltr'><strong>milri</strong></span> <span class='ocrx_word' id='word_1_241' title='bbox 1813 1960 1945 2038; x_wconf 88' lang='lat' dir='ltr'><strong>placens,</strong></span> <span class='ocrx_word' id='word_1_242' title='bbox 1964 1971 2082 2021; x_wconf 71' lang='lat' dir='ltr'><strong>omento</strong></span> 
     </span>
     <span class='ocr_line' id='line_1_18' title="bbox 57 2055 2083 2141; baseline 0.001 -20"><span class='ocrx_word' id='word_1_243' title='bbox 57 2062 294 2138; x_wconf 72' lang='lat' dir='ltr'><strong>suecidantur,</strong></span> <span class='ocrx_word' id='word_1_244' title='bbox 321 2072 356 2121; x_wconf 91' lang='lat' dir='ltr'><strong>ut</strong></span> <span class='ocrx_word' id='word_1_245' title='bbox 370 2056 548 2121; x_wconf 86' lang='lat' dir='ltr'><strong>Melanthea</strong></span> <span class='ocrx_word' id='word_1_246' title='bbox 561 2059 638 2116; x_wconf 86' lang='lat' dir='ltr'><strong>inter</strong></span> <span class='ocrx_word' id='word_1_247' title='bbox 653 2055 868 2137; x_wconf 90' lang='lat' dir='ltr'><strong>disputandum</strong></span> <span class='ocrx_word' id='word_1_248' title='bbox 883 2060 1048 2117; x_wconf 86' lang='lat' dir='ltr'><strong>taciturnus</strong></span> <span class='ocrx_word' id='word_1_249' title='bbox 1095 2057 1228 2118; x_wconf 86' lang='lat' dir='ltr'><strong>chartam</strong></span> <span class='ocrx_word' id='word_1_250' title='bbox 1256 2061 1344 2116; x_wconf 89' lang='lat' dir='ltr'><strong>istam</strong></span> <span class='ocrx_word' id='word_1_251' title='bbox 1378 2058 1533 2133; x_wconf 89' lang='lat' dir='ltr'><strong>omnibus,</strong></span> <span class='ocrx_word' id='word_1_252' title='bbox 1567 2061 1609 2116; x_wconf 88' lang='lat' dir='ltr'><strong>ita</strong></span> <span class='ocrx_word' id='word_1_253' title='bbox 1632 2059 1752 2134; x_wconf 89' lang='lat' dir='ltr'><strong>nescio,</strong></span> <span class='ocrx_word' id='word_1_254' title='bbox 1786 2059 1939 2141; x_wconf 89' lang='lat' dir='ltr'><strong>quomodo</strong></span> <span class='ocrx_word' id='word_1_255' title='bbox 1954 2062 2008 2125; x_wconf 83' lang='lat' dir='ltr'><strong>ibi</strong></span> <span class='ocrx_word' id='word_1_256' title='bbox 2030 2065 2083 2124; x_wconf 88' lang='lat' dir='ltr'><strong>illa</strong></span> 
     </span>
     <span class='ocr_line' id='line_1_19' title="bbox 56 2152 2081 2248; baseline -0 -24"><span class='ocrx_word' id='word_1_257' title='bbox 56 2164 175 2244; x_wconf 85' lang='lat' dir='ltr'><strong>linguae</strong></span> <span class='ocrx_word' id='word_1_258' title='bbox 190 2164 316 2248; x_wconf 90' lang='lat' dir='ltr'><strong>quidem</strong></span> <span class='ocrx_word' id='word_1_259' title='bbox 330 2152 461 2240; x_wconf 67' lang='lat' dir='ltr'><strong>litaret,</strong></span> <span class='ocrx_word' id='word_1_260' title='bbox 485 2172 516 2221; x_wconf 90' lang='lat' dir='ltr'><strong>at</strong></span> <span class='ocrx_word' id='word_1_261' title='bbox 531 2171 677 2243; x_wconf 92' lang='lat' dir='ltr'><strong>quantum</strong></span> <span class='ocrx_word' id='word_1_262' title='bbox 693 2162 756 2219; x_wconf 87' lang='lat' dir='ltr'><strong>fieri</strong></span> <span class='ocrx_word' id='word_1_263' title='bbox 772 2171 910 2240; x_wconf 89' lang='lat' dir='ltr'><strong>poterat,</strong></span> <span class='ocrx_word' id='word_1_264' title='bbox 927 2163 1048 2243; x_wconf 89' lang='lat' dir='ltr'><strong>utrique</strong></span> <span class='ocrx_word' id='word_1_265' title='bbox 1094 2160 1172 2219; x_wconf 84' lang='lat' dir='ltr'><strong>milri</strong></span> <span class='ocrx_word' id='word_1_266' title='bbox 1196 2162 1348 2236; x_wconf 88' lang='lat' dir='ltr'><strong>euolanit,</strong></span> <span class='ocrx_word' id='word_1_267' title='bbox 1386 2158 1551 2220; x_wconf 89' lang='lat' dir='ltr'><strong>secundum</strong></span> <span class='ocrx_word' id='word_1_268' title='bbox 1577 2154 1735 2236; x_wconf 83' lang='lat' dir='ltr'><strong>Plautum,</strong></span> <span class='ocrx_word' id='word_1_269' title='bbox 1775 2173 1809 2222; x_wconf 81' lang='lat' dir='ltr'><strong>vt</strong></span> <span class='ocrx_word' id='word_1_270' title='bbox 1841 2162 1934 2223; x_wconf 77' lang='lat' dir='ltr'><strong>tuerit</strong></span> <span class='ocrx_word' id='word_1_271' title='bbox 1964 2167 2081 2228; x_wconf 87' lang='lat' dir='ltr'><strong>amissa.</strong></span> 
     </span>
     <span class='ocr_line' id='line_1_20' title="bbox 55 2258 2083 2346; baseline 0.002 -21"><span class='ocrx_word' id='word_1_272' title='bbox 55 2260 182 2328; x_wconf 87' lang='lat' dir='ltr'><strong>Ductori</strong></span> <span class='ocrx_word' id='word_1_273' title='bbox 196 2265 408 2346; x_wconf 90' lang='lat' dir='ltr'><strong>Vitebergensi</strong></span> <span class='ocrx_word' id='word_1_274' title='bbox 423 2265 595 2346; x_wconf 89' lang='lat' dir='ltr'><strong>praesertim</strong></span> <span class='ocrx_word' id='word_1_275' title='bbox 611 2283 641 2322; x_wconf 88' lang='lat' dir='ltr'><strong>se</strong></span> <span class='ocrx_word' id='word_1_276' title='bbox 657 2259 694 2320; x_wconf 92' lang='lat' dir='ltr'><strong>ad</strong></span> <span class='ocrx_word' id='word_1_277' title='bbox 711 2283 844 2343; x_wconf 88' lang='lat' dir='ltr'><strong>pugnam</strong></span> <span class='ocrx_word' id='word_1_278' title='bbox 864 2265 1050 2343; x_wconf 84' lang='lat' dir='ltr'><strong>praeparanti</strong></span> <span class='ocrx_word' id='word_1_279' title='bbox 1096 2258 1170 2322; x_wconf 89' lang='lat' dir='ltr'><strong>Siue</strong></span> <span class='ocrx_word' id='word_1_280' title='bbox 1193 2275 1294 2321; x_wconf 90' lang='lat' dir='ltr'><strong>autem</strong></span> <span class='ocrx_word' id='word_1_281' title='bbox 1315 2261 1473 2321; x_wconf 90' lang='lat' dir='ltr'><strong>commode</strong></span> <span class='ocrx_word' id='word_1_282' title='bbox 1497 2264 1547 2322; x_wconf 80' lang='lat' dir='ltr'><strong>vel</strong></span> <span class='ocrx_word' id='word_1_283' title='bbox 1572 2264 1663 2321; x_wconf 87' lang='lat' dir='ltr'><strong>etiam</strong></span> <span class='ocrx_word' id='word_1_284' title='bbox 1676 2264 1795 2342; x_wconf 85' lang='lat' dir='ltr'><strong>prolixe</strong></span> <span class='ocrx_word' id='word_1_285' title='bbox 1810 2264 1963 2346; x_wconf 89' lang='lat' dir='ltr'><strong>loquendo</strong></span> <span class='ocrx_word' id='word_1_286' title='bbox 1980 2266 2019 2328; x_wconf 89' lang='lat' dir='ltr'><strong>de</strong></span> <span class='ocrx_word' id='word_1_287' title='bbox 2030 2288 2083 2329; x_wconf 86' lang='lat' dir='ltr'><strong>me</strong></span> 
     </span>
     <span class='ocr_line' id='line_1_21' title="bbox 57 2359 2085 2451; baseline 0.002 -24"><span class='ocrx_word' id='word_1_288' title='bbox 57 2371 167 2451; x_wconf 88' lang='lat' dir='ltr'><strong>ubique</strong></span> <span class='ocrx_word' id='word_1_289' title='bbox 187 2369 308 2430; x_wconf 87' lang='lat' dir='ltr'><strong>adiutor</strong></span> <span class='ocrx_word' id='word_1_290' title='bbox 332 2379 431 2449; x_wconf 90' lang='lat' dir='ltr'><strong>gratus</strong></span> <span class='ocrx_word' id='word_1_291' title='bbox 455 2375 701 2446; x_wconf 84' lang='lat' dir='ltr'><strong>exspectatusque</strong></span> <span class='ocrx_word' id='word_1_292' title='bbox 722 2375 807 2426; x_wconf 87' lang='lat' dir='ltr'><strong>esset.</strong></span> <span class='ocrx_word' id='word_1_293' title='bbox 857 2361 898 2423; x_wconf 91' lang='lat' dir='ltr'><strong>Et</strong></span> <span class='ocrx_word' id='word_1_294' title='bbox 917 2384 1048 2446; x_wconf 88' lang='lat' dir='ltr'><strong>quomo·</strong></span> <span class='ocrx_word' id='word_1_295' title='bbox 1096 2361 1233 2422; x_wconf 83' lang='lat' dir='ltr'><strong>Adamus</strong></span> <span class='ocrx_word' id='word_1_296' title='bbox 1255 2366 1494 2423; x_wconf 83' lang='lat' dir='ltr'><strong>benevolentiam</strong></span> <span class='ocrx_word' id='word_1_297' title='bbox 1517 2363 1594 2425; x_wconf 89' lang='lat' dir='ltr'><strong>mihi</strong></span> <span class='ocrx_word' id='word_1_298' title='bbox 1615 2375 1682 2424; x_wconf 92' lang='lat' dir='ltr'><strong>tum</strong></span> <span class='ocrx_word' id='word_1_299' title='bbox 1698 2359 1827 2450; x_wconf 62' lang='lat' dir='ltr'><strong>Phihppi</strong></span> <span class='ocrx_word' id='word_1_300' title='bbox 1838 2363 2085 2431; x_wconf 76' lang='lat' dir='ltr'><strong>Melanohthonis</strong></span> 
     </span>
     <span class='ocr_line' id='line_1_22' title="bbox 28 2464 2082 2555; baseline 0.002 -26"><span class='ocrx_word' id='word_1_301' title='bbox 28 2529 31 2537; x_wconf 86' lang='grc'><strong>,</strong></span> <span class='ocrx_word' id='word_1_302' title='bbox 57 2468 217 2555; x_wconf 88' lang='lat' dir='ltr'><strong>docunque</strong></span> <span class='ocrx_word' id='word_1_303' title='bbox 249 2492 297 2531; x_wconf 89' lang='lat' dir='ltr'><strong>res</strong></span> <span class='ocrx_word' id='word_1_304' title='bbox 319 2491 380 2531; x_wconf 89' lang='lat' dir='ltr'><strong>sese</strong></span> <span class='ocrx_word' id='word_1_305' title='bbox 403 2469 512 2546; x_wconf 88' lang='lat' dir='ltr'><strong>habet,</strong></span> <span class='ocrx_word' id='word_1_306' title='bbox 544 2465 603 2527; x_wconf 90' lang='lat' dir='ltr'><strong>hoc</strong></span> <span class='ocrx_word' id='word_1_307' title='bbox 625 2464 748 2549; x_wconf 91' lang='lat' dir='ltr'><strong>quidem</strong></span> <span class='ocrx_word' id='word_1_308' title='bbox 773 2469 971 2526; x_wconf 84' lang='lat' dir='ltr'><strong>certissimum</strong></span> <span class='ocrx_word' id='word_1_309' title='bbox 993 2476 1047 2542; x_wconf 88' lang='lat' dir='ltr'><strong>est,</strong></span> <span class='ocrx_word' id='word_1_310' title='bbox 1095 2469 1285 2542; x_wconf 89' lang='lat' dir='ltr'><strong>conciliauit,</strong></span> <span class='ocrx_word' id='word_1_311' title='bbox 1312 2486 1365 2526; x_wconf 91' lang='lat' dir='ltr'><strong>seu</strong></span> <span class='ocrx_word' id='word_1_312' title='bbox 1381 2469 1525 2546; x_wconf 89' lang='lat' dir='ltr'><strong>opinione</strong></span> <span class='ocrx_word' id='word_1_313' title='bbox 1548 2479 1578 2526; x_wconf 92' lang='lat' dir='ltr'><strong>et</strong></span> <span class='ocrx_word' id='word_1_314' title='bbox 1598 2488 1649 2547; x_wconf 88' lang='lat' dir='ltr'><strong>spe</strong></span> <span class='ocrx_word' id='word_1_315' title='bbox 1662 2466 1742 2526; x_wconf 91' lang='lat' dir='ltr'><strong>bona</strong></span> <span class='ocrx_word' id='word_1_316' title='bbox 1756 2466 1792 2527; x_wconf 89' lang='lat' dir='ltr'><strong>da</strong></span> <span class='ocrx_word' id='word_1_317' title='bbox 1811 2489 1877 2546; x_wconf 90' lang='lat' dir='ltr'><strong>ma,</strong></span> <span class='ocrx_word' id='word_1_318' title='bbox 1904 2483 1934 2531; x_wconf 92' lang='lat' dir='ltr'><strong>et</strong></span> <span class='ocrx_word' id='word_1_319' title='bbox 1955 2483 1989 2532; x_wconf 83' lang='lat' dir='ltr'><strong>vt</strong></span> <span class='ocrx_word' id='word_1_320' title='bbox 2011 2471 2082 2532; x_wconf 89' lang='lat' dir='ltr'><strong>red·</strong></span> 
     </span>
     <span class='ocr_line' id='line_1_23' title="bbox 19 2564 2084 2655; baseline 0.001 -24"><span class='ocrx_word' id='word_1_321' title='bbox 19 2640 21 2645; x_wconf 23' lang='lat'><strong>¹</strong></span> <span class='ocrx_word' id='word_1_322' title='bbox 57 2571 294 2655; x_wconf 87' lang='lat' dir='ltr'><strong>disputationem</strong></span> <span class='ocrx_word' id='word_1_323' title='bbox 307 2568 498 2653; x_wconf 89' lang='lat' dir='ltr'><strong>Lipsieusem</strong></span> <span class='ocrx_word' id='word_1_324' title='bbox 514 2589 606 2651; x_wconf 88' lang='lat' dir='ltr'><strong>quam</strong></span> <span class='ocrx_word' id='word_1_325' title='bbox 621 2572 785 2628; x_wconf 78' lang='lat' dir='ltr'><strong>maximam</strong></span> <span class='ocrx_word' id='word_1_326' title='bbox 801 2572 863 2628; x_wconf 78' lang='lat' dir='ltr'><strong>vim</strong></span> <span class='ocrx_word' id='word_1_327' title='bbox 879 2564 1048 2627; x_wconf 83' lang='lat' dir='ltr'><strong>adliielan-</strong></span> <span class='ocrx_word' id='word_1_328' title='bbox 1096 2568 1178 2628; x_wconf 91' lang='lat' dir='ltr'><strong>deret</strong></span> <span class='ocrx_word' id='word_1_329' title='bbox 1192 2571 1365 2628; x_wconf 84' lang='lat' dir='ltr'><strong>alacriorem</strong></span> <span class='ocrx_word' id='word_1_330' title='bbox 1380 2570 1413 2627; x_wconf 91' lang='lat' dir='ltr'><strong>in</strong></span> <span class='ocrx_word' id='word_1_331' title='bbox 1428 2568 1596 2629; x_wconf 86' lang='lat' dir='ltr'><strong>studiorum</strong></span> <span class='ocrx_word' id='word_1_332' title='bbox 1608 2570 1777 2629; x_wconf 86' lang='lat' dir='ltr'><strong>liberalium</strong></span> <span class='ocrx_word' id='word_1_333' title='bbox 1790 2591 1896 2647; x_wconf 91' lang='lat' dir='ltr'><strong>cursu,</strong></span> <span class='ocrx_word' id='word_1_334' title='bbox 1923 2592 1976 2632; x_wconf 90' lang='lat' dir='ltr'><strong>seu</strong></span> <span class='ocrx_word' id='word_1_335' title='bbox 1995 2578 2084 2634; x_wconf 87' lang='lat' dir='ltr'><strong>etiam</strong></span> 
     </span>
     <span class='ocr_line' id='line_1_24' title="bbox 57 2669 2083 2754; baseline 0.002 -22"><span class='ocrx_word' id='word_1_336' title='bbox 57 2673 151 2735; x_wconf 75' lang='lat' dir='ltr'><strong>tironis</strong></span> <span class='ocrx_word' id='word_1_337' title='bbox 175 2674 277 2738; x_wconf 88' lang='lat' dir='ltr'><strong>studia</strong></span> <span class='ocrx_word' id='word_1_338' title='bbox 297 2674 470 2754; x_wconf 85' lang='lat' dir='ltr'><strong>theologica</strong></span> <span class='ocrx_word' id='word_1_339' title='bbox 491 2670 625 2752; x_wconf 83' lang='lat' dir='ltr'><strong>augenda</strong></span> <span class='ocrx_word' id='word_1_340' title='bbox 650 2682 739 2754; x_wconf 88' lang='lat' dir='ltr'><strong>atque</strong></span> <span class='ocrx_word' id='word_1_341' title='bbox 763 2669 968 2752; x_wconf 82' lang='lat' dir='ltr'><strong>promovenda</strong></span> <span class='ocrx_word' id='word_1_342' title='bbox 990 2671 1048 2732; x_wconf 89' lang='lat' dir='ltr'><strong>ha·</strong></span> <span class='ocrx_word' id='word_1_343' title='bbox 1094 2683 1216 2731; x_wconf 78' lang='lat' dir='ltr'><strong>natiuae</strong></span> <span class='ocrx_word' id='word_1_344' title='bbox 1234 2670 1362 2754; x_wconf 91' lang='lat' dir='ltr'><strong>quadam</strong></span> <span class='ocrx_word' id='word_1_345' title='bbox 1377 2674 1570 2732; x_wconf 85' lang='lat' dir='ltr'><strong>inclinatione</strong></span> <span class='ocrx_word' id='word_1_346' title='bbox 1585 2673 1639 2731; x_wconf 91' lang='lat' dir='ltr'><strong>ille</strong></span> <span class='ocrx_word' id='word_1_347' title='bbox 1652 2675 1830 2752; x_wconf 86' lang='lat' dir='ltr'><strong>complexus</strong></span> <span class='ocrx_word' id='word_1_348' title='bbox 1847 2694 1897 2733; x_wconf 88' lang='lat' dir='ltr'><strong>me</strong></span> <span class='ocrx_word' id='word_1_349' title='bbox 1917 2679 1990 2745; x_wconf 85' lang='lat' dir='ltr'><strong>talia</strong></span> <span class='ocrx_word' id='word_1_350' title='bbox 2009 2681 2083 2738; x_wconf 91' lang='lat' dir='ltr'><strong>scri-</strong></span> 
     </span>
     <span class='ocr_line' id='line_1_25' title="bbox 56 2755 2154 2862; baseline 0.001 -26"><span class='ocrx_word' id='word_1_351' title='bbox 56 2779 164 2857; x_wconf 87' lang='lat' dir='ltr'><strong>buisse,</strong></span> <span class='ocrx_word' id='word_1_352' title='bbox 181 2781 317 2862; x_wconf 88' lang='lat' dir='ltr'><strong>itemque</strong></span> <span class='ocrx_word' id='word_1_353' title='bbox 332 2777 473 2837; x_wconf 88' lang='lat' dir='ltr'><strong>idoneam</strong></span> <span class='ocrx_word' id='word_1_354' title='bbox 488 2776 693 2858; x_wconf 87' lang='lat' dir='ltr'><strong>optimamque</strong></span> <span class='ocrx_word' id='word_1_355' title='bbox 708 2772 800 2834; x_wconf 82' lang='lat' dir='ltr'><strong>luisse</strong></span> <span class='ocrx_word' id='word_1_356' title='bbox 815 2793 944 2857; x_wconf 74' lang='lat' dir='ltr'><strong>causam,</strong></span> <span class='ocrx_word' id='word_1_357' title='bbox 971 2794 1048 2856; x_wconf 89' lang='lat' dir='ltr'><strong>quae</strong></span> <span class='ocrx_word' id='word_1_358' title='bbox 1095 2777 1175 2854; x_wconf 84' lang='lat' dir='ltr'><strong>psit:</strong></span> <span class='ocrx_word' id='word_1_359' title='bbox 1201 2772 1261 2834; x_wconf 93' lang='lat' dir='ltr'><strong>hoc</strong></span> <span class='ocrx_word' id='word_1_360' title='bbox 1282 2786 1359 2834; x_wconf 89' lang='lat' dir='ltr'><strong>certa</strong></span> <span class='ocrx_word' id='word_1_361' title='bbox 1377 2761 1421 2833; x_wconf 79' lang='lat' dir='ltr'><strong>est</strong></span> <span class='ocrx_word' id='word_1_362' title='bbox 1436 2775 1592 2851; x_wconf 86' lang='lat' dir='ltr'><strong>effectum,</strong></span> <span class='ocrx_word' id='word_1_363' title='bbox 1617 2786 1651 2834; x_wconf 82' lang='lat' dir='ltr'><strong>vt</strong></span> <span class='ocrx_word' id='word_1_364' title='bbox 1667 2755 1819 2854; x_wconf 74' lang='lat' dir='ltr'><strong>Philippus</strong></span> <span class='ocrx_word' id='word_1_365' title='bbox 1838 2776 2006 2838; x_wconf 73' lang='lat' dir='ltr'><strong>currentism</strong></span> <span class='ocrx_word' id='word_1_366' title='bbox 2021 2799 2082 2858; x_wconf 87' lang='lat' dir='ltr'><strong>me,</strong></span> <span class='ocrx_word' id='word_1_367' title='bbox 2147 2820 2154 2829; x_wconf 85' lang='lat'><em>·</em></span> 
     </span>
     <span class='ocr_line' id='line_1_26' title="bbox 57 2870 2105 2960; baseline 0 -17"><span class='ocrx_word' id='word_1_368' title='bbox 57 2892 172 2943; x_wconf 74' lang='lat' dir='ltr'><strong>amotae</strong></span> <span class='ocrx_word' id='word_1_369' title='bbox 202 2884 353 2942; x_wconf 86' lang='lat' dir='ltr'><strong>amicitiae</strong></span> <span class='ocrx_word' id='word_1_370' title='bbox 386 2881 543 2940; x_wconf 79' lang='lat' dir='ltr'><strong>vinculum</strong></span> <span class='ocrx_word' id='word_1_371' title='bbox 574 2880 652 2937; x_wconf 89' lang='lat' dir='ltr'><strong>inter</strong></span> <span class='ocrx_word' id='word_1_372' title='bbox 676 2872 841 2936; x_wconf 79' lang='lat' dir='ltr'><strong>Lutherum</strong></span> <span class='ocrx_word' id='word_1_373' title='bbox 865 2888 894 2937; x_wconf 92' lang='lat' dir='ltr'><strong>et</strong></span> <span class='ocrx_word' id='word_1_374' title='bbox 917 2870 1048 2936; x_wconf 85' lang='lat' dir='ltr'><strong>Melon·</strong></span> <span class='ocrx_word' id='word_1_375' title='bbox 1096 2875 1350 2958; x_wconf 85' lang='lat' dir='ltr'><strong>quemadmodum</strong></span> <span class='ocrx_word' id='word_1_376' title='bbox 1371 2877 1497 2956; x_wconf 88' lang='lat' dir='ltr'><strong>dicitur,</strong></span> <span class='ocrx_word' id='word_1_377' title='bbox 1523 2880 1670 2954; x_wconf 89' lang='lat' dir='ltr'><strong>incitarit,</strong></span> <span class='ocrx_word' id='word_1_378' title='bbox 1698 2880 1895 2960; x_wconf 89' lang='lat' dir='ltr'><strong>stimulosque</strong></span> <span class='ocrx_word' id='word_1_379' title='bbox 1916 2880 2105 2959; x_wconf 78' lang='lat' dir='ltr'><strong>admouerit,</strong></span> 
     </span>
     <span class='ocr_line' id='line_1_27' title="bbox 58 2952 2084 3064; baseline 0.001 -21"><span class='ocrx_word' id='word_1_380' title='bbox 58 2983 174 3043; x_wconf 77' lang='lat' dir='ltr'><strong>tironem</strong></span> <span class='ocrx_word' id='word_1_381' title='bbox 191 2978 308 3045; x_wconf 87' lang='lat' dir='ltr'><strong>arctius</strong></span> <span class='ocrx_word' id='word_1_382' title='bbox 317 2992 458 3043; x_wconf 88' lang='lat' dir='ltr'><strong>necteret.</strong></span> <span class='ocrx_word' id='word_1_383' title='bbox 511 2952 663 3039; x_wconf 55' lang='lat' dir='ltr'><strong>liutherus</strong></span> <span class='ocrx_word' id='word_1_384' title='bbox 675 2976 838 3058; x_wconf 85' lang='lat' dir='ltr'><strong>Spoletina</strong></span> <span class='ocrx_word' id='word_1_385' title='bbox 853 2979 901 3039; x_wconf 89' lang='lat' dir='ltr'><strong>die</strong></span> <span class='ocrx_word' id='word_1_386' title='bbox 910 2974 988 3039; x_wconf 86' lang='lat' dir='ltr'><strong>XV.</strong></span> <span class='ocrx_word' id='word_1_387' title='bbox 1005 2998 1047 3040; x_wconf 91' lang='lat' dir='ltr'><strong>m.</strong></span> <span class='ocrx_word' id='word_1_388' title='bbox 1095 2991 1260 3059; x_wconf 88' lang='lat' dir='ltr'><strong>pungentes</strong></span> <span class='ocrx_word' id='word_1_389' title='bbox 1274 2979 1328 3039; x_wconf 89' lang='lat' dir='ltr'><strong>diu</strong></span> <span class='ocrx_word' id='word_1_390' title='bbox 1343 2991 1495 3062; x_wconf 88' lang='lat' dir='ltr'><strong>noctuque</strong></span> <span class='ocrx_word' id='word_1_391' title='bbox 1511 2984 1664 3055; x_wconf 90' lang='lat' dir='ltr'><strong>animum,</strong></span> <span class='ocrx_word' id='word_1_392' title='bbox 1690 3001 1789 3062; x_wconf 88' lang='lat' dir='ltr'><strong>neque</strong></span> <span class='ocrx_word' id='word_1_393' title='bbox 1810 2985 1938 3043; x_wconf 90' lang='lat' dir='ltr'><strong>sinentes</strong></span> <span class='ocrx_word' id='word_1_394' title='bbox 1962 2983 2084 3064; x_wconf 92' lang='lat' dir='ltr'><strong>cupidi·</strong></span> 
     </span>
     <span class='ocr_line' id='line_1_28' title="bbox 58 3080 2084 3167; baseline 0 -21"><span class='ocrx_word' id='word_1_395' title='bbox 58 3084 192 3167; x_wconf 81' lang='lat' dir='ltr'><strong>Augusti</strong></span> <span class='ocrx_word' id='word_1_396' title='bbox 224 3091 259 3146; x_wconf 91' lang='lat' dir='ltr'><strong>in</strong></span> <span class='ocrx_word' id='word_1_397' title='bbox 286 3080 550 3162; x_wconf 86' lang='lat' dir='ltr'><strong>„Resolutionum</strong></span> <span class='ocrx_word' id='word_1_398' title='bbox 583 3084 673 3163; x_wconf 83' lang='lat' dir='ltr'><strong>super</strong></span> <span class='ocrx_word' id='word_1_399' title='bbox 698 3082 954 3163; x_wconf 85' lang='lat' dir='ltr'><strong>propositionibus</strong></span> <span class='ocrx_word' id='word_1_400' title='bbox 986 3085 1047 3142; x_wconf 89' lang='lat' dir='ltr'><strong>suis</strong></span> <span class='ocrx_word' id='word_1_401' title='bbox 1094 3093 1186 3141; x_wconf 89' lang='lat' dir='ltr'><strong>tatem</strong></span> <span class='ocrx_word' id='word_1_402' title='bbox 1214 3085 1458 3161; x_wconf 89' lang='lat' dir='ltr'><strong>praeclarissimi,</strong></span> <span class='ocrx_word' id='word_1_403' title='bbox 1500 3081 1752 3163; x_wconf 88' lang='lat' dir='ltr'><strong>quemadmodum</strong></span> <span class='ocrx_word' id='word_1_404' title='bbox 1775 3084 1951 3163; x_wconf 90' lang='lat' dir='ltr'><strong>arbitrabar,</strong></span> <span class='ocrx_word' id='word_1_405' title='bbox 1990 3084 2084 3147; x_wconf 85' lang='lat' dir='ltr'><strong>studii</strong></span> 
     </span>
     <span class='ocr_line' id='line_1_29' title="bbox 58 3168 2082 3271; baseline -0.002 -23"><span class='ocrx_word' id='word_1_406' title='bbox 58 3184 179 3271; x_wconf 83' lang='lat' dir='ltr'><strong>Lipsiae</strong></span> <span class='ocrx_word' id='word_1_407' title='bbox 211 3184 394 3269; x_wconf 60' lang='lat' dir='ltr'><strong>disputatis&#39;f</strong></span> <span class='ocrx_word' id='word_1_408' title='bbox 424 3168 581 3267; x_wconf 74' lang='lat' dir='ltr'><strong>prooemio</strong></span> <span class='ocrx_word' id='word_1_409' title='bbox 614 3178 687 3264; x_wconf 87' lang='lat' dir='ltr'><strong>(ap.</strong></span> <span class='ocrx_word' id='word_1_410' title='bbox 709 3184 745 3243; x_wconf 90' lang='lat' dir='ltr'><strong>de</strong></span> <span class='ocrx_word' id='word_1_411' title='bbox 759 3180 867 3244; x_wconf 83' lang='lat' dir='ltr'><strong>Wette</strong></span> <span class='ocrx_word' id='word_1_412' title='bbox 889 3180 915 3260; x_wconf 90' lang='lat' dir='ltr'><strong>l,</strong></span> <span class='ocrx_word' id='word_1_413' title='bbox 940 3180 1047 3263; x_wconf 78' lang='lat'><strong>305.)</strong></span> <span class='ocrx_word' id='word_1_414' title='bbox 1095 3187 1276 3263; x_wconf 80' lang='lat' dir='ltr'><strong>optimartun</strong></span> <span class='ocrx_word' id='word_1_415' title='bbox 1293 3184 1517 3263; x_wconf 88' lang='lat' dir='ltr'><strong>disciplinarum</strong></span> <span class='ocrx_word' id='word_1_416' title='bbox 1539 3196 1569 3242; x_wconf 89' lang='lat' dir='ltr'><strong>et</strong></span> <span class='ocrx_word' id='word_1_417' title='bbox 1591 3187 1701 3243; x_wconf 87' lang='lat' dir='ltr'><strong>artium</strong></span> <span class='ocrx_word' id='word_1_418' title='bbox 1723 3187 1920 3264; x_wconf 86' lang='lat' dir='ltr'><strong>languescere.</strong></span> <span class='ocrx_word' id='word_1_419' title='bbox 1972 3183 2023 3248; x_wconf 77' lang='lat' dir='ltr'><strong>Ex</strong></span> <span class='ocrx_word' id='word_1_420' title='bbox 2044 3208 2082 3249; x_wconf 82' lang='lat' dir='ltr'><strong>eo</strong></span> 
     </span>
     <span class='ocr_line' id='line_1_30' title="bbox 60 3281 2085 3375; baseline 0 -23"><span class='ocrx_word' id='word_1_421' title='bbox 60 3294 175 3369; x_wconf 85' lang='lat' dir='ltr'><strong>scribit,</strong></span> <span class='ocrx_word' id='word_1_422' title='bbox 204 3310 282 3375; x_wconf 87' lang='lat' dir='ltr'><strong>quae</strong></span> <span class='ocrx_word' id='word_1_423' title='bbox 295 3300 479 3371; x_wconf 89' lang='lat' dir='ltr'><strong>sequuntur:</strong></span> <span class='ocrx_word' id='word_1_424' title='bbox 509 3282 599 3365; x_wconf 81' lang='lat' dir='ltr'><strong>„Sed</strong></span> <span class='ocrx_word' id='word_1_425' title='bbox 614 3286 701 3346; x_wconf 90' lang='lat' dir='ltr'><strong>redeo</strong></span> <span class='ocrx_word' id='word_1_426' title='bbox 719 3281 940 3364; x_wconf 82' lang='lat' dir='ltr'><strong>adPirilippum,</strong></span> <span class='ocrx_word' id='word_1_427' title='bbox 958 3306 1047 3368; x_wconf 92' lang='lat' dir='ltr'><strong>quem</strong></span> <span class='ocrx_word' id='word_1_428' title='bbox 1094 3297 1230 3365; x_wconf 89' lang='lat' dir='ltr'><strong>tempore</strong></span> <span class='ocrx_word' id='word_1_429' title='bbox 1252 3286 1375 3345; x_wconf 86' lang='lat' dir='ltr'><strong>videndi</strong></span> <span class='ocrx_word' id='word_1_430' title='bbox 1394 3290 1498 3366; x_wconf 90' lang='lat' dir='ltr'><strong>ipsum</strong></span> <span class='ocrx_word' id='word_1_431' title='bbox 1518 3288 1774 3366; x_wconf 85' lang='lat' dir='ltr'><strong>opportunitatem</strong></span> <span class='ocrx_word' id='word_1_432' title='bbox 1797 3308 1912 3368; x_wconf 87' lang='lat' dir='ltr'><strong>semper</strong></span> <span class='ocrx_word' id='word_1_433' title='bbox 1936 3292 2085 3371; x_wconf 56' lang='lat' dir='ltr'><strong>quaesitus</strong></span> 
     </span>
     <span class='ocr_line' id='line_1_31' title="bbox 59 3382 2084 3470; baseline 0 -16"><span class='ocrx_word' id='word_1_434' title='bbox 59 3406 172 3454; x_wconf 88' lang='lat' dir='ltr'><strong>tantum</strong></span> <span class='ocrx_word' id='word_1_435' title='bbox 187 3396 288 3469; x_wconf 90' lang='lat' dir='ltr'><strong>abest,</strong></span> <span class='ocrx_word' id='word_1_436' title='bbox 314 3404 348 3452; x_wconf 91' lang='lat' dir='ltr'><strong>ut</strong></span> <span class='ocrx_word' id='word_1_437' title='bbox 362 3384 563 3451; x_wconf 83' lang='lat' dir='ltr'><strong>ullusEocius</strong></span> <span class='ocrx_word' id='word_1_438' title='bbox 577 3388 655 3448; x_wconf 85' lang='lat' dir='ltr'><strong>milri</strong></span> <span class='ocrx_word' id='word_1_439' title='bbox 669 3387 790 3453; x_wconf 86' lang='lat' dir='ltr'><strong>reddere</strong></span> <span class='ocrx_word' id='word_1_440' title='bbox 804 3390 900 3469; x_wconf 89' lang='lat' dir='ltr'><strong>possit</strong></span> <span class='ocrx_word' id='word_1_441' title='bbox 912 3387 1047 3447; x_wconf 81' lang='lat' dir='ltr'><strong>invidio·</strong></span> <span class='ocrx_word' id='word_1_442' title='bbox 1095 3382 1199 3466; x_wconf 83' lang='lat' dir='ltr'><strong>Quam</strong></span> <span class='ocrx_word' id='word_1_443' title='bbox 1213 3387 1335 3448; x_wconf 89' lang='lat' dir='ltr'><strong>tandem</strong></span> <span class='ocrx_word' id='word_1_444' title='bbox 1353 3400 1457 3449; x_wconf 84' lang='lat' dir='ltr'><strong>neotus</strong></span> <span class='ocrx_word' id='word_1_445' title='bbox 1475 3388 1523 3447; x_wconf 82' lang='lat' dir='ltr'><strong>i&#39;ui</strong></span> <span class='ocrx_word' id='word_1_446' title='bbox 1545 3399 1613 3469; x_wconf 89' lang='lat' dir='ltr'><strong>post</strong></span> <span class='ocrx_word' id='word_1_447' title='bbox 1632 3388 1820 3449; x_wconf 86' lang='lat' dir='ltr'><strong>triennium”</strong></span> <span class='ocrx_word' id='word_1_448' title='bbox 1835 3402 1891 3452; x_wconf 91' lang='lat' dir='ltr'><strong>eto.</strong></span> <span class='ocrx_word' id='word_1_449' title='bbox 1942 3387 2016 3470; x_wconf 83' lang='lat' dir='ltr'><strong>Quo</strong></span> <span class='ocrx_word' id='word_1_450' title='bbox 2032 3392 2084 3455; x_wconf 85' lang='lat' dir='ltr'><strong>die</strong></span> 
     </span>
     <span class='ocr_line' id='line_1_32' title="bbox 61 3486 2105 3574; baseline 0 -18"><span class='ocrx_word' id='word_1_451' title='bbox 61 3504 138 3574; x_wconf 77' lang='lat' dir='ltr'><strong>turn,</strong></span> <span class='ocrx_word' id='word_1_452' title='bbox 165 3500 258 3557; x_wconf 87' lang='lat' dir='ltr'><strong>utin</strong></span> <span class='ocrx_word' id='word_1_453' title='bbox 281 3497 364 3554; x_wconf 90' lang='lat' dir='ltr'><strong>omni</strong></span> <span class='ocrx_word' id='word_1_454' title='bbox 384 3514 451 3553; x_wconf 91' lang='lat' dir='ltr'><strong>mea</strong></span> <span class='ocrx_word' id='word_1_455' title='bbox 473 3490 659 3574; x_wconf 82' lang='lat' dir='ltr'><strong>professione</strong></span> <span class='ocrx_word' id='word_1_456' title='bbox 680 3491 758 3551; x_wconf 91' lang='lat' dir='ltr'><strong>nihil</strong></span> <span class='ocrx_word' id='word_1_457' title='bbox 775 3491 882 3551; x_wconf 87' lang='lat' dir='ltr'><strong>ducam</strong></span> <span class='ocrx_word' id='word_1_458' title='bbox 896 3493 1047 3574; x_wconf 86' lang='lat' dir='ltr'><strong>antiquius</strong></span> <span class='ocrx_word' id='word_1_459' title='bbox 1093 3512 1135 3552; x_wconf 91' lang='lat' dir='ltr'><strong>m.</strong></span> <span class='ocrx_word' id='word_1_460' title='bbox 1160 3486 1231 3551; x_wconf 89' lang='lat' dir='ltr'><strong>lulii</strong></span> <span class='ocrx_word' id='word_1_461' title='bbox 1245 3487 1424 3551; x_wconf 75' lang='lat' dir='ltr'><strong>Metaurum</strong></span> <span class='ocrx_word' id='word_1_462' title='bbox 1448 3512 1518 3550; x_wconf 90' lang='lat' dir='ltr'><strong>cum</strong></span> <span class='ocrx_word' id='word_1_463' title='bbox 1539 3495 1601 3551; x_wconf 91' lang='lat' dir='ltr'><strong>suis</strong></span> <span class='ocrx_word' id='word_1_464' title='bbox 1625 3487 1817 3565; x_wconf 67' lang='lat' dir='ltr'><strong>Vitebergam</strong></span> <span class='ocrx_word' id='word_1_465' title='bbox 1838 3492 1976 3572; x_wconf 89' lang='lat' dir='ltr'><strong>redierit,</strong></span> <span class='ocrx_word' id='word_1_466' title='bbox 2003 3506 2105 3558; x_wconf 79' lang='lat' dir='ltr'><strong>oene-</strong></span> 
     </span>
     <span class='ocr_line' id='line_1_33' title="bbox 62 3589 2083 3678; baseline 0 -23"><span class='ocrx_word' id='word_1_467' title='bbox 62 3595 190 3678; x_wconf 83' lang='lat' dir='ltr'><strong>Plrilippi</strong></span> <span class='ocrx_word' id='word_1_468' title='bbox 208 3600 344 3671; x_wconf 75' lang='lat' dir='ltr'><strong>canalo,</strong></span> <span class='ocrx_word' id='word_1_469' title='bbox 377 3597 463 3655; x_wconf 86' lang='lat' dir='ltr'><strong>cuius</strong></span> <span class='ocrx_word' id='word_1_470' title='bbox 484 3594 568 3652; x_wconf 82' lang='lat' dir='ltr'><strong>unius</strong></span> <span class='ocrx_word' id='word_1_471' title='bbox 584 3590 724 3651; x_wconf 86' lang='lat' dir='ltr'><strong>iudicium</strong></span> <span class='ocrx_word' id='word_1_472' title='bbox 746 3602 777 3652; x_wconf 87' lang='lat' dir='ltr'><strong>et</strong></span> <span class='ocrx_word' id='word_1_473' title='bbox 799 3594 956 3653; x_wconf 84' lang='lat' dir='ltr'><strong>autoritas</strong></span> <span class='ocrx_word' id='word_1_474' title='bbox 977 3590 1051 3652; x_wconf 79' lang='lat' dir='ltr'><strong>mitt</strong></span> <span class='ocrx_word' id='word_1_475' title='bbox 1094 3593 1154 3653; x_wconf 91' lang='lat' dir='ltr'><strong>dici</strong></span> <span class='ocrx_word' id='word_1_476' title='bbox 1175 3614 1240 3652; x_wconf 90' lang='lat' dir='ltr'><strong>non</strong></span> <span class='ocrx_word' id='word_1_477' title='bbox 1262 3606 1369 3674; x_wconf 90' lang='lat' dir='ltr'><strong>potest.</strong></span> <span class='ocrx_word' id='word_1_478' title='bbox 1438 3589 1639 3672; x_wconf 78' lang='lat' dir='ltr'><strong>Liiseherum,</strong></span> <span class='ocrx_word' id='word_1_479' title='bbox 1674 3597 1728 3676; x_wconf 88' lang='lat' dir='ltr'><strong>qui</strong></span> <span class='ocrx_word' id='word_1_480' title='bbox 1748 3598 1769 3656; x_wconf 94' lang='lat' dir='ltr'><strong>l.</strong></span> <span class='ocrx_word' id='word_1_481' title='bbox 1790 3617 1816 3656; x_wconf 92' lang='lat' dir='ltr'><strong>c.</strong></span> <span class='ocrx_word' id='word_1_482' title='bbox 1839 3616 1908 3676; x_wconf 85' lang='lat' dir='ltr'><strong>pag.</strong></span> <span class='ocrx_word' id='word_1_483' title='bbox 1929 3598 2001 3664; x_wconf 78' lang='grc'><strong>667</strong></span> <span class='ocrx_word' id='word_1_484' title='bbox 2032 3598 2083 3660; x_wconf 80' lang='lat' dir='ltr'><strong>dis</strong></span> 
     </span>
     <span class='ocr_line' id='line_1_34' title="bbox 64 3691 2088 3780; baseline 0.001 -23"><span class='ocrx_word' id='word_1_485' title='bbox 64 3711 144 3760; x_wconf 85' lang='lat' dir='ltr'><strong>stant</strong></span> <span class='ocrx_word' id='word_1_486' title='bbox 157 3720 216 3780; x_wconf 81' lang='lat' dir='ltr'><strong>pro</strong></span> <span class='ocrx_word' id='word_1_487' title='bbox 231 3696 334 3758; x_wconf 82' lang='lat' dir='ltr'><strong>multis</strong></span> <span class='ocrx_word' id='word_1_488' title='bbox 354 3694 483 3756; x_wconf 71' lang='lat' dir='ltr'><strong>nullibus</strong></span> <span class='ocrx_word' id='word_1_489' title='bbox 501 3692 688 3755; x_wconf 84' lang='lat' dir='ltr'><strong>sordidorum</strong></span> <span class='ocrx_word' id='word_1_490' title='bbox 712 3692 929 3755; x_wconf 79' lang='lat' dir='ltr'><strong>Eooiorum.</strong></span> <span class='ocrx_word' id='word_1_491' title='bbox 983 3692 1046 3755; x_wconf 80' lang='lat' dir='ltr'><strong>Ne-</strong></span> <span class='ocrx_word' id='word_1_492' title='bbox 1093 3692 1188 3756; x_wconf 90' lang='lat' dir='ltr'><strong>XlV.</strong></span> <span class='ocrx_word' id='word_1_493' title='bbox 1207 3718 1249 3756; x_wconf 89' lang='lat' dir='ltr'><strong>m.</strong></span> <span class='ocrx_word' id='word_1_494' title='bbox 1265 3691 1338 3756; x_wconf 90' lang='lat' dir='ltr'><strong>Iulii</strong></span> <span class='ocrx_word' id='word_1_495' title='bbox 1359 3693 1418 3756; x_wconf 89' lang='lat' dir='ltr'><strong>hoc</strong></span> <span class='ocrx_word' id='word_1_496' title='bbox 1439 3696 1552 3756; x_wconf 79' lang='lat' dir='ltr'><strong>iactum</strong></span> <span class='ocrx_word' id='word_1_497' title='bbox 1575 3718 1636 3756; x_wconf 91' lang='lat' dir='ltr'><strong>essa</strong></span> <span class='ocrx_word' id='word_1_498' title='bbox 1659 3702 1817 3777; x_wconf 88' lang='lat' dir='ltr'><strong>opinatur,</strong></span> <span class='ocrx_word' id='word_1_499' title='bbox 1840 3718 1967 3776; x_wconf 86' lang='lat' dir='ltr'><strong>errasse,</strong></span> <span class='ocrx_word' id='word_1_500' title='bbox 1992 3698 2088 3763; x_wconf 75' lang='lat' dir='ltr'><strong>facile·</strong></span> 
     </span>
     <span class='ocr_line' id='line_1_35' title="bbox 64 3789 2081 3881; baseline 0 -19"><span class='ocrx_word' id='word_1_501' title='bbox 64 3822 113 3879; x_wconf 81' lang='lat' dir='ltr'><strong>que</strong></span> <span class='ocrx_word' id='word_1_502' title='bbox 134 3821 182 3862; x_wconf 87' lang='lat' dir='ltr'><strong>me</strong></span> <span class='ocrx_word' id='word_1_503' title='bbox 204 3800 317 3881; x_wconf 82' lang='lat' dir='ltr'><strong>pudet,</strong></span> <span class='ocrx_word' id='word_1_504' title='bbox 344 3801 403 3858; x_wconf 92' lang='lat' dir='ltr'><strong>etsi</strong></span> <span class='ocrx_word' id='word_1_505' title='bbox 424 3799 602 3874; x_wconf 80' lang='lat' dir='ltr'><strong>magistrum</strong></span> <span class='ocrx_word' id='word_1_506' title='bbox 626 3797 758 3875; x_wconf 88' lang='lat' dir='ltr'><strong>ortium,</strong></span> <span class='ocrx_word' id='word_1_507' title='bbox 787 3794 990 3877; x_wconf 78' lang='lat' dir='ltr'><strong>philosophiae</strong></span> <span class='ocrx_word' id='word_1_508' title='bbox 1016 3806 1046 3857; x_wconf 81' lang='lat' dir='ltr'><strong>et</strong></span> <span class='ocrx_word' id='word_1_509' title='bbox 1094 3810 1226 3877; x_wconf 86' lang='lat' dir='ltr'><strong>apparet.</strong></span> <span class='ocrx_word' id='word_1_510' title='bbox 1275 3795 1335 3859; x_wconf 91' lang='lat' dir='ltr'><strong>Die</strong></span> <span class='ocrx_word' id='word_1_511' title='bbox 1358 3802 1439 3858; x_wconf 90' lang='lat' dir='ltr'><strong>enim</strong></span> <span class='ocrx_word' id='word_1_512' title='bbox 1454 3793 1549 3860; x_wconf 83' lang='lat' dir='ltr'><strong>XVI.</strong></span> <span class='ocrx_word' id='word_1_513' title='bbox 1569 3820 1610 3859; x_wconf 84' lang='lat' dir='ltr'><strong>m.</strong></span> <span class='ocrx_word' id='word_1_514' title='bbox 1627 3789 1699 3858; x_wconf 92' lang='lat' dir='ltr'><strong>Iulii</strong></span> <span class='ocrx_word' id='word_1_515' title='bbox 1721 3799 1884 3880; x_wconf 88' lang='lat' dir='ltr'><strong>disputatio</strong></span> <span class='ocrx_word' id='word_1_516' title='bbox 1908 3803 2081 3865; x_wconf 87' lang='lat' dir='ltr'><strong>solemniter</strong></span> 
     </span>
     <span class='ocr_line' id='line_1_36' title="bbox 66 3896 2081 3983; baseline 0 -20"><span class='ocrx_word' id='word_1_517' title='bbox 66 3903 226 3980; x_wconf 73' lang='lat' dir='ltr'><strong>theologiae</strong></span> <span class='ocrx_word' id='word_1_518' title='bbox 251 3915 282 3963; x_wconf 88' lang='lat' dir='ltr'><strong>et</strong></span> <span class='ocrx_word' id='word_1_519' title='bbox 301 3901 431 3962; x_wconf 81' lang='lat' dir='ltr'><strong>omnibus</strong></span> <span class='ocrx_word' id='word_1_520' title='bbox 452 3920 549 3980; x_wconf 87' lang='lat' dir='ltr'><strong>paene</strong></span> <span class='ocrx_word' id='word_1_521' title='bbox 573 3896 600 3956; x_wconf 85' lang='lat' dir='ltr'><strong><em>E</em></strong></span> <span class='ocrx_word' id='word_1_522' title='bbox 605 3901 666 3958; x_wconf 85' lang='lat' dir='ltr'><strong>cci</strong></span> <span class='ocrx_word' id='word_1_523' title='bbox 673 3900 685 3958; x_wconf 91' lang='lat' dir='ltr'><strong>i</strong></span> <span class='ocrx_word' id='word_1_524' title='bbox 711 3898 811 3959; x_wconf 86' lang='lat' dir='ltr'><strong>titulis</strong></span> <span class='ocrx_word' id='word_1_525' title='bbox 832 3901 987 3976; x_wconf 80' lang='lat' dir='ltr'><strong>insignem,</strong></span> <span class='ocrx_word' id='word_1_526' title='bbox 1019 3901 1048 3960; x_wconf 89' lang='lat' dir='ltr'><strong>si</strong></span> <span class='ocrx_word' id='word_1_527' title='bbox 1093 3903 1176 3959; x_wconf 81' lang='lat' dir='ltr'><strong>finita</strong></span> <span class='ocrx_word' id='word_1_528' title='bbox 1203 3911 1257 3960; x_wconf 87' lang='lat' dir='ltr'><strong>est.</strong></span> <span class='ocrx_word' id='word_1_529' title='bbox 1306 3898 1457 3983; x_wconf 88' lang='lat' dir='ltr'><strong>Equidem</strong></span> <span class='ocrx_word' id='word_1_530' title='bbox 1478 3912 1573 3981; x_wconf 90' lang='lat' dir='ltr'><strong>puto,</strong></span> <span class='ocrx_word' id='word_1_531' title='bbox 1600 3897 1828 3981; x_wconf 85' lang='lat' dir='ltr'><strong>Vitebergenses</strong></span> <span class='ocrx_word' id='word_1_532' title='bbox 1852 3903 1881 3963; x_wconf 92' lang='lat' dir='ltr'><strong>d.</strong></span> <span class='ocrx_word' id='word_1_533' title='bbox 1904 3899 2014 3966; x_wconf 79' lang='lat' dir='ltr'><strong>XVtt.</strong></span> <span class='ocrx_word' id='word_1_534' title='bbox 2039 3926 2081 3965; x_wconf 83' lang='lat' dir='ltr'><strong>m.</strong></span> 
     </span>
     <span class='ocr_line' id='line_1_37' title="bbox 66 3997 2077 4082; baseline 0.003 -21"><span class='ocrx_word' id='word_1_535' title='bbox 66 4004 138 4067; x_wconf 75' lang='lat' dir='ltr'><strong>liuius</strong></span> <span class='ocrx_word' id='word_1_536' title='bbox 161 4004 234 4065; x_wconf 82' lang='lat' dir='ltr'><strong>milri</strong></span> <span class='ocrx_word' id='word_1_537' title='bbox 252 4006 487 4082; x_wconf 76' lang='lat' dir='ltr'><strong>grammatutae</strong></span> <span class='ocrx_word' id='word_1_538' title='bbox 508 4002 681 4062; x_wconf 84' lang='lat' dir='ltr'><strong>dissenserit</strong></span> <span class='ocrx_word' id='word_1_539' title='bbox 696 4004 861 4080; x_wconf 72' lang='lat' dir='ltr'><strong>ingenium,</strong></span> <span class='ocrx_word' id='word_1_540' title='bbox 881 4020 944 4061; x_wconf 86' lang='lat' dir='ltr'><strong>meo</strong></span> <span class='ocrx_word' id='word_1_541' title='bbox 960 4022 1046 4062; x_wconf 86' lang='lat' dir='ltr'><strong>seusu</strong></span> <span class='ocrx_word' id='word_1_542' title='bbox 1092 3997 1164 4062; x_wconf 91' lang='lat' dir='ltr'><strong>Iulii</strong></span> <span class='ocrx_word' id='word_1_543' title='bbox 1187 3999 1290 4079; x_wconf 83' lang='lat' dir='ltr'><strong>Lipsia</strong></span> <span class='ocrx_word' id='word_1_544' title='bbox 1313 4005 1428 4063; x_wconf 88' lang='lat' dir='ltr'><strong>abiisse.</strong></span> <span class='ocrx_word' id='word_1_545' title='bbox 1498 3998 1845 4081; x_wconf 83' lang='lat' dir='ltr'><strong>Quaeomninoa.die</strong></span> <span class='ocrx_word' id='word_1_546' title='bbox 1867 4000 2077 4070; x_wconf 80' lang='lat' dir='ltr'><strong>xxV11.m.</strong></span> 
     </span>
     <span class='ocr_line' id='line_1_38' title="bbox 67 4100 2090 4189; baseline -0 -21"><span class='ocrx_word' id='word_1_547' title='bbox 67 4109 172 4170; x_wconf 79' lang='lat' dir='ltr'><strong>tedere.</strong></span> <span class='ocrx_word' id='word_1_548' title='bbox 224 4106 364 4189; x_wconf 79' lang='lat' dir='ltr'><strong>Quodsi</strong></span> <span class='ocrx_word' id='word_1_549' title='bbox 387 4108 506 4184; x_wconf 89' lang='lat' dir='ltr'><strong>saepius</strong></span> <span class='ocrx_word' id='word_1_550' title='bbox 519 4100 587 4187; x_wconf 84' lang='lat' dir='ltr'><strong>seoi</strong></span> <span class='ocrx_word' id='word_1_551' title='bbox 606 4115 638 4164; x_wconf 84' lang='lat' dir='ltr'><strong>et</strong></span> <span class='ocrx_word' id='word_1_552' title='bbox 655 4105 784 4184; x_wconf 84' lang='lat' dir='ltr'><strong>quotidie</strong></span> <span class='ocrx_word' id='word_1_553' title='bbox 799 4100 886 4187; x_wconf 78' lang='lat' dir='ltr'><strong>facio</strong></span> <span class='ocrx_word' id='word_1_554' title='bbox 909 4102 944 4163; x_wconf 81' lang='lat' dir='ltr'><strong>ob</strong></span> <span class='ocrx_word' id='word_1_555' title='bbox 967 4105 1047 4166; x_wconf 85' lang='lat' dir='ltr'><strong>diui-</strong></span> <span class='ocrx_word' id='word_1_556' title='bbox 1095 4102 1175 4164; x_wconf 91' lang='lat' dir='ltr'><strong>lunii</strong></span> <span class='ocrx_word' id='word_1_557' title='bbox 1199 4104 1353 4186; x_wconf 89' lang='lat' dir='ltr'><strong>usquead</strong></span> <span class='ocrx_word' id='word_1_558' title='bbox 1381 4105 1411 4165; x_wconf 94' lang='lat' dir='ltr'><strong>d.</strong></span> <span class='ocrx_word' id='word_1_559' title='bbox 1434 4100 1530 4166; x_wconf 80' lang='lat' dir='ltr'><strong>xvi.</strong></span> <span class='ocrx_word' id='word_1_560' title='bbox 1553 4126 1595 4165; x_wconf 89' lang='lat' dir='ltr'><strong>m.</strong></span> <span class='ocrx_word' id='word_1_561' title='bbox 1621 4101 1693 4165; x_wconf 90' lang='lat' dir='ltr'><strong>lulli</strong></span> <span class='ocrx_word' id='word_1_562' title='bbox 1716 4126 1745 4167; x_wconf 90' lang='lat' dir='ltr'><strong>a.</strong></span> <span class='ocrx_word' id='word_1_563' title='bbox 1773 4108 1867 4173; x_wconf 84' lang='lat'>1619</span> <span class='ocrx_word' id='word_1_564' title='bbox 1895 4103 2090 4168; x_wconf 48' lang='lat' dir='ltr'><strong>carolum-1</strong></span> 
     </span>
     <span class='ocr_line' id='line_1_39' title="bbox 68 4190 2081 4292; baseline -0.001 -21"><span class='ocrx_word' id='word_1_565' title='bbox 68 4210 270 4288; x_wconf 78' lang='lat' dir='ltr'><strong>camdenum,</strong></span> <span class='ocrx_word' id='word_1_566' title='bbox 296 4207 376 4290; x_wconf 84' lang='lat' dir='ltr'><strong>quod</strong></span> <span class='ocrx_word' id='word_1_567' title='bbox 388 4206 473 4269; x_wconf 86' lang='lat' dir='ltr'><strong>Deus</strong></span> <span class='ocrx_word' id='word_1_568' title='bbox 489 4211 519 4265; x_wconf 86' lang='lat' dir='ltr'><strong>in</strong></span> <span class='ocrx_word' id='word_1_569' title='bbox 537 4207 592 4267; x_wconf 81' lang='lat' dir='ltr'><strong>lroa</strong></span> <span class='ocrx_word' id='word_1_570' title='bbox 606 4204 712 4289; x_wconf 84' lang='lat' dir='ltr'><strong>fictile</strong></span> <span class='ocrx_word' id='word_1_571' title='bbox 735 4206 890 4266; x_wconf 82' lang='lat' dir='ltr'><strong>vasculum</strong></span> <span class='ocrx_word' id='word_1_572' title='bbox 910 4203 953 4285; x_wconf 87' lang='lat' dir='ltr'><strong>(E</strong></span> <span class='ocrx_word' id='word_1_573' title='bbox 960 4190 1045 4266; x_wconf 75' lang='lat' dir='ltr'><strong>ocio</strong></span> <span class='ocrx_word' id='word_1_574' title='bbox 1092 4205 1157 4265; x_wconf 89' lang='lat' dir='ltr'><strong>dius</strong></span> <span class='ocrx_word' id='word_1_575' title='bbox 1190 4220 1219 4268; x_wconf 90' lang='lat' dir='ltr'><strong>et</strong></span> <span class='ocrx_word' id='word_1_576' title='bbox 1241 4205 1392 4268; x_wconf 83' lang='lat' dir='ltr'><strong>Lutlrerus</strong></span> <span class='ocrx_word' id='word_1_577' title='bbox 1421 4229 1492 4269; x_wconf 90' lang='lat' dir='ltr'><strong>cum</strong></span> <span class='ocrx_word' id='word_1_578' title='bbox 1517 4204 1629 4267; x_wconf 83' lang='lat' dir='ltr'><strong>Ioanne</strong></span> <span class='ocrx_word' id='word_1_579' title='bbox 1655 4204 1771 4284; x_wconf 80' lang='lat' dir='ltr'><strong>Meyer</strong></span> <span class='ocrx_word' id='word_1_580' title='bbox 1793 4228 1849 4267; x_wconf 86' lang='lat' dir='ltr'><strong>uon</strong></span> <span class='ocrx_word' id='word_1_581' title='bbox 1870 4206 1935 4270; x_wconf 71' lang='lat' dir='ltr'><strong>Eat</strong></span> <span class='ocrx_word' id='word_1_582' title='bbox 1955 4205 2081 4292; x_wconf 85' lang='lat' dir='ltr'><strong>Lipsiae</strong></span> 
     </span>
     <span class='ocr_line' id='line_1_40' title="bbox 70 4294 2080 4391; baseline 0.001 -18"><span class='ocrx_word' id='word_1_583' title='bbox 70 4315 174 4389; x_wconf 83' lang='lat' dir='ltr'><strong>quidem</strong></span> <span class='ocrx_word' id='word_1_584' title='bbox 194 4309 408 4387; x_wconf 78' lang='lat' dir='ltr'><strong>contemtibile)</strong></span> <span class='ocrx_word' id='word_1_585' title='bbox 433 4310 525 4385; x_wconf 76' lang='lat' dir='ltr'><strong>larga</strong></span> <span class='ocrx_word' id='word_1_586' title='bbox 550 4310 749 4370; x_wconf 82' lang='lat' dir='ltr'><strong>berrediotione</strong></span> <span class='ocrx_word' id='word_1_587' title='bbox 774 4307 896 4391; x_wconf 72' lang='lat' dir='ltr'><strong>infudit.</strong></span> <span class='ocrx_word' id='word_1_588' title='bbox 948 4308 1044 4368; x_wconf 82' lang='lat' dir='ltr'><strong>Piri-</strong></span> <span class='ocrx_word' id='word_1_589' title='bbox 1092 4309 1299 4390; x_wconf 89' lang='lat' dir='ltr'><strong>disputarunt,</strong></span> <span class='ocrx_word' id='word_1_590' title='bbox 1351 4307 1386 4371; x_wconf 81' lang='lat' dir='ltr'><strong>V.</strong></span> <span class='ocrx_word' id='word_1_591' title='bbox 1421 4306 1455 4370; x_wconf 80' lang='lat'><strong>1..</strong></span> <span class='ocrx_word' id='word_1_592' title='bbox 1492 4326 1514 4367; x_wconf 91' lang='lat' dir='ltr'><strong>a</strong></span> <span class='ocrx_word' id='word_1_593' title='bbox 1548 4306 1739 4390; x_wconf 80' lang='lat' dir='ltr'><strong>Seolteudors</strong></span> <span class='ocrx_word' id='word_1_594' title='bbox 1771 4315 1803 4370; x_wconf 93' lang='lat' dir='ltr'><strong>iu</strong></span> <span class='ocrx_word' id='word_1_595' title='bbox 1835 4294 1978 4374; x_wconf 82' lang='lat' dir='ltr'><strong>historias</strong></span> <span class='ocrx_word' id='word_1_596' title='bbox 2010 4306 2080 4375; x_wconf 81' lang='lat' dir='ltr'><strong>Lu-</strong></span> 
     </span>
     <span class='ocr_line' id='line_1_41' title="bbox 70 4409 2080 4496; baseline 0.002 -24"><span class='ocrx_word' id='word_1_597' title='bbox 70 4413 204 4495; x_wconf 84' lang='lat' dir='ltr'><strong>lippum</strong></span> <span class='ocrx_word' id='word_1_598' title='bbox 232 4435 294 4474; x_wconf 84' lang='lat' dir='ltr'><strong>¹nou</strong></span> <span class='ocrx_word' id='word_1_599' title='bbox 324 4413 436 4490; x_wconf 87' lang='lat' dir='ltr'><strong>laudo,</strong></span> <span class='ocrx_word' id='word_1_600' title='bbox 471 4424 620 4471; x_wconf 84' lang='lat' dir='ltr'><strong>creatura</strong></span> <span class='ocrx_word' id='word_1_601' title='bbox 647 4424 694 4473; x_wconf 87' lang='lat' dir='ltr'><strong>est</strong></span> <span class='ocrx_word' id='word_1_602' title='bbox 716 4411 790 4490; x_wconf 75' lang='lat' dir='ltr'><strong>Det,</strong></span> <span class='ocrx_word' id='word_1_603' title='bbox 821 4425 850 4473; x_wconf 86' lang='lat' dir='ltr'><strong>et</strong></span> <span class='ocrx_word' id='word_1_604' title='bbox 872 4409 964 4489; x_wconf 80' lang='lat' dir='ltr'><strong>nihil,</strong></span> <span class='ocrx_word' id='word_1_605' title='bbox 992 4412 1046 4473; x_wconf 84' lang='lat' dir='ltr'><strong>sed</strong></span> <span class='ocrx_word' id='word_1_606' title='bbox 1092 4413 1168 4474; x_wconf 86' lang='lat' dir='ltr'><strong>ther.</strong></span> <span class='ocrx_word' id='word_1_607' title='bbox 1190 4410 1285 4473; x_wconf 89' lang='lat' dir='ltr'><strong>Libro</strong></span> <span class='ocrx_word' id='word_1_608' title='bbox 1302 4409 1328 4473; x_wconf 90' lang='lat' dir='ltr'><strong>l.</strong></span> <span class='ocrx_word' id='word_1_609' title='bbox 1351 4434 1418 4494; x_wconf 88' lang='lat' dir='ltr'><strong>pag.</strong></span> <span class='ocrx_word' id='word_1_610' title='bbox 1436 4417 1483 4477; x_wconf 76' lang='lat'><strong>72</strong></span> <span class='ocrx_word' id='word_1_611' title='bbox 1500 4434 1601 4496; x_wconf 77' lang='lat' dir='ltr'><strong>seqq,</strong></span> <span class='ocrx_word' id='word_1_612' title='bbox 1627 4409 1794 4473; x_wconf 78' lang='lat' dir='ltr'><strong>Lisolrerus</strong></span> <span class='ocrx_word' id='word_1_613' title='bbox 1810 4418 1842 4474; x_wconf 91' lang='lat' dir='ltr'><strong>in</strong></span> <span class='ocrx_word' id='word_1_614' title='bbox 1854 4410 1960 4476; x_wconf 88' lang='lat' dir='ltr'><strong>T.Ill.</strong></span> <span class='ocrx_word' id='word_1_615' title='bbox 1977 4411 2080 4477; x_wconf 82' lang='lat' dir='ltr'><strong>Acto-</strong></span> 
     </span>
     <span class='ocr_line' id='line_1_42' title="bbox 71 4488 2078 4598; baseline -0.001 -20"><span class='ocrx_word' id='word_1_616' title='bbox 71 4534 127 4593; x_wconf 78' lang='lat' dir='ltr'><strong>tpus</strong></span> <span class='ocrx_word' id='word_1_617' title='bbox 148 4518 207 4579; x_wconf 83' lang='lat' dir='ltr'><strong>Dei</strong></span> <span class='ocrx_word' id='word_1_618' title='bbox 232 4520 289 4576; x_wconf 90' lang='lat' dir='ltr'><strong>mei</strong></span> <span class='ocrx_word' id='word_1_619' title='bbox 303 4521 332 4575; x_wconf 87' lang='lat' dir='ltr'><strong>iu</strong></span> <span class='ocrx_word' id='word_1_620' title='bbox 351 4519 414 4593; x_wconf 92' lang='lat' dir='ltr'><strong>ipso</strong></span> <span class='ocrx_word' id='word_1_621' title='bbox 429 4502 581 4577; x_wconf 83' lang='lat' dir='ltr'><strong>veneror.’&#39;</strong></span> <span class='ocrx_word' id='word_1_622' title='bbox 627 4512 702 4576; x_wconf 91' lang='lat' dir='ltr'><strong>Vid.</strong></span> <span class='ocrx_word' id='word_1_623' title='bbox 719 4529 748 4576; x_wconf 88' lang='lat' dir='ltr'><strong>et</strong></span> <span class='ocrx_word' id='word_1_624' title='bbox 762 4512 971 4574; x_wconf 80' lang='lat' dir='ltr'><strong>Camerarium</strong></span> <span class='ocrx_word' id='word_1_625' title='bbox 986 4518 1045 4579; x_wconf 87' lang='lat' dir='ltr'><strong>l.c.</strong></span> <span class='ocrx_word' id='word_1_626' title='bbox 1091 4536 1160 4574; x_wconf 90' lang='lat' dir='ltr'><strong>rum</strong></span> <span class='ocrx_word' id='word_1_627' title='bbox 1174 4527 1204 4574; x_wconf 89' lang='lat' dir='ltr'><strong>et</strong></span> <span class='ocrx_word' id='word_1_628' title='bbox 1220 4513 1402 4577; x_wconf 89' lang='lat' dir='ltr'><strong>documentt.</strong></span> <span class='ocrx_word' id='word_1_629' title='bbox 1419 4511 1555 4575; x_wconf 78' lang='lat' dir='ltr'><strong>Reform.</strong></span> <span class='ocrx_word' id='word_1_630' title='bbox 1575 4509 1678 4595; x_wconf 90' lang='lat' dir='ltr'><strong>(Lips.</strong></span> <span class='ocrx_word' id='word_1_631' title='bbox 1698 4519 1805 4581; x_wconf 79' lang='lat'><strong>1729.</strong></span> <span class='ocrx_word' id='word_1_632' title='bbox 1823 4516 1914 4598; x_wconf 67' lang='lat' dir='ltr'><strong>ito),</strong></span> <span class='ocrx_word' id='word_1_633' title='bbox 1948 4513 1991 4579; x_wconf 84' lang='lat' dir='ltr'><strong>K.</strong></span> <span class='ocrx_word' id='word_1_634' title='bbox 2006 4488 2078 4581; x_wconf 59' lang='lat' dir='ltr'><strong>uto.</strong></span> 
     </span>
     <span class='ocr_line' id='line_1_43' title="bbox 10 4612 2079 4700; baseline 0.002 -22"><span class='ocrx_word' id='word_1_635' title='bbox 10 4638 15 4699; x_wconf 59' lang='grc' dir='ltr'><strong>ἱ</strong></span> <span class='ocrx_word' id='word_1_636' title='bbox 72 4640 126 4700; x_wconf 88' lang='lat' dir='ltr'><strong>pag.</strong></span> <span class='ocrx_word' id='word_1_637' title='bbox 141 4627 199 4689; x_wconf 76' lang='grc'><strong>37.</strong></span> <span class='ocrx_word' id='word_1_638' title='bbox 252 4616 299 4680; x_wconf 89' lang='lat' dir='ltr'><strong>Ita</strong></span> <span class='ocrx_word' id='word_1_639' title='bbox 312 4619 386 4678; x_wconf 87' lang='lat' dir='ltr'><strong>haec</strong></span> <span class='ocrx_word' id='word_1_640' title='bbox 403 4619 565 4698; x_wconf 89' lang='lat' dir='ltr'><strong>disputatio</strong></span> <span class='ocrx_word' id='word_1_641' title='bbox 581 4630 612 4677; x_wconf 89' lang='lat' dir='ltr'><strong>et</strong></span> <span class='ocrx_word' id='word_1_642' title='bbox 628 4638 697 4678; x_wconf 85' lang='lat' dir='ltr'><strong>ansa</strong></span> <span class='ocrx_word' id='word_1_643' title='bbox 716 4616 775 4679; x_wconf 81' lang='lat' dir='ltr'><strong>tuit</strong></span> <span class='ocrx_word' id='word_1_644' title='bbox 797 4621 945 4677; x_wconf 86' lang='lat' dir='ltr'><strong>amicitiae</strong></span> <span class='ocrx_word' id='word_1_645' title='bbox 965 4640 1045 4678; x_wconf 88' lang='lat' dir='ltr'><strong>sem·</strong></span> <span class='ocrx_word' id='word_1_646' title='bbox 1090 4613 1288 4696; x_wconf 76' lang='lat' dir='ltr'><strong>Hoj&#39;maun&#39;in</strong></span> <span class='ocrx_word' id='word_1_647' title='bbox 1304 4619 1401 4682; x_wconf 83' lang='lat' dir='ltr'><strong>libro:</strong></span> <span class='ocrx_word' id='word_1_648' title='bbox 1428 4612 2013 4698; x_wconf 76' lang='lat' dir='ltr'><strong>„AualiihrlRelbrmationsgesohichte</strong></span> <span class='ocrx_word' id='word_1_649' title='bbox 2026 4620 2079 4683; x_wconf 79' lang='lat' dir='ltr'><strong>der</strong></span> 
     </span>
     <span class='ocr_line' id='line_1_44' title="bbox 10 4710 2113 4804; baseline 0 -24"><span class='ocrx_word' id='word_1_650' title='bbox 10 4710 14 4793; x_wconf 67' lang='lat'><strong>,¹</strong></span> <span class='ocrx_word' id='word_1_651' title='bbox 73 4728 185 4799; x_wconf 86' lang='lat' dir='ltr'><strong>pitemae</strong></span> <span class='ocrx_word' id='word_1_652' title='bbox 208 4727 286 4783; x_wconf 89' lang='lat' dir='ltr'><strong>inter</strong></span> <span class='ocrx_word' id='word_1_653' title='bbox 303 4717 527 4780; x_wconf 80' lang='lat' dir='ltr'><strong>Melanttomm</strong></span> <span class='ocrx_word' id='word_1_654' title='bbox 549 4732 579 4781; x_wconf 88' lang='lat' dir='ltr'><strong>et</strong></span> <span class='ocrx_word' id='word_1_655' title='bbox 596 4716 824 4798; x_wconf 77' lang='lat' dir='ltr'><strong>Camerarium,</strong></span> <span class='ocrx_word' id='word_1_656' title='bbox 852 4723 904 4804; x_wconf 93' lang='lat' dir='ltr'><strong>qui</strong></span> <span class='ocrx_word' id='word_1_657' title='bbox 926 4719 983 4781; x_wconf 89' lang='lat' dir='ltr'><strong>hac</strong></span> <span class='ocrx_word' id='word_1_658' title='bbox 1006 4720 1043 4781; x_wconf 94' lang='lat' dir='ltr'><strong>de</strong></span> <span class='ocrx_word' id='word_1_659' title='bbox 1091 4716 1179 4780; x_wconf 89' lang='lat' dir='ltr'><strong>Stadt</strong></span> <span class='ocrx_word' id='word_1_660' title='bbox 1199 4719 1263 4778; x_wconf 90' lang='lat' dir='ltr'><strong>und</strong></span> <span class='ocrx_word' id='word_1_661' title='bbox 1286 4717 1468 4781; x_wconf 81' lang='lat' dir='ltr'><strong>Universitiit</strong></span> <span class='ocrx_word' id='word_1_662' title='bbox 1489 4714 1617 4800; x_wconf 89' lang='lat' dir='ltr'><strong>Leipzig</strong></span> <span class='ocrx_word' id='word_1_663' title='bbox 1625 4714 1642 4741; x_wconf 91' lang='lat'><strong>’&#39;</strong></span> <span class='ocrx_word' id='word_1_664' title='bbox 1668 4713 1791 4800; x_wconf 84' lang='lat' dir='ltr'><strong>(Leipz.</strong></span> <span class='ocrx_word' id='word_1_665' title='bbox 1808 4725 1916 4787; x_wconf 78' lang='lat'><strong>1739.</strong></span> <span class='ocrx_word' id='word_1_666' title='bbox 1941 4722 2022 4804; x_wconf 80' lang='lat' dir='ltr'><strong>8vo)</strong></span> <span class='ocrx_word' id='word_1_667' title='bbox 2047 4735 2079 4784; x_wconf 87' lang='lat' dir='ltr'><strong>et</strong></span> <span class='ocrx_word' id='word_1_668' title='bbox 2110 4776 2113 4781; x_wconf 25' lang='lat'><strong>⁴</strong></span> 
     </span>
     <span class='ocr_line' id='line_1_45' title="bbox 10 4812 2076 4923; baseline 0 -41"><span class='ocrx_word' id='word_1_669' title='bbox 10 4812 15 4923; x_wconf 62' lang='lat'><strong>²,</strong></span> <span class='ocrx_word' id='word_1_670' title='bbox 74 4828 164 4887; x_wconf 81' lang='lat' dir='ltr'><strong>telo.</strong></span> <span class='ocrx_word' id='word_1_671' title='bbox 179 4848 211 4908; x_wconf 85' lang='lat' dir='ltr'><strong>p.</strong></span> <span class='ocrx_word' id='word_1_672' title='bbox 232 4830 279 4892; x_wconf 78' lang='grc'><strong>86</strong></span> <span class='ocrx_word' id='word_1_673' title='bbox 298 4824 373 4884; x_wconf 88' lang='lat' dir='ltr'><strong>haec</strong></span> <span class='ocrx_word' id='word_1_674' title='bbox 387 4835 504 4884; x_wconf 90' lang='lat' dir='ltr'><strong>narrat:</strong></span> <span class='ocrx_word' id='word_1_675' title='bbox 535 4821 631 4901; x_wconf 88' lang='lat' dir='ltr'><strong>„Hoc</strong></span> <span class='ocrx_word' id='word_1_676' title='bbox 647 4835 765 4903; x_wconf 84' lang='lat' dir='ltr'><strong>tempus</strong></span> <span class='ocrx_word' id='word_1_677' title='bbox 781 4826 965 4883; x_wconf 86' lang='lat' dir='ltr'><strong>occasionem</strong></span> <span class='ocrx_word' id='word_1_678' title='bbox 989 4822 1043 4883; x_wconf 89' lang='lat' dir='ltr'><strong>de·</strong></span> <span class='ocrx_word' id='word_1_679' title='bbox 1093 4818 1410 4883; x_wconf 79' lang='lat' dir='ltr'><strong>WalolriusinLuth.</strong></span> <span class='ocrx_word' id='word_1_680' title='bbox 1428 4842 1500 4902; x_wconf 94' lang='lat' dir='ltr'><strong>opp.</strong></span> <span class='ocrx_word' id='word_1_681' title='bbox 1516 4821 1563 4881; x_wconf 87' lang='lat' dir='ltr'><strong>ed.</strong></span> <span class='ocrx_word' id='word_1_682' title='bbox 1580 4819 1618 4882; x_wconf 89' lang='lat' dir='ltr'><strong>T.</strong></span> <span class='ocrx_word' id='word_1_683' title='bbox 1633 4818 1711 4882; x_wconf 88' lang='lat' dir='ltr'><strong>XV.</strong></span> <span class='ocrx_word' id='word_1_684' title='bbox 1735 4843 1804 4902; x_wconf 89' lang='lat' dir='ltr'><strong>pag.</strong></span> <span class='ocrx_word' id='word_1_685' title='bbox 1823 4822 2076 4891; x_wconf 72' lang='lat'><strong>954-1637.</strong></span> 
     </span>
     <span class='ocr_line' id='line_1_46' title="bbox 75 4924 2074 5008; baseline 0 -23"><span class='ocrx_word' id='word_1_686' title='bbox 75 4924 107 4985; x_wconf 86' lang='lat' dir='ltr'><strong>ttt</strong></span> <span class='ocrx_word' id='word_1_687' title='bbox 130 4932 253 4990; x_wconf 87' lang='lat' dir='ltr'><strong>notitiae</strong></span> <span class='ocrx_word' id='word_1_688' title='bbox 281 4939 418 5003; x_wconf 89' lang='lat' dir='ltr'><strong>nostrae,</strong></span> <span class='ocrx_word' id='word_1_689' title='bbox 465 4945 540 5008; x_wconf 89' lang='lat' dir='ltr'><strong>quae</strong></span> <span class='ocrx_word' id='word_1_690' title='bbox 574 4928 787 4986; x_wconf 81' lang='lat' dir='ltr'><strong>oonitmctione</strong></span> <span class='ocrx_word' id='word_1_691' title='bbox 818 4924 1043 4987; x_wconf 86' lang='lat' dir='ltr'><strong>necessitudinis</strong></span> <span class='ocrx_word' id='word_1_692' title='bbox 1089 4938 1150 4986; x_wconf 90' lang='lat' dir='ltr'><strong>tam</strong></span> <span class='ocrx_word' id='word_1_693' title='bbox 1172 4928 1260 5006; x_wconf 89' lang='lat' dir='ltr'><strong>plene</strong></span> <span class='ocrx_word' id='word_1_694' title='bbox 1285 4947 1317 4987; x_wconf 90' lang='lat' dir='ltr'><strong>ac</strong></span> <span class='ocrx_word' id='word_1_695' title='bbox 1340 4926 1497 5006; x_wconf 86' lang='lat' dir='ltr'><strong>diligenter</strong></span> <span class='ocrx_word' id='word_1_696' title='bbox 1520 4935 1741 5004; x_wconf 88' lang='lat' dir='ltr'><strong>exposuerunt,</strong></span> <span class='ocrx_word' id='word_1_697' title='bbox 1778 4936 1812 4984; x_wconf 90' lang='lat' dir='ltr'><strong>ut</strong></span> <span class='ocrx_word' id='word_1_698' title='bbox 1835 4924 1898 4983; x_wconf 82' lang='lat' dir='ltr'><strong>fere</strong></span> <span class='ocrx_word' id='word_1_699' title='bbox 1919 4924 1999 4985; x_wconf 85' lang='lat' dir='ltr'><strong>nihil</strong></span> <span class='ocrx_word' id='word_1_700' title='bbox 2018 4925 2074 4985; x_wconf 84' lang='lat' dir='ltr'><strong>ad-</strong></span> 
     </span>
     <span class='ocr_line' id='line_1_47' title="bbox 76 5026 2075 5117; baseline 0.001 -30"><span class='ocrx_word' id='word_1_701' title='bbox 76 5026 159 5092; x_wconf 83' lang='lat' dir='ltr'><strong>deinde</strong></span> <span class='ocrx_word' id='word_1_702' title='bbox 172 5034 304 5093; x_wconf 78' lang='lat' dir='ltr'><strong>eximiae</strong></span> <span class='ocrx_word' id='word_1_703' title='bbox 319 5034 414 5103; x_wconf 79' lang='lat' dir='ltr'><strong>aucta,</strong></span> <span class='ocrx_word' id='word_1_704' title='bbox 434 5031 582 5117; x_wconf 84' lang='lat' dir='ltr'><strong>amicitiae</strong></span> <span class='ocrx_word' id='word_1_705' title='bbox 596 5030 714 5109; x_wconf 88' lang='lat' dir='ltr'><strong>peperit</strong></span> <span class='ocrx_word' id='word_1_706' title='bbox 729 5031 930 5088; x_wconf 87' lang='lat' dir='ltr'><strong>memorabilis</strong></span> <span class='ocrx_word' id='word_1_707' title='bbox 944 5049 1041 5105; x_wconf 79' lang='lat' dir='ltr'><strong>veum,</strong></span> <span class='ocrx_word' id='word_1_708' title='bbox 1088 5029 1215 5088; x_wconf 91' lang='lat' dir='ltr'><strong>modum</strong></span> <span class='ocrx_word' id='word_1_709' title='bbox 1229 5031 1285 5106; x_wconf 89' lang='lat' dir='ltr'><strong>sit,</strong></span> <span class='ocrx_word' id='word_1_710' title='bbox 1310 5049 1370 5111; x_wconf 89' lang='lat' dir='ltr'><strong>qno</strong></span> <span class='ocrx_word' id='word_1_711' title='bbox 1385 5028 1510 5088; x_wconf 88' lang='lat' dir='ltr'><strong>historia</strong></span> <span class='ocrx_word' id='word_1_712' title='bbox 1527 5027 1737 5108; x_wconf 89' lang='lat' dir='ltr'><strong>disputationis</strong></span> <span class='ocrx_word' id='word_1_713' title='bbox 1750 5028 1893 5086; x_wconf 88' lang='lat' dir='ltr'><strong>illustrari</strong></span> <span class='ocrx_word' id='word_1_714' title='bbox 1907 5037 1986 5087; x_wconf 84' lang='lat' dir='ltr'><strong>recto</strong></span> <span class='ocrx_word' id='word_1_715' title='bbox 2001 5047 2075 5107; x_wconf 83' lang='lat' dir='ltr'><strong>pos-</strong></span> 
     </span>
     <span class='ocr_line' id='line_1_48' title="bbox 77 5119 1240 5216; baseline -0.005 -22"><span class='ocrx_word' id='word_1_716' title='bbox 77 5147 145 5209; x_wconf 77' lang='lat' dir='ltr'><strong>quam</strong></span> <span class='ocrx_word' id='word_1_717' title='bbox 158 5148 189 5196; x_wconf 82' lang='lat' dir='ltr'><strong>rt</strong></span> <span class='ocrx_word' id='word_1_718' title='bbox 204 5154 316 5216; x_wconf 87' lang='lat' dir='ltr'><strong>spero,</strong></span> <span class='ocrx_word' id='word_1_719' title='bbox 338 5133 494 5212; x_wconf 89' lang='lat' dir='ltr'><strong>posteritas</strong></span> <span class='ocrx_word' id='word_1_720' title='bbox 508 5130 571 5191; x_wconf 86' lang='lat' dir='ltr'><strong>non</strong></span> <span class='ocrx_word' id='word_1_721' title='bbox 585 5134 756 5213; x_wconf 81' lang='lat' dir='ltr'><strong>ignoratum</strong></span> <span class='ocrx_word' id='word_1_722' title='bbox 773 5119 825 5192; x_wconf 85' lang='lat' dir='ltr'><strong>est.</strong></span> <span class='ocrx_word' id='word_1_723' title='bbox 852 5126 954 5211; x_wconf 25' lang='lat' dir='ltr'><strong>,Nam</strong></span> <span class='ocrx_word' id='word_1_724' title='bbox 972 5146 1042 5191; x_wconf 85' lang='lat' dir='ltr'><strong>eum</strong></span> <span class='ocrx_word' id='word_1_725' title='bbox 1089 5134 1137 5191; x_wconf 88' lang='lat' dir='ltr'><strong>sit.</strong></span> <span class='ocrx_word' id='word_1_726' title='bbox 1187 5128 1240 5210; x_wconf 85' lang='lat' dir='ltr'><strong>F.)</strong></span> 
     </span>
    </p>
   </div>
   <div class='ocr_carea' id='block_1_3' title="bbox 1944 5294 2136 5415">
    <p class='ocr_par' dir='ltr' id='par_1_3' title="bbox 1944 5294 2136 5415">
     <span class='ocr_line' id='line_1_49' title="bbox 1944 5294 2136 5415; baseline 0.042 -9"><span class='ocrx_word' id='word_1_727' title='bbox 1944 5294 2096 5408; x_wconf 56' lang='grc' dir='ltr'><strong>’Ἀ</strong></span> <span class='ocrx_word' id='word_1_728' title='bbox 2132 5404 2136 5415; x_wconf 82' lang='grc'><strong>,</strong></span> 
     </span>
    </p>
   </div>
   <div class='ocr_carea' id='block_1_4' title="bbox 0 0 2270 5780">
    <p class='ocr_par' dir='ltr' id='par_1_4' title="bbox 0 0 2270 5780">
     <span class='ocr_line' id='line_1_50' title="bbox 0 0 2270 5780; baseline 0 0"><span class='ocrx_word' id='word_1_729' title='bbox 0 0 2270 5780; x_wconf 95' lang='lat' dir='ltr'><strong> </strong></span> 
     </span>
    </p>
   </div>
  </div>
 </body>
</html>
