4500 5782
168 228 245 305 ess
758 206 1197 290 srrsronasuu
1237 210 1345 292 me.
1372 210 1422 291 u
1482 210 1612 291 esso
1934 262 1940 275 .
2124 218 2206 295 m

169 408 241 483 Sed
259 392 539 475 animaturlorte
553 388 756 461 Solomonis
769 387 976 480 proverbio,
1002 386 1099 481 qnod
1120 384 1160 453 in
1210 386 1293 458 stoli
1315 386 1648 481 praescripserunt?
1696 384 1835 459 Verum
1867 390 2089 463 sacrosancta
2113 386 2207 465 lm

169 523 269 585 coetu
285 501 479 596 gigantium
493 496 611 564 virum
627 491 728 560 illum
737 502 1038 559 commoraturum
1051 512 1161 581 spon·
1211 504 1316 583 atque
1330 490 1453 561 divina
1468 492 1612 577 serrem,
1627 512 1674 561 ne
1689 490 1730 560 in
1743 486 1972 585 prophanum
1986 492 2116 584 ψ
2130 496 2207 565 ug·

168 617 245 695 rlet,
286 602 410 701 quiin
433 600 490 669 via
513 595 696 665 doetrinae
719 592 889 661 erraverit
920 592 1030 661 etita
1060 590 1161 683 quasi
1210 605 1353 663 tentet
1378 594 1626 664 amaracinum·
1641 592 1766 663 suibus
1784 590 2204 680 offmemrsrchffim

167 734 262 787 unns
287 732 328 777 er
351 703 423 773 illis
445 722 566 771 omnes
587 694 769 768 Romanos
788 708 830 767 ut
852 714 982 786 parvos
1002 692 1161 784 despicit,
1212 694 1359 788 quidem
1382 694 1563 787 Apostolis
1592 708 1699 789 atque
1726 696 1809 765 illos
1838 696 2100 768 sucrum-ihm
2122 698 2206 771 fi„

169 811 365 891 carnifices,
385 800 597 883 homicidas,
619 812 804 893 tyrannos,
828 796 936 865 modo
955 794 1161 864 effoemina-
1211 819 1298 866 voce
1311 794 1492 867 'credimus
1509 796 1709 870 tradidisse.
1761 800 1858 890 qnod
1877 812 2001 869 autem
2009 820 2107 871 reru
2123 800 2204 871 dios

169 934 224 991 tos
254 927 289 984 et
316 930 446 1003 pucros
476 901 653 973 dictitans.
715 896 1032 968 verumenimvero
1054 891 1161 987 (mihi
1212 922 1254 967 ex
1271 898 1357 991 ipsis
1369 898 1510 989 legibus
1526 899 1687 973 audiatis.
1738 896 1913 973 LEGES.
1952 898 2078 989 Qum
2098 902 2207 991 ipim

158 1019 303 1098 ,medam
318 1002 514 1100 Martios)
531 1003 576 1073 ab
592 1002 700 1071 rmius
714 1001 816 1091 pueri
831 998 1046 1067 militaribus
1065 998 1161 1066 inas-
1213 1001 1262 1071 ita
1288 1022 1324 1069 se
1348 1022 1404 1070 res
1430 996 1577 1086 habeat,
1607 1024 1672 1071 cur
1694 1024 1772 1070 non
1795 1024 1839 1071 ex
1862 1002 1988 1071 eodem
2007 1004 2206 1092 gratiam

169 1120 261 1193 sueti
281 1113 388 1185 armis
412 1108 524 1179 sucida
545 1118 579 1173 et
598 1104 715 1197 lapide
731 1100 965 1193 prosterneris
991 1114 1026 1169 et
1047 1100 1160 1172 cades.
1212 1100 1375 1173 omnium
1402 1102 1495 1173 mari
1526 1102 1719 1196 eademque
1734 1100 1923 1173 'Ecclesiae
1953 1104 2041 1173 nari
2065 1106 2204 1199 predo.

169 1221 290 1295 llolitc
307 1204 744 1305 igitur,·viriGcrrnani,si
759 1216 967 1295 vosspretae
979 1200 1161 1293 religionis
1213 1228 1270 1273 sao
1289 1205 1336 1273 ad
1356 1227 1423 1275 nos
1438 1202 1743 1293 Indulgentiarum
1755 1204 1900 1275 ¹merces
1921 1204 2091 1277 edem
2101 1206 2205 1281 sint?

169 1320 378 1395 insimulant
398 1311 526 1405 aliqui,
552 1309 583 1376 si
597 1310 642 1377 de
657 1306 761 1376 vobis
782 1319 937 1374 caeterae
957 1305 1163 1398 obloquuu-
1212 1304 1423 1377 Plenissimo
1437 1306 1532 1375 enim
1542 1306 1745 1377 testimonio
1760 1304 1914 1397 Magnus
1926 1302 2127 1397 fingam
2139 1332 2203 1381 ω,

170 1442 230 1499 tur
252 1420 430 1500 nationes,
456 1415 493 1483 in
515 1411 625 1480 alium
638 1407 755 1503 ‘quam
776 1408 815 1475 in
837 1400 1018 1476 Laterum
1042 1404 1162 1475 crimi-
1212 1407 1268 1476 bis
1283 1430 1358 1477 esse
1371 1408 1589 1502 poterit-qui
1602 1408 1847 1478 celeberrimas
1863 1407 1965 1478 urbis
1978 1406 2120 1481 Romae
2133 1424 2203 1481 sta.

171 1529 228 1599 nis
270 1519 379 1592 huius
425 1536 565 1585 causam
607 1510 866 1582 transfundere.
943 1505 1022 1599 lpse
1066 1506 1162 1574 enim
1213 1510 1327 1579 tiones
1349 1509 1529 1596 distinxit,
1553 1532 1704 1601 qsrarum
1725 1533 1873 1580 munere
1895 1506 2203 1583 sPaschasioNi.

40 1618 43 1623 .
171 1627 333 1701 omnium
345 1642 463 1690 semen
479 1613 612 1684 exsistit
626 1627 661 1681 et
673 1611 785 1701 origo.
834 1609 1007 1682 Germani
1022 1604 1163 1701 (dicunt
1213 1612 1334 1692 colao,
1373 1608 1486 1706 Xysto
1518 1612 1668 1705 aliisque
1683 1608 1919 1683 'Pontificibus
1941 1609 2113 1683 Maximis
2126 1636 2203 1705 sp.

171 1732 260 1803 aliae
276 1720 413 1817 gentes)
426 1716 609 1807 religionis
624 1711 1162 1783 existimationem-imminuunt.
1213 1714 1361 1806 probato
1385 1727 1559 1807 auctoque
1583 1726 1619 1781 et
1640 1714 1800 1783 viventes
1819 1726 1856 1783 et
1868 1714 1941 1782 vita
1959 1714 2105 1785 iunctos
2118 1736 2203 1809 pun·

168 1830 253 1909 Non
274 1839 325 1897 est
347 1824 416 1905 sic,
446 1844 533 1892 non.
576 1810 773 1885 Martinus
793 1813 984 1885 imminuit
1036 1810 1162 1881 Nonne
1208 1814 1358 1906 -gatoriis
1373 1814 1510 1885 absolui
1524 1814 1649 1905 poenis
1663 1814 1713 1883 ita
1725 1815 1783 1907 pie
1796 1826 1976 1906 receptum
1990 1829 2054 1901 eat,
2073 1828 2202 1887 urm

45 1988 48 1993 -
171 1954 308 2005 errores
323 1921 516 2018 spargunt?
535 1942 622 1990 non.
673 1914 815 2009 Spargis
828 1909 1037 1986 Martinus.
1087 1912 1164 1983 No-
1212 1917 1285 1985 nisi
1304 1914 1480 1987 maximae
1503 1916 1693 2009 impietatis
1714 1937 1789 1985 esse
1809 1916 1939 2008 possit',
1977 1912 2204 1989 abdue-tm

171 2059 232 2106 vas
248 2055 337 2102 num
352 2039 461 2096 sectas
479 2016 679 2091 inducunt?
704 2041 790 2090 non.
841 2011 1037 2085 Martinus
1056 2015 1163 2083 indu·
1214 2018 1359 2113 antiqua
1397 2030 1567 2111 tantoque
1594 2040 1635 2088 nc
1668 2031 1741 2087 nm
1761 2018 1874 2107 longo
1900 2013 2089 2089 hominum
2120 2042 2203 2089 con-

172 2138 232 2211 cit.
284 2128 419 2202 Annon
432 2122 590 2197 Romani
603 2117 785 2192 Pontificis
808 2113 1058 2188 authoritatem
1080 2140 1164 2207 par-
1214 2142 1320 2189 sensu
1359 2133 1394 2189 et
1421 2117 1606 2191 Romanae
1631 2115 1810 2189 Faeclesiae
1837 2120 2039 2189 assensione
2068 2142 2204 2213 ,ηιμ
2240 2172 2245 2183 ,

170 2230 393 2331 vipendunt?
417 2250 505 2299 non.
542 2213 990 2314 ParvipenditMartinus.
1028 2214 1163 2288 Omnia
1214 2223 1296 2291 bata
1312 2222 1566 2292 consuetudine
1581 2220 1782 2290 desciscere.
1831 2218 1905 2290 Sed
1922 2222 2113 2323 quomodo
2122 2216 2202 2291 L..

172 2338 346 2431 denique,
373 2356 393 2399 o
414 2352 477 2398 vos
496 2348 620 2395 omnes
640 2336 776 2393 exterae
791 2321 972 2405 nationes,
999 2344 1090 2414 quae
1100 2344 1164 2410 pa-
1215 2331 1313 2392 seros
1327 2336 1460 2407 noster,
1479 2321 1542 2415 qui
1557 2345 1635 2390 non
1652 2322 1806 2391 multum
1823 2322 1925 2393 timet
1940 2322 2134 2413 impietati,
2147 2346 2203 2395 u.

172 2442 262 2515 triae
278 2458 377 2505 mese
390 2428 606 2503 Germaniae
621 2426 709 2495 lalso
729 2424 929 2516 imponitis,
954 2423 1091 2493 sirecte
1105 2446 1165 2491 ra·
1214 2426 1293 2515 gui,
1317 2448 1355 2493 se
1371 2424 1531 2516 unquam
1549 2423 1739 2493 defendere
1752 2420 1882 2507 valeat,
1908 2423 1997 2517 quin
2015 2424 2112 2495 iuste
2126 2446 2203 2495 ῃ,

172 2532 456 2616 tiocinabimini,
480 2530 545 2600 uni
571 2527 776 2598 exsuscitata
788 2520 962 2595 Mortino
984 2523 1166 2594 referetis?
1215 2526 1348 2597 iestatis
1362 2527 1550 2595 damnatus
1570 2525 1631 2607 sit',
1657 2522 1948 2618 quandoquidem
1964 2524 2204 2615 indulgentis.

174 2644 276 2735 Quae
296 2662 379 2709 sane
397 2648 438 2704 ut
453 2626 654 2703 clarissimis
667 2627 867 2723 rationibus
884 2632 1087 2710 ostendam,
1107 2649 1166 2695 re»
1215 2651 1297 2700 rum
1311 2627 1455 2697 assertio
1472 2628 1537 2697 etsi
1550 2626 1650 2695 nulla
1664 2642 1758 2697 certa
1770 2626 1910 2697 ratione
1928 2638 1991 2698 rut
2004 2626 2100 2717 legis·
2114 2628 2204 2697 disi.-

175 2760 292 2817 vertar
310 2742 354 2809 ad
371 2738 432 2807 illa
450 2734 648 2827 paulisper,
672 2752 762 2825 quae
777 2730 817 2797 in
832 2727 1014 2820 Principio
1033 2728 1165 2797 oratio·
1215 2754 1282 2799 nae
1299 2725 1513 2800 authoritate
1529 2728 1663 2797 firmari
1679 2742 1797 2821 queat,
1809 2725 1981 2823 quonism
1990 2726 2116 2799 samm
2130 2752 2204 2801 ns.

174 2849 231 2919 nis
246 2867 344 2914 meae
358 2839 540 2927 attigeram
552 2834 596 2903 de
611 2830 830 2924 spiritalibus
844 2831 947 2899 donis
961 2851 1023 2899 seu
1044 2829 1166 2899 indul·
1216 2832 1334 2902 iorum
1346 2828 1556 2901 instituta'et
1569 2830 1734 2899 ecclesiae
1752 2824 1948 2899 authoritas
1960 2830 2204 2925 atqnepognli

175 2948 313 3043 gentiis.
377 2938 517 3012 Dabitis
536 2934 712 3028 prolecto,
735 2945 777 3002 ut
801 2927 869 3001 hoe
887 2932 996 3001 verbo
1019 2931 1164 3021 impune
1214 2931 1283 3003 Dei
1297 2954 1375 3001 mos
1389 2932 1556 3024 antiquus
1572 2930 1671 3001 illam
1686 2932 1830 3015 invexit,
1851 2930 2012 3027 quiquis
2026 2954 2108 3001 m
2120 2956 2204 3005 m,

173 3067 256 3127 utar
282 3049 355 3118 ism
381 3038 618 3134 frequentius,
659 3032 948 3129 quandoquidem
976 3033 1021 3103 ab
1043 3032 1165 3103 indul·
1215 3034 1406 3127 tempserit,
1419 3058 1495 3104 nou
1510 3055 1609 3103 secus
1624 3046 1729 3127 atque
1737 3030 1943 3101 divinarum
1956 3032 2204 3123 legum-m..

176 3146 390 3245 gentissiruis
401 3140 618 3213 Pontificum
631 3137 812 3207 mentibus
830 3133 1015 3225 elargitum
1034 3156 1165 3205 munus
1216 3158 1354 3227 gressor
1378 3136 1605 3206 mulctandus
1630 3134 1787 3205 veniat?¹
1837 3132 1937 3203 Haec
1963 3132 2108 3205 dem
2125 3158 2203 3207 ‚m

176 3278 252 3325 non
274 3247 486 3319 inconcinne
515 3240 685 3311 translato
712 3234 781 3308 hoc
802 3238 948 3306 nomine
972 3248 1165 3307 censeatur.
1216 3262 1280 3329 ego
1303 3238 1460 3323 somnio,
1493 3231 1716 3327 Augustinus
1736 3235 1844 3320 dixit,
1875 3236 1989 3305 „mu
2008 3250 2204 3330 Pam-u,

174 3356 300 3447 Neque
314 3372 398 3419 vero
415 3347 445 3413 si
462 3338 658 3414 Martinus
670 3334 883 3432 Apostolum
897 3332 1081 3421 Paulum,
1104 3338 1167 3432 qui
1216 3342 1299 3413 lere.
1344 3338 1445 3428 Quae
1459 3338 1565 3410 nobis
1578 3337 1695 3409 recita·
1743 3331 1993 3407 DECREThs
2024 3336 2204 3429 ῥωῃ.

178 3450 356 3529 sathanae
373 3463 407 3518 et
427 3459 512 3516 tunc
523 3455 723 3535 praesentes
739 3454 774 3511 et
787 3442 924 3511 futuras
939 3440 1167 3529 cogitationes
1218 3456 1276 3512 tnr
1294 3431 1430 3509 Lateri
1452 3438 1719 3509 conclusiones?
1762 3436 1861 3527 Quas
1879 3438 2060 3509 rationes?
2111 3438 2204 3531 Qun

177 3582 254 3629 non
269 3550 472 3645 ignorabat,
495 3544 601 3613 donis
616 3543 707 3625 illis,
729 3564 820 3634 quae
834 3541 882 3612 ita
904 3554 1106 3613 constanter
1126 3564 1166 3609 ac
1217 3542 1496 3635 disputationes?
1546 3540 1679 3611 Contra
1699 3540 1938 3629 indulgentias
1956 3540 2205 3617 admittatur?

178 3661 210 3730 si
223 3654 387 3729 Christus
407 3648 560 3721 dedisset
575 3636 773 3715 Corinthiis
796 3642 1018 3733 impartitur,
1046 3641 1168 3710 indul.
1217 3642 1302 3717 'sola
1318 3644 1384 3712 ista
1401 3640 1567 3734 Gregorii
1590 3643 1771 3725 „metim
1795 3642 1960 3711 ecclesiae
1973 3642 2204 3727 comendo.

180 3759 314 3855 sentias
338 3750 578 3848 promulgasse
600 3744 794 3834 meaverit,
826 3743 897 3813 nto
922 3743 1092 3836 quoniam
1112 3743 1169 3813 di·
1219 3746 1418 3839 sapientum
1441 3758 1477 3814 n
1508 3744 1737 3835 insipientum
1766 3743 1949 3813 consensio
1982 3766 2111 3815 omne·
2137 3768 2204 3815 aa·

179 3864 284 3932 vinae
300 3858 386 3947 legis
399 3848 602 3924 testimonio
618 3869 700 3916 cum
722 3846 785 3914 illo
804 3844 980 3934 agendum
996 3868 1070 3913 esse
1091 3868 1168 3913 cre·
1218 3870 1297 3939 gas,
1320 3868 1444 3917 omnes
1463 3846 1618 3930 labores,
1642 3844 1764 3913 omnia
1786 3838 1956 3913 Martini
1975 3844 2205 3917 deliramus.

180 3962 350 4037 diderim:
375 3953 476 4050 quasi
498 3973 571 4019 non
592 3950 705 4019 multa
730 3948 800 4017 alia
817 3947 923 4016 nobis
944 3946 1067 4016 divino
1092 3945 1169 4016 iure
1218 3948 1421 4043 prosternit.
1471 3942 1608 4017 Annon
1622 3947 1766 4035 legistis,
1779 3942 2205 4031 viriGermaniPetm

180 4066 310 4141 tradita
330 4060 418 4142 sint,
437 4078 527 4149 quae
543 4064 660 4144 aperte
683 4048 722 4118 in
739 4050 846 4120 sacris
866 4049 994 4119 litteris
1013 4072 1089 4119 non
1111 4049 1169 4119 in·
1219 4053 1322 4122 illum
1343 4048 1537 4119 Diacouem
1554 4048 1699 4142 propria
1718 4061 1832 4117 morte
1855 4044 2023 4137 Gregorii
2040 4050 2205 4121 muttit»

179 4170 385 4241 veniuntur.
438 4154 555 4249 Atque
577 4165 619 4223 ut
639 4152 723 4222 inde
745 4176 826 4221 cum
845 4146 1046 4239 Augustino
1069 4174 1171 4220 exor-
1220 4168 1292 4225 tem
1306 4166 1411 4245 atque
1426 4151 1608 4220 doctrinae
1622 4149 1699 4219 eius
1715 4149 1900 4218 veritatem
1915 4150 2206 4221 sufficientium

181 4272 334 4348 diamur,
358 4247 721 4330 lenissimeLuterum
736 4253 972 4341 interrogabo,
986 4275 1034 4320 an
1049 4275 1085 4321 se
1103 4252 1171 4321 ali·
1221 4253 1490 4346 comprobasse?
1551 4249 1628 4321 Cur
1653 4272 1729 4319 non
1757 4250 1866 4339 igitur
1891 4252 2079 4321 credam,
2105 4252 2206 4345 gpffi.

182 4370 325 4465 quando
344 4362 541 4432 salutiferae
556 4353 680 4426 Crucis
700 4355 801 4444 signo
825 4354 991 4423 adversus
1010 4353 1171 4423 insuffla.
1221 4371 1298 4429 tum
1312 4368 1492 4438 sanctum,
1510 4353 1574 4446 qui
1587 4352 1654 4423 ,ug
1665 4351 1978 4421 columbae.f0m
1998 4372 2108 4445 ”W
2118 4350 2206 4425 sm,-

183 4487 296 4543 torem
316 4462 501 4535 haeresum
515 4456 817 4528 Cacodaemonem
835 4456 1004 4529 obarmet.
1061 4453 1170 4543 Quod
1222 4455 1368 4528 ctissimi
1391 4452 1573 4525 Pontifieis
1592 4450 1697 4544 caput
1717 4448 2123 4547 frequenters'pparuit,
2146 4450 2207 4523 ln

184 4573 248 4644 etsi
280 4592 361 4637 raro
389 4564 447 4631 vel
483 4580 669 4655 nunquam
706 4580 787 4625 eum
819 4552 889 4626 hoc
914 4556 1027 4627 lacere
1060 4557 1172 4651 aliqui
1221 4558 1277 4628 illi
1293 4557 1543 4627 saluberrimas
1551 4554 1797 4644 indulgentias
1807 4550 2029 4647 inspirasse?
2068 4552 2207 4645 Quodn

184 4673 360 4753 iudicent,
384 4664 481 4758 quod
503 4664 551 4733 ita
577 4657 709 4729 crebris
728 4682 889 4729 errorum
914 4656 1051 4751 laqueis
1082 4659 1173 4727 irre-
1223 4660 1392 4730 candidae
1407 4658 1465 4728 isti
1478 4657 1662 4729 columbae
1673 4647 1945 4745 nigerLulsros
1956 4656 2207 4741 sdvembim,

183 4777 313 4856 riatur,
337 4768 394 4839 vel
415 4764 511 4859 quod
526 4756 687 4833 catharos
701 4754 894 4830 haereticos
910 4760 1083 4843 imitetur,
1109 4782 1171 4849 ego
1223 4786 1297 4831 non
1310 4760 1501 4843 miremini,
1521 4759 1690 4854 quoniam
1701 4771 1897 4848 gementem
1911 4754 2118 4829 columbam
2129 4752 2208 4831 en&

185 4896 305 4953 lamen
324 4866 524 4961 ⁵³⁸Pl⁵⁵l¹¹¹⁶
539 4863 797 4945 firmaverim,
815 4860 1172 4949 utrelisiosisstmum
1223 4860 1444 4935 tansCorvus
1461 4862 1527 4931 iste
1547 4872 1621 4929 non
1639 4875 1746 4931 amat.
1795 4854 2000 4953 &nanque
2013 4860 2207 4939 vellere*

187 4997 221 5051 ct
243 4969 537 5049 caerimoniarum
559 4964 908 5034 observantissimum
932 4964 1042 5034 decet.
1103 4959 1175 5032 Sed
1225 4988 1288 5057 per
1308 4962 1466 5035 Domino
1486 4975 1628 5033 cantme
1652 4960 1829 5053 promittit
1852 4973 1957 5053 atque
1976 4960 2030 5031 ita
2050 4984 2075 5033 a
2097 4962 2207 5055 pfl.)

186 5082 251 5155 ubi
268 5076 335 5149 hoc
353 5068 516 5167 (quaeso)
536 5065 758 5152 evangelium
778 5077 839 5134 aut
849 5062 983 5135 Paulus
1002 5076 1064 5133 aut
1085 5064 1176 5135 alius
1225 5066 1376 5157 gutturis
1397 5064 1522 5135 inflatu
1544 5064 1732 5133 coracinere
1753 5055 2014 5150 ingrannum,
2036 5078 2082 5137 us
2099 5083 2209 5157 W

188 5182 394 5255 divinorum
413 5171 562 5260 scriptor
580 5162 744 5235 edocuit?
788 5162 1029 5235 Multilormes
1054 5165 1175 5236 itidem
1224 5166 1401 5250 Domino,
1428 5166 1728 5258 quemadmodum
1747 5164 1998 5255 pollicebatur,
2018 5188 2137 5263 neque
2156 5162 2210 5267 (ut

189 5281 391 5359 muliones.
447 5271 615 5342 wlfinum
656 5289 837 5337 ”emtum
877 5267 975 5335 varia
1016 5269 1176 5361 symbola
1227 5266 1344 5363 aiunt)
1364 5268 1433 5336 sibi
1454 5280 1489 5336 et
1506 5267 1634 5351 musis,
1662 5268 1722 5335 sed
1742 5264 1870 5335 sibiae
1891 5264 2037 5335 diabolo
2053 5282 2210 5339 canum

189 5383 421 5485 mysticosque
446 5385 626 5451 contactus
646 5370 793 5443 ubinam
810 5364 974 5441 Christus
998 5381 1059 5442 aut
1077 5364 1179 5465 Apo-
1228 5371 1286 5445 rit.
1335 5368 1428 5441 Nam
1446 5392 1559 5464 quum
1572 5367 1691 5457 angeli
1706 5390 1830 5459 pacem
1844 5367 1883 5437 in
1898 5367 2005 5439 terris
2025 5368 2211 5443 oscinem
