4500 5782
165 220 270 332 ras
682 279 688 290 .
733 150 1168 315 nemoralium
1220 162 1330 293 nm.
1373 214 1438 294 111.
1494 210 1624 289 1525.
1917 220 1920 333 j
2127 200 2198 290 tre

167 394 236 465 lius
278 415 392 485 neque
432 391 582 482 gratius,
622 413 728 484 quarn
766 412 918 461 cannen.
999 385 1155 457 Proinde
1208 391 1384 481 specimen
1417 389 1567 460 edidisse
1593 385 1794 459 Demetrius
1825 390 1986 472 videtur,
2029 413 2111 461 cum
2140 391 2198 461 arti

167 519 329 585 magnam
353 494 503 583 gratiam
523 493 691 563 debemus
707 481 848 570 Cordo,
875 491 937 583 qui
962 489 1057 558 inter
1081 489 1157 580 pri·
1207 507 1343 562 tantum
1363 489 1537 562 honorem
1554 486 1698 574 habuit,
1720 503 1761 560 ut
1776 487 2106 563 servaritRhodiae
2121 512 2199 583 gen·

70 633 73 639 ·
168 621 245 668 mos
261 619 367 666 ausus
381 608 432 671 est
446 596 614 663 mandare
632 593 744 664 literis
758 606 792 662 ct
809 593 1008 663 describere
1025 593 1156 659 bonam
1207 595 1270 673 tis,
1298 618 1404 688 quam
1426 596 1501 664 no'n
1524 593 1658 663 iniuria
1682 592 1920 662 intensissime
1943 594 2090 679 oderat,
2119 596 2198 665 arti·

121 740 134 760 κ
193 713 302 785 artem
332 692 439 767 huius
473 696 753 780 controversiae,
790 718 879 788 quae
912 696 956 763 de
985 693 1156 781 religione
1207 697 1317 765 licem.
1369 692 1457 766 Erat
1481 709 1597 765 autem
1622 695 1837 785 optandum,
1863 709 1904 766 ut
1927 694 2047 766 nostri
2071 694 2199 791 princi·

166 725 235 871 init
255 790 423 868 luthero
453 822 527 867 non
555 798 661 865 modo
688 821 766 865 cum
791 797 943 865 lactione
969 795 1157 886 pontificia,
1207 821 1267 887 pes
1283 820 1356 866 non
1378 798 1458 866 dico
1481 798 1660 889 picturae,
1693 818 1768 864 non
1793 796 2097 868 aliislevioribue
2120 796 2198 868 erti-

168 905 228 972 sed
257 914 292 971 et
315 925 395 970 cum
415 900 575 969 fanaticis
602 899 813 991 quibusdam
839 898 1061 980 doctoribus,
1095 895 1157 987 qui
1207 902 1288 984 bus,
1309 913 1538 992 posteaquam
1555 921 1671 989 nuper
1686 899 1730 966 ad
1747 921 1844 967 arma
1860 900 2127 995 conclamatum
2144 912 2198 985 est,

168 1004 387 1085 iactitabant,
414 1001 482 1069 sibi
499 1000 590 1071 clara
608 1024 692 1069 voce
713 1000 771 1066 dei
794 1024 889 1068 arma
912 1022 984 1068 csse
1010 1001 1090 1068 data
1112 998 1157 1066 ad
1207 1003 1266 1069 sed
1290 1001 1456 1090 religioni
1478 1024 1596 1092 parem
1616 995 1790 1068 honorem
1811 994 1985 1070 haberent
2004 1014 2195 1073 servarent-

169 1105 310 1176 civilem
343 1117 472 1172 statum
502 1126 620 1171 rerum
653 1103 892 1172 evertendum.
963 1098 1159 1169 Habebunt
1207 1128 1276 1196 que
1292 1127 1348 1171 eas
1365 1104 1495 1187 literas,
1521 1102 1651 1196 quibus
1664 1115 1701 1170 et
1718 1101 1843 1190 religio
1861 1113 1894 1170 et
1909 1097 2085 1172 honestae
2099 1103 2195 1173 disci-

168 1206 301 1300 posteri
322 1201 389 1273 boc
407 1228 566 1282 carmen,
596 1217 765 1294 tanquam
789 1203 944 1272 tabulam
969 1203 1006 1269 in
1026 1199 1156 1270 illustri
1207 1206 1325 1296 plinae
1341 1228 1465 1273 omnes
1481 1204 1720 1273 continentur.
1771 1201 1894 1296 Neque
1911 1206 2009 1273 enim
2032 1218 2097 1276 aut
2119 1229 2195 1274 cou-

63 1360 66 1366 ι
168 1310 319 1401 positam
346 1307 442 1389 loco,
469 1330 575 1399 quam
602 1305 777 1374 intuentes
804 1306 1095 1387 commonebant,
1122 1315 1154 1371 et
1208 1308 1329 1375 sistere
1344 1307 1554 1397 respublica,
1572 1306 1598 1373 si
1617 1301 1743 1373 harum
1761 1326 1880 1374 rerum
1895 1306 2015 1375 studia
2036 1304 2196 1377 exstincte

169 1411 265 1504 quod
295 1408 340 1478 sit
369 1408 542 1498 optimum
572 1406 752 1474 doctrinae
784 1401 1005 1475 Christianae
1034 1428 1157 1494 genus,
1207 1409 1358 1492 luerint,
1384 1420 1570 1500 poterunt,
1602 1422 1663 1477 aut
1687 1406 1895 1494 dignitatem
1918 1409 2126 1502 principum
2146 1430 2196 1477 su·

168 1513 275 1605 quive
288 1502 475 1601 'purissime
491 1509 693 1590 docuerint,
719 1519 754 1576 et
769 1532 875 1600 quarn
892 1532 966 1575 non
982 1508 1027 1578 sit
1041 1520 1175 1576 tutum.
1208 1511 1284 1603 peri
1303 1512 1511 1594 defendent,
1536 1510 1566 1577 si
1588 1509 1815 1598 religionem,
1842 1508 1872 1578 si
1894 1509 1982 1579 alias
2007 1524 2103 1581 artes
2125 1532 2195 1580 curn

168 1614 310 1703 credere
334 1607 408 1695 his,
434 1610 496 1704 qui
518 1633 554 1679 se
577 1633 668 1677 nova
691 1610 831 1679 oracula
856 1611 899 1677 de
922 1610 1038 1693 coelo,
1064 1631 1156 1676 nova
1208 1613 1378 1702 religione
1398 1628 1584 1704 tanquam,
1610 1625 1650 1680 ut
1664 1608 1793 1679 Graeci
1808 1609 1953 1695 dicunt,
1978 1609 2023 1685 tv
2038 1604 2195 1706 5190de

168 1708 369 1807 phasmata,
392 1725 514 1782 contra
534 1712 777 1781 auctoritatem
792 1725 949 1802 receptae
965 1711 1157 1802 scripturae
1208 1740 1273 1807 κης
1293 1710 1396 1807 μέρει
1426 1714 1631 1782 coniunctas
1657 1711 1787 1781 collabi
1822 1726 1855 1781 et
1885 1713 2048 1783 occidere
2076 1712 2194 1782 sinent.

169 1817 306 1884 adferre
334 1815 544 1906 praedicant.
607 1811 821 1904 Quanquam
845 1814 940 1880 enim
962 1836 1087 1904 poema
1113 1811 1159 1879 sit
1209 1814 1354 1886 Etcum
1373 1817 1412 1884 in
1431 1812 1623 1883 Germania
1647 1821 1762 1904 nuper
1785 1814 2048 1885 atrocissimum
2067 1827 2194 1893 motum

46 1979 51 2007 ¹
170 1924 220 2000 et,
246 1929 286 1986 ut
308 1930 408 1985 vocat
430 1910 659 2008 Thucydides
688 1908 903 2011 ἀγώνισμα,
939 1928 1059 1984 tamen
1083 1937 1157 1981 non
1210 1918 1392 1987 excitarint
1414 1917 1549 1985 indocti
1574 1916 1718 2007 quidam
1741 1939 1831 1983 vano
1855 1930 2039 2007 praetextu
2061 1917 2194 2005 religio-

169 2033 240 2088 tam
256 2019 300 2086 ad
319 2019 534 2108 voluptatem
551 2017 691 2086 aurium
706 2030 946 2106 comparatum
961 2029 1030 2101 est,
1053 2039 1158 2108 (ῃιειῐη
1210 2020 1283 2103 nis,
1316 2020 1500 2109 oportebat
1525 2018 1581 2085 vel
1600 2013 1668 2085 hoc
1695 2008 1851 2086 monitos
1877 2019 2039 2109 exemplo
2063 2019 2193 2111 impen-

169 2123 213 2189 ad
242 2121 345 2187 iidem
377 2115 544 2188 historiae
569 2118 755 2207 scriptum,
797 2132 830 2187 ct
853 2114 1010 2187 honestis
1038 2116 1159 2207 figuris
1210 2122 1282 2189 sius
1293 2144 1425 2204 curare,
1440 2134 1479 2188 ut
1492 2121 1529 2187 in
1543 2118 1745 2187 civitatibus
1758 2122 2191 2191 sererenturrcctaedere·

170 2223 401 2304 illustratum,
441 2245 517 2290 non
540 2221 646 2288 modo
675 2233 715 2289 ut
738 2221 904 2289 lectorem
928 2220 1052 2289 invitet
1077 2243 1159 2288 ora·
1210 2224 1342 2313 ligione
1353 2222 1554 2312 opiniones,
1571 2220 1729 2312 aliaeque
1744 2235 1836 2289 artes
1856 2222 2097 2306 traderentur,
2113 2238 2191 2315 quae

169 2324 278 2393 tionis
300 2322 492 2406 illecebris,
523 2320 712 2390 sedetiam
732 2335 772 2390 ut
792 2321 962 2409 dignitate
982 2347 1021 2390 ac
1043 2319 1160 2410 gravi·
1203 2349 1330 2416 pacem
1346 2324 1478 2393 alerent
1496 2335 1530 2392 et
1545 2336 1803 2394 conservarent.
1854 2320 1952 2393 Haec
1976 2346 2061 2393 cum
2081 2333 2192 2394 munet

170 2438 240 2494 tate
256 2410 464 2495 vetustatem
479 2424 570 2492 serre
587 2423 714 2512 possit,
741 2425 915 2516 duretque
934 2437 1095 2513 paratum
1120 2421 1158 2490 in
1209 2418 1374 2510 Cordus,
1415 2440 1448 2495 et
1474 2424 1571 2493 velut
1598 2423 1740 2494 classico
1767 2424 1812 2492 ad
1840 2424 1999 2493 sincerae
2020 2424 2193 2517 religionis

170 2526 333 2596 omnium
354 2539 554 2616 temporum
574 2547 677 2608 usus,
712 2538 745 2592 et
763 2526 861 2594 velut
879 2529 1002 2616 κτῆμα
1024 2523 1059 2604 ἐς
1083 2519 1177 2607 οἰεὶ,Ι
1210 2528 1366 2598 studium
1381 2527 1509 2595 invitat
1522 2525 1717 2616 principes,
1737 2525 1820 2594 facit
1835 2528 1994 2616 profecto
2011 2546 2193 2618 temptar-

169 2642 210 2698 ut
240 2626 394 2718 appellat
421 2623 605 2695 historiam
632 2625 727 2694 idern
751 2620 1000 2720 Thucydides,
1039 2627 1159 2694 adser-
1210 2631 1339 2698 claram
1356 2643 1389 2697 et
1406 2629 1548 2718 dignam
1563 2628 1742 2696 bonorum
1756 2627 2069 2700 virommsavore.
2108 2625 2194 2699 Deus

169 2743 283 2801 vetur.
1209 2731 1312 2814 faxit,
1343 2745 1383 2800 ut
1407 2731 1569 2799 succedat
1592 2754 1633 2797 ex
1659 2727 1769 2797 animi
1799 2729 1973 2799 sententia
2010 2731 2193 2823 inceptum,

1209 2831 1477 2925 intelligantque
1491 2830 1668 2923 principes
1680 2852 1753 2898 non
1770 2832 2074 2923 quemadmodum
2091 2845 2141 2901 est
2160 2830 2193 2898 in

1211 2934 1417 3026 proverbio,
1443 2934 1488 3001 de
1502 2932 1593 3001 asini
1607 2931 1752 3015 umbra,
1778 2933 1839 3001 sed
1855 2933 1900 3002 de
1914 2932 2084 3002 maximis
2100 2934 2194 3004 rebus

178 3064 244 3136 No·
259 3061 342 3138 357¹
985 3070 1052 3133 eod.
1069 3090 1158 3130 mo·
1211 3038 1249 3106 in
1271 3031 1339 3105 hoc
1362 3035 1515 3104 carmine
1538 3056 1656 3103 secum
1677 3033 1743 3122 agi.
1801 3032 1914 3103 Porro
1942 3034 2116 3105 studiosis
2137 3024 2194 3104 ho'-

177 3159 348 3189 *N
642 3202 644 3207 .
737 3220 744 3236 .
980 3158 1151 3187 m
1210 3152 1387 3207 nestarum
1405 3160 1524 3205 rerum
1550 3135 1834 3205 adulescentibus
1854 3159 1984 3227 poema
2005 3136 2128 3230 ipsum
2146 3134 2193 3205 in-

570 3217 755 3298 Lectori.
1209 3240 1334 3331 primis
1350 3240 1486 3330 placere
1503 3238 1626 3321 debet,
1651 3239 1747 3328 quod
1762 3236 1968 3326 gravissima
1986 3262 2109 3309 caussa
2124 3254 2194 3307 rer·

237 3393 371 3447 Praefatio
387 3394 414 3447 in
430 3393 568 3450 libellum:
588 3395 657 3466 „Ad
673 3392 878 3448 invictissimum
893 3392 1089 3462 imperatorem
1102 3393 1158 3450 Ca·
1210 3342 1306 3412 Sibus
1321 3365 1396 3410 non
1412 3342 1567 3430 viligans
1583 3351 1744 3408 monetae
1762 3354 1918 3431 exposita
1933 3352 1992 3410 'm‘
2040 3338 2194 3411 Wlim‘

270 3462 362 3516 rolum
378 3460 531 3535 Quintum,
551 3464 695 3519 Caesarem
712 3463 881 3532 Augustum,
905 3461 1025 3532 aliosque
1041 3463 1158 3519 Germe·
1207 3445 1347 3534 bergae·

272 3531 333 3584 niae
353 3548 495 3600 proceres,
523 3541 552 3584 ut
576 3549 666 3584 reram
692 3530 802 3585 tandem
822 3530 871 3583 reli
892 3529 981 3583 ionem
1002 3541 1159 3602 agnoscant,

271 3599 433 3669 exhortatio,
456 3618 519 3653 cum
535 3599 648 3682 praefixa
663 3599 696 3652 ad
710 3597 865 3669 Philippum
906 3600 988 3652 assiae
1000 3598 1156 3671 Principem

269 3666 446 3790 praelatione.
480 3667 532 3721 Per
552 3667 691 3722 boricium
707 3666 862 3720 Cordum.”
899 3667 931 3721 lu
948 3668 1018 3723 tire:
1038 3667 1157 3723 Vittem-
1219 3642 1388 3717 Νο.558.
2025 3649 2094 3709 eod·
2112 3667 2194 3711 mv·

290 3754 368 3808 ergae
382 3756 429 3807 per
443 3730 548 3808 loseph.
561 3735 688 3807 Clugum.
716 3736 791 3789 1525.
815 3734 885 3809 lpl.
910 3738 936 3789 ll.
1215 3739 1386 3769 Μ
2020 3735 2186 3766 *⁶⁴⁸⁸*

1557 3790 1854 3904 Poedagogis.

232 3887 298 3971 Ph
307 3920 320 3961 ι
330 3892 487 3991 lippus
511 3890 590 3962 Me
600 3891 648 3963 la
660 3919 683 3962 n
693 3888 743 3965 ab
752 3901 765 3960 i
774 3887 800 3960 h
810 3917 831 3961 ο
840 3917 864 3960 η
890 3887 1038 3964 Imm
1056 3893 1096 3967 S·
1279 3988 1414 4044 Praefatio
1428 3986 1497 4042 Phil.
1511 3984 1579 4040 Mel.
1596 3982 1737 4058 praemissa
1751 3984 1862 4039 editioni
1876 3981 2092 4038 Comoedias-um
2103 3984 2195 4041 Teren·

169 4026 400 4137 Accepimus,
422 4043 656 4134 Protogenem
670 4043 840 4135 pictorem
859 4058 1042 4137 postquam
1055 4041 1159 4118 Rho·
1310 4059 1352 4113 eti.
1389 4057 1464 4111 Edita
1477 4056 1506 4109 tn
1521 4055 1607 4109 libro:
1626 4054 1655 4106 Ρ.
1671 4053 1792 4107 Terentii
1811 4052 1972 4109 comoediae
1994 4070 2040 4106 ser
2063 4080 2097 4095 -
2116 4054 2195 4110 satos

168 4151 255 4219 dum
278 4147 466 4218 obsidione
489 4147 650 4216 cinxisset
675 4171 735 4215 rex
757 4141 977 4230 Demetrius,
1012 4172 1093 4217 cum
1119 4148 1159 4217 in
1310 4121 2196 4265 {pgffiefffiffi'znssgfflpssfiffaffgufffiffgfflm

168 4250 372 4321 suburbano
392 4248 531 4318 officina
546 4250 591 4318 ad
607 4248 645 4316 id
660 4262 805 4337 tempus
815 4249 953 4339 luisset,
980 4272 1053 4316 non
1076 4251 1157 4319 abs·
1312 4264 1459 4338 praemiss·
1473 4271 1535 4317 sunt
1552 4261 1634 4316 haec:

168 4351 329 4421 territum
355 4374 445 4434 csse,
480 4375 550 4444 quo
575 4351 693 4417 minus
715 4350 837 4418 eodem
866 4351 904 4418 in
935 4350 1012 4419 loco
1047 4376 1156 4443 prope
1336 4418 1343 4436 ,
1383 4420 1390 4438 ,
2140 4420 2147 4436 ,

157 4448 208 4522 ‘in
228 4452 313 4543 ipsis
337 4448 491 4522 hostium
511 4451 632 4522 castris
655 4475 696 4518 er
718 4473 817 4519 more
838 4451 1017 4542 pingeret,
1043 4467 1077 4523 ct
1100 4454 1156 4521 in·
1248 4414 1511 4519 ΡΙΗΙῬΡμε
1542 4412 1893 4491 Mil‘m‘hilw'l
1930 4413 2162 4518 WWW

167 4550 293 4625 choata
310 4578 415 4644 opera
433 4554 640 4625 absolveret.
693 4550 800 4641 Quod
820 4555 1008 4623 resciscens
1022 4578 1081 4623 rex
1098 4579 1152 4625 ac·
1645 4519 1685 4592 S·
1710 4517 1766 4595 D·

169 4655 256 4726 cersi
280 4656 559 4746 interrogatique
576 4652 808 4743 Protogenem
834 4656 949 4742 iubet,
974 4680 1043 4748 qua
1064 4656 1157 4726 fidu-
1209 4629 1309 4726 Cum
1338 4649 1578 4749 typographus
1600 4650 1659 4724 hic
1683 4653 1847 4724 Terentii
1863 4649 2078 4727 Comoedias
2095 4654 2197 4728 'recu-

168 4760 221 4828 cia
243 4773 339 4828 extra
363 4779 484 4848 muros
504 4770 632 4844 ageret.
691 4753 786 4823 Tum
810 4756 889 4840 ille,
913 4757 1002 4826 scire
1024 4780 1060 4826 se
1082 4759 1157 4847 regi
1209 4759 1292 4828 dere
1323 4769 1481 4849 pararet,
1515 4758 1670 4846 rogavit,
1703 4769 1744 4826 ut
1767 4780 1804 4825 se
1833 4754 1873 4822 in
1898 4756 2035 4845 optimo
2059 4774 2197 4830 auctore

92 4952 95 4957 Ι
167 4884 247 4932 cum
262 4856 435 4941 Rhodiis,
462 4880 536 4926 non
552 4881 632 4926 cum
649 4856 783 4927 artibus
798 4859 930 4927 bellum
950 4881 1034 4932 esse.
1083 4857 1157 4928 De·
1209 4862 1348 4930 edendo
1364 4859 1717 4951 recognoscendoque
1739 4857 1954 4927 adiuvarem.
2004 4855 2086 4950 Ego
2108 4886 2197 4945 vero,

168 4963 315 5034 lectatus
339 4985 398 5030 rex
425 4957 671 5029 liberalissimo
694 4981 861 5050 responso
887 4960 1049 5052 pictoris,
1081 4985 1157 5031 non
1208 4962 1345 5031 tametsi
1361 4984 1435 5030 non
1453 4961 1537 5029 satis
1553 4962 1744 5031 instructus
1762 4981 1872 5030 essem
1888 4959 2070 5031 veteribus
2085 4986 2198 5033 mem-

166 5066 274 5135 modo
300 5058 500 5134 nihilfecit
525 5055 672 5144 hostile,
705 5062 765 5129 sed
790 5060 964 5152 disposuit
987 5064 1092 5132 etiam
1117 5064 1155 5133 in
1207 5063 1295 5155 plis,
1331 5063 1460 5156 quibus
1482 5063 1522 5131 in
1537 5063 1600 5132 tali
1621 5086 1659 5131 re
1681 5084 1769 5152 opus
1794 5072 1885 5143 erat,
1919 5073 2038 5132 nemen
2062 5058 2197 5134 homini

166 5165 327 5236 officinae
346 5165 489 5236 tutelam
507 5162 691 5245 stationes,
718 5176 751 5233 et
766 5186 831 5254 per
845 5162 959 5233 otium
979 5165 1022 5233 ad
1045 5163 1156 5241 artili-
1208 5166 1321 5234 amico
1345 5165 1383 5232 in
1402 5164 1621 5234 sanctissimo
1637 5164 1779 5252 negotio
1802 5160 1904 5231 nolui
1924 5163 2058 5239 deesse.
2110 5164 2197 5235 Nam

166 5290 241 5336 cem
256 5281 375 5359 postea
392 5290 494 5358 saepe
512 5265 610 5334 venit
627 5265 804 5355 praeclara
826 5264 923 5334 illius
945 5289 1051 5358 opera
1074 5289 1156 5358 spe-
1207 5261 1297 5337 mibi
1313 5267 1457 5360 quidem
1471 5268 1649 5357 praeclare
1668 5262 1797 5334 mereri
1812 5266 1856 5333 de
1871 5264 2055 5353 republica
2074 5267 2196 5337 viden-

165 5382 307 5441 etatum.
373 5365 469 5439 Haec
496 5389 559 5457 ego
582 5389 663 5437 cum
683 5380 826 5459 reputo,
859 5366 1020 5458 generosi
1033 5366 1154 5439 'anind
1206 5380 1283 5455 tur,
1321 5369 1384 5463 qui
1406 5364 1475 5463 buc
1504 5390 1615 5457 genus
1636 5366 1841 5439 auctoribus
1870 5365 2020 5438 menda
2046 5367 2198 5461 publicis
