4500 5782
63 236 143 293 mx
505 222 536 320 s.
564 227 597 300 1.
646 218 721 299 uu
772 219 1090 316 umsroms
1140 227 1272 307 uun
1319 194 1628 312 sumansu.
1772 180 1776 185 ’
2007 259 2087 312 m

60 397 152 465 etiam
170 396 293 466 studio
312 397 356 467 in
370 398 450 468 eius
465 399 628 488 epistolas
641 397 852 492 inquisitum
870 396 937 485 est,
957 422 1046 494 qua-
1199 398 1240 470 Α·
1253 399 1281 472 I
1285 427 1339 472 on
1351 429 1433 475 nne
1447 399 1638 478 Manlio
1659 407 1803 506 possim
1820 406 1982 491 collecto,
2000 421 2031 480 et
2045 411 2086 480 in

42 522 126 583 ,rum
147 497 282 567 multas
305 499 468 591 primum
487 494 688 585 Manlius,
711 515 830 592 postea
855 495 1045 582 Peucerus,
1105 532 1109 537 ·
1145 509 1366 575 communem
1386 505 1635 579 studiosorum
1665 519 1774 608 atque
1800 511 1945 605 piorum
1978 537 2085 582 usum
2119 518 2136 531 ‘'

59 591 310 680 cantuarios,
350 593 535 687 Pactius,
576 596 783 670 Soubertus
811 602 945 695 aliique
961 603 1046 672 edi·
1145 606 1619 709 nuncprimumpublicatn.
1641 607 1832 694 Basileus,
1849 607 2094 709 perPnulum.

58 705 188 773 denint.
241 699 328 789 Qua
346 703 386 770 in
401 726 441 771 re
455 717 572 773 autem
588 704 743 796 prolecto
765 704 960 774 dolendum
983 714 1045 790 est,
1144 702 1339 802 Queclsum.
1356 706 1604 786 MDLXV.
1623 714 1658 785 8.
1695 711 1766 808 (In
1770 709 1869 808 fine:
1888 710 2085 788 Basileus:

57 806 142 898 qnod
155 804 251 872 iusta
267 805 463 896 debitaque
476 805 546 875 fide
566 829 606 874 ac
622 806 795 894 religione
818 829 896 875 nou
915 806 1044 876 v'crsati
1142 832 1207 907 per
1228 805 1615 912 Paulum'Que'ckum,
1650 834 1770 887 mense
1783 813 1952 899 Martio,
1983 844 2086 890 anno

56 920 139 978 mut.
190 902 278 975 Non
292 906 526 976 solumeuim
541 907 609 980 olio
626 906 829 992 mutarunt,
854 909 1046 998 stirpes-
1144 908 1412 1007 M.D.LXV.)
1464 915 1540 988 554
1559 941 1657 1011 pugg.

55 1007 279 1079 tecutiserunt
295 1031 336 1076 cx
352 1031 418 1077 suo
432 1008 598 1093 arbitrio,
625 1011 684 1078 sed
702 1009 807 1080 ctiam
821 1011 946 1100 scriptu
962 1008 1045 1078 Me-
1100 1030 1105 1039 ·
1195 1029 1400 1103 Monendu,
1417 1059 1500 1104 ver,
1518 1049 1568 1105 „1
1585 1037 1696 1107 lecto,
1714 1038 1758 1107 de
1779 1060 1899 1107 ,mre
1920 1052 2086 1130 [ypogm.

54 1102 234 1179 lantlronis
259 1109 462 1199 germanica
484 1133 629 1201 prorsus
651 1112 901 1200 neglexerunt,
933 1111 982 1180 ita
1003 1124 1045 1181 ut
1093 1126 1157 1223 phi
1171 1132 1218 1221 j„
1242 1146 1391 1205 numer,
1416 1138 1637 1227 paginarum,
1693 1137 1863 1229 paginam
1887 1142 1984 1208 ,nim
2009 1138 2084 1211 334

53 1214 221 1295 crederes,
246 1209 446 1296 Manlium,
470 1210 682 1295 Peucerum,
705 1212 920 1283 Snubcrtum
936 1211 1044 1281 ulios-
1094 1257 1134 1301 ex
1151 1257 1268 1303 erro„
1288 1261 1362 1305 non
1386 1238 1585 1330 insequitur
1606 1263 1640 1331 p·
1658 1238 1751 1327 535,
1777 1243 1835 1311 sed
1856 1266 1891 1334 p·
1908 1237 1995 1315 345,
2009 1240 2084 1313 343

53 1314 113 1408 ‘ll‘
129 1313 302 1405 ⁰Pi¹¹³l⁰⁸
317 1335 410 1396 ‘²⁵⁵⁰’
436 1337 482 1381 ¹¹²
498 1314 604 1383 licere
619 1314 763 1407 quidem
780 1313 916 1430 aliquid
931 1314 1042 1406 Patria
1094 1346 1157 1408 etc.
1181 1358 1292 1430 usque
1315 1340 1400 1407 dum
1416 1363 1585 1410 numerus
1601 1342 1709 1412 altera
1724 1343 1801 1412 vice
1816 1343 1944 1413 iterum
1960 1366 2085 1434 perre-

55 1417 197 1485 d'ulecto
216 1408 483 1493 ablelnntbone
497 1415 667 1506 scriptum
680 1417 725 1486 ab
741 1417 889 1485 intentu
903 1438 1042 1485 servare
1093 1437 1148 1508 ,fit
1163 1440 1207 1506 ,d
1224 1463 1259 1531 p·
1274 1437 1363 1514 335·
1413 1439 1476 1510 Bis
1494 1443 1602 1531 igitur
1618 1426 1765 1534 pag‘gnae
1780 1440 1998 1519 345-334
2020 1439 2086 1515 ha,

56 1519 102 1586 rel
125 1517 300 1608 operibus
320 1516 396 1585 eius
415 1517 581 1588 inserere.
633 1514 736 1588 Unus
757 1517 916 1586 Perelius
935 1518 1044 1586 colle*
1092 1540 1242 1625 heum,
1285 1543 1456 1634 primum
1476 1544 1568 1615 iusto
1604 1545 1701 1632 1000,
1740 1559 1859 1637 post„
1889 1571 1973 1616 vero
2007 1559 2085 1637 pos,

55 1621 96 1707 git
115 1618 290 1688 volumen
311 1618 543 1688 consiliorum
567 1615 835 1688 aMelanthonc
853 1618 1043 1688 vernacula
1092 1664 1170 1732 pag,
1186 1638 1273 1711 334,
1322 1642 1528 1735 Repefimm
1545 1647 2085 1737 numemm1;„emlagsfgna„

56 1722 166 1810 liugua
180 1719 479 1811 constfipwfflffl·
564 1798 568 1805 ,
1093 1743 1208 1812 vimus
1225 1739 1282 1836 (ut
1298 1769 1333 1835 p.
1351 1741 1453 1815 345⁶
1474 1748 1574 1844 etc),
1597 1766 1706 1841 quare
1721 1750 1869 1843 quisque
1887 1738 2084 1843 epistolum,

146 1818 227 1890 lam
239 1844 325 1890 vero
345 1821 389 1939 [le
402 1821 465 1939 iis,
491 1819 554 1939 qui
570 1819 734 1911 epiSlOlas
748 1833 782 1893 θῑ
800 1821 947 1893 6011θῦῗᾶ
955 1819 1042 1895 Mel
1094 1839 1160 1913 boc
1176 1847 1282 1914 modo
1299 1847 1481 1935 signatam,
1503 1852 1598 1941 apud
1613 1849 1791 1920 Manlium
1806 1854 1906 1922 facile
1922 1854 2084 1944 reperiet.

60 1925 253 2007 ediderunt,
280 1944 459 2029 coplosms
475 1923 664 1992 dlssffldtlffi
682 1933 744 1991 ⁰⁵²·
1074 1956 1076 1961 '
1092 1942 1254 2016 Habetur
1269 1943 1328 2016 hic
1344 1949 1434 2018 liber
1450 1950 1488 2017 in
1508 1951 1710 2024 rarioribus.

1074 2067 1077 2073 ’
1193 2041 1395 2136 Manlius,
1428 2046 1721 2140 Onotsb'acensis,
1753 2068 1794 2125 ut
1817 2067 1945 2147 putant
1971 2051 2007 2149 ⁴⁸)
2039 2058 2084 2125 dc

407 2152 412 2157 '
502 2140 533 2236 ἓ.
558 2142 594 2213 2.
1092 2143 1160 2218 hoc
1182 2173 1246 2219 suo
1269 2176 1373 2244 opere
1393 2151 1468 2263 ipse
1491 2154 1528 2223 iu
1553 2156 1699 2250 epistola
1724 2158 1982 2250 nuncupatoria
1995 2161 2084 2228 duta

59 2274 114 2346 De
144 2272 355 2372 syllogis
388 2272 696 2373 epistolarum
732 2283 771 2345 et
798 2266 1040 2346 Consilio·
1093 2271 1317 2338 ’..........

61 2405 142 2449 'um
176 2371 518 2461 Melanthia-5
551 2372 694 2447 edili-5
724 2374 878 2447 malo
910 2370 1041 2451 XVI·
1124 2405 1234 2474 qvid.
1248 2404 1397 2496 llummelii
1411 2404 1487 2461 Neue
1501 2406 1652 2463 Bibliothels
1667 2428 1721 2463 ron
1735 2409 1856 2492 seltenen
1874 2409 1931 2464 und
1945 2408 2083 2481 sehrtsel·

1159 2475 2084 2626 littlffitlifttilllistzilim‘nllsllihttl'sitiit

1158 2611 1487 2753 zassspggpi'nepssptolarum
1502 2614 1699 2680 Melautbonis,
1716 2617 1764 2672 uhi
1777 2615 1875 2687 legitur
1888 2636 1915 2688 p.
1928 2612 2083 2688 366b,h1c

1226 2773 1370 2829 Publicum
1383 2775 1583 2830 Testimonium
1604 2777 1637 2831 ab
1655 2776 1804 2833 Academia
1816 2775 1964 2832 Basileensi
1977 2775 2085 2830 Ioanni

146 2548 342 2643 Postquam
361 2550 503 2619 vivente
519 2544 636 2619 adhuc
653 2544 888 2620 Melantlrone
907 2550 1039 2619 multae

60 2653 121 2723 eius
131 2651 302 2744 epistolae
317 2676 409 2745 quae
425 2652 597 2748 gravioris
612 2652 785 2722 momenti
802 2666 912 2738 erant,
936 2654 1040 2722 item-

61 2780 114 2847 que
138 2755 252 2824 multa
284 2753 435 2824 consilia
464 2753 652 2845 separatim
681 2754 778 2823 editu
808 2755 966 2841 fucrant,
992 2769 1039 2840 ct,

61 2850 282 2925 llelantbone
310 2857 418 2926 rebus
448 2851 615 2924 humanis
639 2869 783 2946 erepto,
823 2857 1038 2929 desiderium

62 2958 328 3048 colligendarum
350 2958 427 3026 eius
450 2956 682 3050 reliquiarum
704 2958 743 3026 in
761 2958 883 3028 multis
902 2982 1039 3027 exarse-

62 3072 117 3142 m,
139 3061 279 3152 primus
300 3055 387 3129 huic
409 3059 507 3150 operi
527 3082 674 3127 monum
701 3060 860 3129 admovit
874 3055 1039 3129 Ioannes

1292 2845 1399 2898 Montio
1413 2845 1522 2907 datum,
1539 2864 1613 2899 anno
1629 2845 1704 2901 1563.
1771 2877 1775 2886 ·

1171 2993 1178 3007 .
1191 2925 1250 2980 Nos
1262 2926 1365 2983 Rector
1383 2941 1411 2982 et
1428 2939 1545 3010 quatuor
1562 2928 1690 3010 ordinum
1708 2930 1814 2985 Decani
1826 2928 1991 2985 Academiae
2004 2928 2083 2983 Basi-

1159 2992 1251 3049 bensis
1273 3007 1369 3050 notum
1389 2996 1504 3051 facimus
1522 3000 1648 3052 omnihus
1669 2998 1759 3054 literas
1775 3008 1930 3070 praesentes
1945 2997 2082 3069 perlectu-

1159 3064 1210 3128 ris,
1227 3066 1301 3135 quod
1319 3066 1440 3119 Ioannes
1455 3065 1579 3119 Montius
1585 3106 1593 3135 ,
1613 3065 1765 3122 liberalium
1779 3068 1878 3121 artium
1893 3067 2041 3138 Magister,
2066 3084 2082 3118 a

64 3154 244 3247 Montius,
270 3159 467 3253 discipulus
483 3155 745 3245 Melanthonis,
771 3162 812 3230 in
825 3162 937 3231 libro:

82 3290 114 3385 l)
138 3286 473 3388 Epistularum
506 3284 561 3362 D.
591 3280 812 3387 Philippi
845 3285 1039 3373 Melon-

41 3472 44 3479 ,
99 3385 316 3463 otthonis
362 3384 598 3484 Farrago,
651 3387 696 3458 in
741 3401 902 3486 portes
945 3403 1038 3463 tres

99 3490 144 3563 di
148 3493 243 3564 stri
248 3493 376 3565 husa.-
392 3484 538 3575 ”Primis
555 3490 682 3562 corius
701 3492 878 3564 materias
897 3487 998 3566 theol
1019 3534 1038 3547 ·

97 3594 196 3689 giras
211 3593 383 3667 continet.
433 3580 603 3664 Secunda
615 3592 838 3692 familiares
861 3594 1037 3692 epistolas

100 3690 215 3784 lubet,
240 3695 378 3796 quibus
389 3693 517 3799 plures
531 3720 611 3766 cum
629 3691 853 3783 domesticae,
876 3706 951 3766 turn
965 3724 1036 3797 pu-

98 3796 210 3871 blicos
223 3823 282 3869 res
295 3807 542 3896 exponuntur.
591 3793 721 3868 ‚Tertia
737 3821 785 3869 ex
802 3796 954 3870 dirersis
970 3796 1036 3871 du-

98 3911 230 3973 ctorum
246 3924 293 3971 nc
303 3898 576 3999 praestantium
594 3896 753 3970 virorum
764 3898 936 3999 ··epistolis
952 3926 1036 3972 con-

96 4012 184 4087 stat,
205 3998 346 4102 quibus
361 4026 435 4071 non
447 3998 569 4075 solum
581 3999 749 4096 privato,
773 3996 841 4072 sed
856 4002 1037 4074 etiamso-

96 4102 300 4176 clesiostico
316 4113 349 4173 et
359 4100 515 4202 politico
532 4103 679 4199 negotio
697 4112 915 4174 tractantur.

60 4274 273 4298 ⁸*-

110 4372 253 4427 etiamsi
270 4370 367 4494 pund
383 4371 423 4425 ad
442 4371 495 4425 rei
513 4344 680 4427 summam
702 4372 833 4428 attinet
858 4336 959 4427 ridet
983 4372 1034 4425 si·

111 4439 213 4494 detur
234 4442 265 4495 Α
287 4438 382 4494 eaius
407 4451 505 4496 arcte
527 4441 561 4493 de
582 4439 708 4495 doctrina
727 4441 875 4495 etiamnum
893 4440 920 4493 id
935 4442 1036 4510 sentio,

204 4507 326 4564 arbitros·
338 4506 415 4561 robis
430 4507 559 4563 omnibus
576 4509 686 4579 probari
719 4511 847 4580 quodque
868 4509 949 4563 video
963 4509 1034 4564 velle

173 4578 233 4632 ism
247 4576 445 4633 enormiorem
464 4574 603 4649 publicam
623 4596 685 4663 per
709 4579 784 4650 egit
801 4597 817 4630 a
833 4578 1033 4646 Magistrstihua

111 4654 270 4718 etpossam
283 4645 381 4700 debere
394 4645 501 4717 puniri,
524 4647 573 4700 etsi
597 4647 813 4701 discrimina
835 4656 918 4700 sunt
944 4665 1032 4718 poe·

111 4731 230 4770 sarum
250 4713 400 4769 discrimen
412 4725 452 4768 est
465 4713 537 4767 inter
548 4714 674 4768 adulterii
685 4733 787 4786 poenas
804 4725 831 4768 et
846 4716 1030 4770 scortationis.

109 4781 185 4839 llos
219 4784 256 4838 Et
268 4801 351 4854 quam
363 4781 450 4837 multa
466 4782 496 4836 in
516 4782 586 4838 hanc
604 4786 767 4838 sententiam
786 4801 848 4836 rere
868 4791 894 4836 et
911 4786 1031 4851 graviter

111 4850 277 4932 didpouint
312 4852 450 4924 disputare
462 4852 533 4972 apud
547 4850 669 4905 homines
683 4851 857 4933 doctissimos
874 4851 928 4906 ier
946 4852 1030 4909 suerit

110 4931 272 5046 uus„
295 4919 1029 5070 :ssussurusfustium

109 5058 251 5115 aculeos
273 5076 360 5114 suos
378 5055 582 5126 cohiberet,
604 5058 654 5111 ita
673 5058 838 5114 vicissim
858 5076 949 5114 nunc
967 5076 1027 5113 sos

108 5144 166 5197 pro
233 5128 301 5183 etsi
328 5125 439 5183 vohis
465 5144 514 5178 me
535 5125 715 5179 monitore
785 5125 854 5179 etsi
877 5144 940 5197 pro
967 5145 1026 5179 re·

109 5205 175 5250 stra
192 5194 392 5269 prudentia
410 5201 446 5246 et
461 5194 636 5315 gravitate
654 5193 723 5266 ipsi
748 5200 781 5248 et
804 5193 1027 5266 intelligetis

108 5280 307 5321 commones
326 5280 411 5316 esse
430 5270 464 5316 ta
484 5281 518 5316 es
534 5263 676 5317 morbos
710 5264 890 5318 maximam
910 5264 1026 5319 nullas

106 5350 225 5403 poenas
242 5332 402 5391 connivere
414 5327 599 5413 magistratum
611 5349 721 5388 necem
733 5343 787 5395 est,
809 5332 874 5404 quia
891 5331 1026 5404 legitur

107 5420 158 5457 son
169 5403 203 5459 sis
214 5419 343 5478 expressa
356 5415 449 5472 poena
460 5416 519 5453 sure
530 5398 665 5458 Romano·
684 5410 737 5459 ete.
750 5409 803 5456 etc.
821 5439 824 5442 ψ

1158 3133 1237 3188 nohis
1252 3133 1393 3187 discedens
1407 3136 1473 3187 vitae
1485 3144 1560 3188 actae
1574 3153 1621 3202 eo,
1639 3154 1694 3205 quo
1710 3136 1753 3192 hic
1766 3135 1847 3195 risit,
1866 3146 2003 3208 tempore,
2020 3144 2082 3190 stu-

1158 3202 1321 3273 diorumque
1341 3201 1528 3256 testimonium
1549 3202 1655 3274 petivit:
1681 3215 1710 3258 ut
1731 3205 1960 3272 quemadmodum
1985 3219 2081 3257 coram

1157 3271 1233 3330 Deo,
1259 3269 1385 3324 cordium
1400 3270 1594 3341 actionumque
1610 3271 1764 3342 inspectore
1780 3271 1983 3341 oculatissimo,
2009 3288 2081 3327 oon·

1157 3338 1286 3394 scientiae
1303 3338 1411 3394 bonitas
1432 3340 1621 3409 responderet,
1641 3340 1677 3394 ita
1695 3341 1780 3411 (quod
1793 3343 1941 3413 Apostolus
1958 3341 1986 3394 in
1998 3338 2080 3395 chri·

1158 3417 1199 3460 sto
1218 3425 1295 3462 servo
1315 3406 1441 3478 requirit)
1461 3416 1617 3461 exterorum
1640 3410 1719 3463 etiam
1737 3410 1807 3481 apud
1828 3428 1890 3469 eos,
1914 3408 2080 3481 quibuscum

1158 3475 1240 3533 vitam
1250 3485 1318 3529 esset
1332 3476 1461 3546 deinceps
1472 3485 1590 3544 acturus,
1606 3477 1737 3548 suffragiis
1751 3488 1831 3534 notae
1846 3479 1965 3534 melioris
1976 3496 2080 3549 appro-

1157 3547 1276 3600 baretur.
1311 3544 1404 3613 Quare
1420 3564 1485 3599 cum
1505 3564 1562 3598 eam
1583 3547 1742 3616 petitionem
1759 3546 1900 3605 honestam
1920 3558 1946 3601 et
1964 3565 2078 3618 aequam

1157 3633 1215 3667 esse
1234 3613 1436 3680 censuerimus,
1462 3613 1636 3668 testificamur
1658 3615 1774 3687 liquide,
1800 3634 1863 3669 cum
1892 3633 1993 3672 novem
2021 3615 2079 3669 lere

1157 3681 1296 3736 mensibus
1308 3681 1378 3753 apud
1392 3701 1441 3736 nos
1456 3682 1553 3763 egerit,
1572 3683 1629 3738 veri
1643 3684 1749 3737 timoris
1763 3683 1814 3736 Dei
1830 3684 1935 3753 pietatis
1956 3702 1989 3737 ue
2002 3682 2078 3756 signa

1157 3751 1306 3823 conspicua
1319 3752 1347 3802 in
1361 3769 1393 3803 eo
1407 3752 1535 3804 elusisse:
1558 3760 1588 3803 ut
1601 3752 1648 3824 qui
1660 3752 1794 3808 sinceram
1803 3750 1902 3807 Christi
1916 3704 1999 3807 tidem
2012 3772 2080 3825 pro·

1140 3818 1274 3872 -scssione
1295 3819 1349 3872 oris
1371 3818 1500 3890 cultuque
1521 3837 1598 3872 sacro
1617 3830 1727 3875 testatus
1746 3821 1794 3884 sit,
1818 3820 1894 3874 nullo
1909 3821 2025 3876 iniectus
2040 3821 2078 3876 si·
2154 3838 2156 3842 ’

1157 3889 1258 3950 nistro,
1276 3906 1392 3958 cumque
1407 3886 1459 3940 side
1474 3886 1659 3943 Ecclesiarum
1674 3908 1742 3960 quae
1758 3887 1820 3944 cum
1834 3890 1990 3960 Augustana
2007 3908 2078 3945 con·

1158 3957 1275 4011 sessione
1295 3958 1414 4011 sentiunt
1437 3967 1591 4025 pugnante,
1616 3958 1754 4028 dogmate.
1790 3958 1896 4011 Deinde
1920 3957 2078 4015 innocentia

1156 4025 1361 4095 integritateque
1374 4024 1443 4078 vitae
1456 4026 1536 4080 talem
1550 4043 1578 4077 se
1592 4027 1765 4097 praestitisse,
1784 4038 1813 4081 ut
1825 4045 1880 4081 esse
1894 4026 1979 4099 magis
1994 4046 2077 4099 quam

1156 4092 1240 4146 videri
1258 4095 1348 4146 honus
1372 4091 1500 4146 soluerit:
1524 4093 1551 4144 id
1572 4096 1645 4165 quod
1666 4095 1699 4148 de
1719 4095 1838 4149 Aristide
1859 4107 1937 4167 poeta
1954 4103 2077 4151 testatur.

1155 4163 1199 4216 De
1211 4162 1308 4215 studiis
1322 4160 1543 4216 nibil'necessum
1558 4164 1641 4218 multa
1656 4164 1762 4232 dicere,
1779 4173 1809 4218 ut
1826 4182 1945 4235 quorum
1964 4164 2077 4221 nomine

1156 4232 1189 4286 ab
1214 4230 1330 4302 inclytae
1352 4228 1550 4303 Vitebergensis
1571 4232 1733 4287 Academiae
1760 4232 1919 4287 doctoribus
1943 4242 1970 4287 et
1996 4252 2077 4305 prae-

1154 4298 2076 4443 ttttt?bttttit‘tlt'ttttlz'ttt.‘tttltstltls{¹¹,ttz

1154 4439 1229 4491 hant.
1266 4436 1509 4491 conversationem
1524 4437 1581 4491 eius
1595 4448 1697 4510 gratam
1711 4437 1870 4500 habuimus,
1887 4448 1914 4493 et
1928 4441 2000 4512 piam
2017 4440 2075 4495 eiua

1153 4503 1319 4560 voluntatem
1340 4504 1472 4560 Ecclesias
1491 4505 1634 4579 studiaque
1652 4517 1782 4578 quantum
1799 4508 1826 4561 in
1842 4510 1901 4581 ipso
1914 4517 1953 4563 est
1965 4508 2075 4565 iuvandi

1153 4574 1309 4629 laudamus:
1340 4585 1422 4645 atque
1463 4592 1600 4638 recamur,
1626 4577 1659 4631 ad
1681 4593 1860 4648 quoscunque
1880 4586 2008 4632 venturus
2026 4590 2077 4641 est,

1152 4654 1182 4697 ut
1200 4642 1271 4696 haud
1292 4642 1300 4693 i
1320 4662 1419 4696 navum
1462 4642 1486 4696 ei
1503 4663 1652 4727 organum,
1672 4656 1784 4727 propter
1795 4645 1962 4714 Dominum,
1982 4647 2075 4701 farore

1151 4728 1200 4765 suo
1221 4661 1457 4782 complectantur,
1479 4711 1601 4769 consiliis
1619 4714 1776 4784 auxiliisque
1798 4714 1901 4771 iuvent.
1936 4715 2074 4787 Rogamus

1150 4782 1253 4835 interea
1272 4791 1376 4850 patrem
1397 4791 1537 4834 aeternum
1551 4782 1668 4837 Domini
1687 4783 1772 4836 nostri
1786 4783 1846 4837 lesu
1860 4783 1975 4847 Christi,
1994 4794 2023 4835 ut
2044 4785 2073 4838 iss

1149 4848 1189 4902 bis
1203 4849 1345 4923 postremis
1359 4848 1580 4922 difficillimisque
1594 4852 1765 4922 temporibus
1778 4852 1911 4924 respicere
1922 4850 2071 4906 Ecclesiam

1148 4916 1361 4972 misericorditer
1381 4918 1522 4990 dignetur,
1547 4929 1786 4991 tempestatemque
1813 4921 1922 4974 esitium
1946 4920 2072 4976 Ecclesiis

1149 4998 1176 5040 et
1187 4985 1394 5057 Rebuspuhlicis
1407 4988 1556 5042 minantem
1574 4990 1665 5057 verbo,
1685 5009 1739 5060 quo
1753 4988 1859 5060 perlicit
1874 4989 1976 5071 omnia,
1990 5007 2069 5059 com·

1148 5067 1253 5128 peccat:
1287 5065 1312 5107 et
1334 5055 1443 5125 largiter
1461 5076 1571 5125 pacem,
1597 5066 1773 5129 sanctamque
1792 5059 1820 5111 in
1841 5057 1900 5129 ipso
1921 5054 2068 5128 ὄμονοιαν,

1147 5142 1202 5195 quo
1215 5124 1371 5194 incorrupta
1387 5125 1510 5179 doctrina
1530 5126 1627 5250 piaque
1644 5126 1732 5180 studia
1748 5124 1849 5189 excoli,
1869 5126 2000 5197 provehi,
2019 5129 2068 5184 ad·

1146 5212 1199 5264 que
1217 5203 1340 5264 posteros
1360 5191 1404 5246 lus
1422 5193 1541 5250 ueritatis
1555 5214 1582 5249 ss
1597 5194 1690 5252 vificae
1707 5196 1848 5268 propagari
1862 5205 1960 5264 queat:
1978 5196 2069 5251 idem·

1146 5280 1199 5334 que
1212 5272 1315 5324 servet,
1333 5273 1408 5332 regat
1421 5271 1446 5315 et
1460 5262 1602 5318 confirmet
1619 5264 1749 5319 docentes
1763 5273 1790 5317 et
1807 5264 1939 5319 discentes
1975 5265 2008 5318 ad
2025 5266 2068 5320 sui

1146 5329 1268 5385 nominis
1288 5328 1414 5401 gloriam.
1451 5330 1553 5387 Valcte.
1589 5332 1675 5388 Datac
1690 5332 1824 5401 Basileae,
1844 5344 1918 5389 sexto
1933 5302 2067 5391 (blendia

1145 5398 1320 5455 Februariass
1338 5400 1420 5456 Auno
1435 5400 1527 5457 ulutis
1539 5413 1631 5475 partae
1646 5401 1727 5463 156⁸,
