4500 5782
169 242 247 319 no
758 222 1199 301 urrsroranuu
1247 182 1436 303 n1ass11.
1491 222 1621 298 1620.
1771 190 1774 195 ’
2133 232 2210 305 220

167 442 227 491 ma
256 408 522 485 resurrectionis
540 402 676 477 Christi
705 394 888 493 triumpho
914 399 961 469 ad
985 392 1053 473 hoc
1074 412 1165 471 tem·
1212 394 1295 485 b'as,
1319 411 1361 469 ut
1371 392 1641 487 Philosophiam
1660 395 1772 488 ipsam
1792 396 1874 468 ideo
1895 400 2068 490 sprevisse
2087 402 2211 475 vides-

165 523 269 617 plum
282 514 409 587 „netis
424 510 591 583 omnibus
607 507 764 576 dicatum
783 514 1046 575 concurrerent.
1095 498 1164 569 Vt.
1213 501 1281 585 ris,
1301 566 1304 573 .
1325 500 1427 594 qussi
1454 494 1700 569 vehementem
1728 494 1821 569 hanc
1852 512 1952 571 tuam
1987 526 2029 573 ac
2055 506 2211 577 tuom

168 628 258 697 dens
281 632 400 689 autem
419 608 716 707 prudentissimus
744 605 807 675 ille
824 599 996 675 Antiates:
1009 625 1164 695 propeu·
1213 617 1379 673 naturam
1401 603 1446 671 ab
1469 596 1534 671 hac
1557 622 1700 670 morum
1717 602 1884 691 magistra
1902 604 2032 694 corrigi
2048 620 2209 701 unquam

167 725 341 799 sissimam
367 718 408 787 in
438 714 601 785 divinum
634 710 769 779 cultum
791 705 969 799 Principis
997 718 1163 787 mentem,
1212 714 1314 797 posse
1333 706 1548 795 desperares.
1598 701 1670 773 Sed
1686 702 1770 771 saitis
1784 728 1874 794 puer
1888 726 1952 795 ego
1967 706 2125 797 legeram
2141 710 2209 777 inu·

168 822 341 917 singulari
360 820 513 914 quadam
532 812 750 901 benignitate
770 821 913 879 centum
935 808 1011 877 dies
1035 802 1164 875 horum
1213 807 1364 899 positam
1382 806 1523 874 nohisa
1546 817 1671 875 natura
1686 826 1873 896 personam
1894 828 2126 897 magnacum
2150 834 2209 881 ex-

169 926 375 1002 eoelestium
401 940 591 989 munerum
622 913 694 982 illis
713 909 880 982 omnibus
905 908 1073 998 elargitus
1101 919 1165 991 est,
1214 908 1378 979 cellentia
1407 906 1690 999 praestantiaque
1713 906 1949 977 animantium
1974 910 2208 1005 reliquorum,

170 1030 235 1127 qui
254 1052 319 1121 pro
342 1025 406 1095 tali
428 1047 468 1091 ac
492 1031 590 1088 tsinto
613 1013 713 1084 Duce
737 1013 980 1083 conservando
1004 1012 1054 1079 'ad
1076 1005 1164 1100 Ops.
1214 1013 1383 1102 datasque
1404 1008 1633 1093 constantiae,
1656 1009 1923 1094 moderationis,
1947 1013 2208 1104 temperantiae,

169 1134 288 1207 Deum
310 1148 429 1219 preces
459 1120 694 1191 effunderent.
750 1110 799 1185 At
823 1108 1041 1197 Martinus,
1076 1113 1161 1181 dum
1214 1110 1447 1182 verecundiae
1472 1123 1606 1203 partes,
1638 1108 1686 1179 ita
1708 1112 1806 1203 quod
1828 1111 1997 1181 decorum
2026 1115 2208 1208 quoddam

162 1232 342 1331 spiritalia
370 1224 457 1297 haec
487 1223 582 1291 dona
611 1217 784 1288 vilissima
814 1214 1017 1308 quaepiam,
1047 1236 1164 1305 neque
1214 1215 1255 1283 in
1271 1214 1343 1283 vita
1366 1213 1504 1282 elucere
1526 1212 1670 1296 debeat,
1694 1214 1790 1305 quod
1815 1227 1956 1283 moveat
1978 1216 2207 1307 approbatio-

170 1340 229 1439 (nt
246 1358 311 1405 suo
330 1331 440 1399 verbo
460 1319 558 1416 utar)
579 1318 780 1403 meritoria,
812 1340 928 1411 nequo
947 1316 1070 1398 utilia,
1103 1316 1164 1383 sed
1214 1340 1297 1385 nem
1324 1338 1467 1397 eorum,
1500 1313 1712 1406 quibuscum
1733 1314 1869 1384 vivitur
1885 1316 2134 1389 moderatione
2152 1318 2207 1389 di·

169 1442 380 1537 plerumque
396 1424 647 1499 nocentissima
664 1445 737 1491 esse
755 1419 956 1504 contendit,
980 1432 1016 1489 et
1031 1416 1165 1509 patriae
1215 1432 1352 1487 ctorum
1376 1416 1538 1485 omnium
1560 1429 1664 1510 atque
1692 1416 1878 1490 factonrm.
1928 1414 2072 1489 Horum
2091 1432 2206 1491 autur

172 1539 383 1630 religionem
406 1526 595 1617 extinguit,
626 1538 661 1594 et
680 1521 858 1612 Principis
886 1519 1164 1589 incolumitatem
1215 1518 1377 1589 omnium
1393 1516 1580 1607 disciplina
1604 1518 1650 1585 ab
1668 1516 1886 1605 indagatrice
1906 1519 2083 1590 virtutum
2104 1534 2206 1617 atque

172 1644 327 1717 invisam
341 1632 459 1705 hahet.
507 1626 630 1721 Neque
644 1625 740 1694 enim
755 1623 830 1691 heri
845 1636 977 1712 potest,
995 1634 1037 1691 ut
1049 1644 1165 1711 popu·
1215 1622 1385 1689 vitiorum
1430 1618 1623 1709 expultrice
1668 1614 1901 1710 Philosophia
1946 1624 2121 1712 petenda
2142 1636 2206 1695 tat.

170 1755 247 1834 lus,
276 1741 340 1837 qui
370 1730 579 1807 huiusmodi
606 1726 772 1819 praemiis
794 1725 943 1795 allectus
963 1735 997 1792 et
1026 1745 1164 1793 sacrum
1216 1722 1335 1811 Quam
1355 1720 1419 1812 qui
1438 1721 1651 1809 neglexerit,
1676 1720 1768 1789 illud
1784 1721 1889 1789 etiam
1905 1722 2206 1794 decorum-omni-

168 1848 335 1926 Phannm
364 1838 517 1908 invisere
552 1844 588 1902 et
621 1854 643 1898 a
662 1826 739 1897 Deo
768 1824 928 1897 Maximo
950 1823 1045 1896 Duci
1068 1824 1163 1892 bona
1215 1848 1263 1893 no
1286 1834 1504 1906 contemnet,
1530 1846 1601 1915 quo
1623 1815 1731 1891 homo
1753 1845 1772 1890 a
1795 1824 1940 1892 caeteris
1965 1822 2207 1897 animantibus

170 1947 310 2053 precari
325 1946 571 2017 consueverat,
595 1954 637 1999 ex
653 1924 711 1998 his
725 1928 829 1999 novis
844 1926 1074 2017 opinionibus
1089 1948 1164 1994 non
1215 1925 1350 1994 differt:
1391 1923 1511 2016 sicque
1538 1918 1721 1992 hominem
1751 1938 1876 1995 exutus
1906 1926 2055 1995 brutum
2083 1928 2207 1999 evadat

170 2050 412 2131 conturbetur,
425 2051 633 2128 tantumque
649 2030 894 2123 proculdubio
908 2054 929 2097 a
940 2026 1165 2099 caerimoniis
1215 2026 1349 2097 animal
1370 2048 1509 2095 necesse
1529 2037 1592 2097 est.
1644 2022 1771 2093 Videte
1790 2026 1916 2115 igitur,
1937 2026 2007 2096 viri
2022 2024 2236 2113 Genuam,-

170 2133 755 2246 etsupplicationibusabstinebit,
772 2144 945 2224 quanm
960 2129 1030 2200 sibi
1045 2128 1164 2196 minus
1214 2130 1245 2197 si
1257 2120 1422 2197 Lutcrus
1436 2122 1591 2196 Etbicen
1608 2126 1760 2218 spernit,
1784 2126 1871 2220 quid
1887 2128 1990 2197 robis
2008 2129 2056 2199 sit
2076 2131 2123 2201 de
2145 2130 2206 2201 illo

169 2264 263 2335 bene
292 2247 493 2323 consultum
529 2237 574 2307 iri
613 2249 675 2305 aut
702 2234 837 2317 credet,
873 2245 935 2302 aut
968 2225 1164 2300 haesitabit.
1214 2230 1450 2300 sentiendum.
1499 2223 1549 2297 At
1564 2227 1594 2295 si
1608 2250 1645 2295 se
1660 2228 1758 2297 illius
1776 2230 1948 2298 cultorem
1967 2230 2075 2301 faciat
2096 2232 2207 2305 inter-

172 2362 276 2453 Quae
291 2349 410 2423 omnia
429 2366 540 2438 quum
554 2328 823 2408 acuteLaterus
836 2332 1068 2424 praeviderit,
1090 2353 1165 2400 non
1215 2332 1362 2421 rogetis,
1384 2354 1492 2423 quam
1507 2343 1636 2397 sectam
1660 2330 1884 2420 potissimum
1904 2332 2088 2421 delegerit:
2114 2330 2206 2403 thesb

171 2478 235 2549 0³1,
250 2480 322 2553 quo
337 2474 373 2521 se
386 2448 461 2518 ullo
477 2463 636 2535 unquam
648 2450 750 2529 pacto
766 2457 929 2506 excusare
944 2446 1060 2527 queat,
1076 2433 1165 2525 quin
1214 2434 1453 2516 demicamne,
1487 2454 1536 2501 an
1555 2428 1843 2521 Peripateticum,
1878 2454 1927 2501 an
1948 2431 2125 2521 Stoicam,
2160 2456 2204 2505 au

170 2559 354 2663 propriam
373 2550 517 2621 laudem
538 2556 574 2613 et
590 2540 759 2631 gloriam,
784 2561 891 2630 quam
915 2530 1036 2605 erbis
1060 2533 1165 2603 novi·
1214 2534 1463 2629 Cyrenaicam,
1502 2555 1550 2601 an
1580 2528 1761 2617 Eliacam,
1804 2556 1852 2601 an
1881 2531 2119 2625 Megaricam,
2161 2556 2205 2605 stt

171 2667 305 2742 tatibus
323 2649 493 2744 aucupari
507 2646 668 2725 videtur,
685 2639 820 2732 patriae
840 2652 875 2709 et
888 2636 1068 2729 Principis
1080 2630 1166 2705 cha·
1214 2658 1453 2731 quancunque
1475 2634 1595 2707 aliam.
1653 2632 1725 2705 Sed
1753 2634 1816 2728 qui
1836 2631 2090 2727 Peripateticos
2110 2636 2206 2709 ridet

172 2767 270 2843 risaei
283 2749 537 2855 praeposuerit.
573 2743 761 2815 Coniicere
778 2736 864 2810 hinc
879 2739 997 2831 itaque
1008 2737 1165 2829 potestis,
1213 2734 1526 2829 Christianumque
1549 2734 1695 2806 sedicit
1722 2759 1796 2806 esse
1824 2760 1900 2806 non
1921 2733 2205 2831 Pythagoricum,

172 2868 270 2969 quod
292 2866 341 2946 is,
367 2857 429 2952 qui
448 2847 688 2922 charissimam
708 2841 860 2936 patriam
878 2854 912 2910 et
926 2837 1166 2930 Religiosissi-
1214 2863 1337 2910 omnes
1363 2833 1503 2931 (credo)
1529 2837 1617 2906 alias
1648 2832 1786 2907 scholas
1817 2833 1926 2906 nihili
1948 2841 2099 2931 pendet:
2136 2840 2205 2911 nisi

172 2994 272 3045 mum
300 2962 437 3034 Ducem
464 2950 635 3047 (quorum
661 2946 809 3016 alteram
838 2956 966 3013 natura
997 2941 1164 3011 omnihus
1214 2943 1305 3012 torte
1318 2938 1474 3035 Cynicus
1491 2939 1594 3009 malit
1615 2932 1757 3023 haberi,
1782 2938 1845 3032 qui
1862 2962 2002 3026 omnes,
2027 2955 2064 3012 et
2078 2964 2205 3035 parvos

172 3066 399 3149 hominibus,
436 3059 588 3127 alterum
614 3049 671 3117 lex
699 3046 827 3140 cuique
852 3044 968 3137 patria
991 3056 1027 3113 et
1050 3041 1164 3111 civilis
1215 3056 1424 3132 etmaguos,
1443 3041 1574 3112 latratu
1587 3054 1733 3125 terreat,
1758 3064 1881 3111 morsu
1904 3041 2056 3113 dilaniet
2078 3066 2122 3114 ac
2142 3064 2206 3137 per

173 3168 376 3251 coniunctio
404 3151 587 3247 conciliat)
616 3172 701 3245 prae
734 3172 798 3218 sua
830 3146 1022 3239 eupiditate
1052 3166 1164 3214 novae
1214 3160 1324 3217 totam
1354 3144 1426 3213 iam
1447 3140 1602 3214 Romam
1634 3156 1740 3235 atque
1761 3139 1901 3212 ltaliam
1931 3144 2205 3215 dentibus-am-

174 3276 307 3373 gloriae
327 3270 367 3337 in
387 3260 560 3357 spiritales
581 3256 743 3324 iacturas·
757 3273 798 3319 ac
823 3262 963 3341 turpem
980 3246 1164 3315 infamiam
1214 3248 1325 3320 bulct.
1391 3239 1536 3336 Opinor
1557 3266 1620 3333 ego
1643 3244 1746 3314 illum
1767 3257 1954 3335 eapropter
1974 3268 2051 3315 non
2071 3242 2205 3317 C'anert

173 3388 296 3457 vocat,
316 3386 503 3459 nunquam
521 3380 585 3427 vos
597 3353 807 3424 remotiores
826 3349 939 3443 pluris
954 3347 1164 3419 aestimabit.
1214 3350 1340 3431 modo,
1375 3350 1434 3415 sed
1456 3360 1490 3415 et
1509 3368 1679 3435 magnum
1700 3342 1850 3430 Canem,
1882 3346 2052 3417 immo-et
2073 3344 2205 3419 Cerba-

172 3481 268 3557 Nam
284 3474 314 3543 si
330 3474 369 3540 in
383 3462 528 3561 proprio
542 3454 739 3545 municipio
756 3454 913 3541 ingratus
926 3464 978 3520 est
992 3463 1025 3520 et
1038 3450 1164 3531 malus,
1214 3475 1294 3520 nrm
1310 3448 1412 3518 facile
1425 3448 1538 3517 videri
1556 3471 1677 3538 posse,
1703 3448 1761 3517 cui
1775 3470 1848 3515 non
1862 3448 1946 3519 satis
1961 3448 2071 3519 tuerit
2090 3450 2132 3519 in
2149 3448 2206 3519 vi-

175 3577 356 3679 quomodo
367 3572 407 3641 in
420 3559 603 3659 provincia
618 3570 736 3646 gratus
751 3567 785 3623 et
797 3554 914 3621 bonus
926 3574 1000 3620 esse
1013 3549 1165 3641 poterit?
1215 3574 1279 3621 vos
1295 3549 1489 3639 genuinum
1507 3572 1683 3633 exercere,
1706 3548 1778 3616 nisi
1795 3563 1831 3620 et
1843 3549 1996 3619 mortuis
2015 3550 2127 3621 etiam
2143 3552 2205 3623 ed-

168 3674 293 3759 'Mulya
316 3673 376 3747 hie
393 3679 572 3763 praetereo
590 3658 769 3738 consulto,
796 3677 905 3747 quae,
931 3652 1100 3745 quoniam
1119 3652 1165 3719 ad
1215 3652 1369 3753 latraret.
1420 3648 1620 3720 Voluissem
1634 3672 1697 3739 ego
1712 3650 1847 3742 potius,
1871 3650 2207 3725 voluisseutetmc-

175 3798 328 3858 vestram
341 3774 482 3845 laudem
497 3778 531 3835 et
546 3761 694 3853 gloriam
710 3756 887 3850 pertinere
901 3754 1079 3836 videntur,
1095 3752 1165 3821 alio
1216 3776 1297 3823 cum
1311 3752 1400 3827 honi
1414 3775 1536 3821 omnes
1552 3764 1586 3822 te
1606 3752 1717 3840 magis
1728 3746 2004 3845 Pythagoricum
2024 3748 2206 3827 exhibitis-

175 3890 256 3961 toco
271 3908 291 3953 a
306 3902 364 3949 me
380 3870 528 3946 dicenda
542 3877 641 3946 sunt,
662 3882 760 3930 nunc
779 3859 824 3928 ad
843 3856 955 3945 magis
973 3853 1166 3924 necessaria
1217 3878 1286 3937 ses,
1312 3848 1500 3937 Martiae,
1527 3867 1562 3924 et
1584 3876 1649 3945 per
1668 3853 1850 3923 silentium
1875 3854 1977 3947 loqui
1995 3868 2033 3924 et
2054 3858 2207 3927 scribere

176 3990 320 4063 festinat
339 3976 462 4049 oratio.
523 3965 631 4056 Quod
656 3963 764 4051 igitur
784 3955 891 4043 haec,
917 3980 1006 4051 quae
1025 3956 1168 4046 scripsit
1218 3956 1411 4027 didicisses.
1468 3952 1528 4025 Sic
1553 3977 1695 4047 nanque
1721 3954 1761 4023 in
1783 3956 1925 4026 silentio
1950 3970 1987 4027 et
2008 3980 2089 4049 spe,
2121 3970 2206 4031 teste

178 4088 360 4167 Litteras,
394 4071 616 4146 nobilitatem
641 4062 891 4135 Germanicam
924 4058 1074 4127 minime
1103 4057 1168 4126 dc-
1215 4056 1341 4141 Esaia,
1365 4055 1554 4127 Fortitudo
1570 4071 1629 4127 tua
1645 4079 1744 4125 nunc
1762 4070 1860 4130 esset.
1917 4056 1979 4128 Sic
1996 4070 2032 4127 te
2053 4060 2094 4129 in
2113 4060 2204 4133 titte-

179 4206 297 4275 eeant‚
325 4176 408 4254 satis
426 4180 465 4246 in
487 4168 683 4267 praesentia
696 4188 761 4234 vos
777 4161 989 4234 intellexisse
1002 4160 1167 4241 arbitror,
1216 4159 1310 4229 ratio
1326 4159 1403 4228 ocio
1422 4159 1650 4251 tranquillam
1667 4160 1853 4229 ducentem
1866 4158 1994 4244 vitam,
2018 4182 2128 4233 nemo
2149 4146 2207 4233 aa:

179 4318 276 4367 nunc
297 4298 470 4383 quantum
486 4302 505 4345 a
522 4262 736 4367 philosopho
758 4266 872 4335 aliena
895 4264 984 4345 sint,
1003 4261 1167 4332 audiatis.
1218 4274 1373 4343 carsaret,
1405 4283 1509 4328 nemo
1541 4262 1737 4332 damnaret.
1799 4259 1860 4331 Sic
1882 4254 2142 4354 Pythagoricus
2172 4276 2205 4333 et

178 4391 432 4471 Difficillimam
444 4376 537 4449 hanc
560 4371 664 4442 nobis
677 4379 814 4461 partem
832 4366 1006 4447 futuram,
1025 4359 1169 4432 Princi-
1217 4358 1440 4433 Christianus
1482 4362 1610 4431 melior
1645 4361 1817 4429 videreris
1862 4374 1896 4429 ut
1928 4384 2033 4437 esses.
2104 4362 2206 4435 Nunc

179 4520 253 4595 pes,
270 4484 486 4585 apertissime
500 4478 616 4557 video,
638 4466 926 4563 quandoquidem
940 4464 1013 4533 sive
1027 4465 1072 4534 de
1085 4458 1169 4554 phi·
1218 4488 1302 4533 vero
1325 4464 1512 4556 quoniam,
1537 4475 1578 4532 ut
1599 4462 1689 4531 alter
1710 4458 1818 4531 Helio
1834 4459 1979 4533 Burites
1997 4464 2095 4555 apud
2116 4464 2206 4537 San-

181 4592 352 4688 losophia,
368 4608 457 4681 quae
473 4583 517 4649 de
531 4580 603 4647 vita
617 4571 824 4642 etmaribus
839 4566 1062 4652 tractatrixe
1077 4587 1167 4657 quae
1217 4566 1410 4635 ctissimum
1438 4562 1521 4649 lob,
1560 4560 1790 4656 Antiquiores
1814 4564 2049 4635 floccitaciens
2076 4587 2207 4639 noram

123 4736 126 4741 ·
181 4707 220 4775 in
239 4684 535 4781 contemplatione
561 4700 682 4747 rerum
709 4670 978 4762 cognitioneque
998 4666 1168 4749 consistit,
1217 4680 1317 4737 tuam
1328 4666 1509 4735 scientiam
1523 4667 1707 4737 ostendere
1723 4664 1870 4735 voluisti
1892 4688 1932 4733 ac
1951 4679 2207 4761 tanquamser·

181 4802 280 4899 loqui
309 4793 473 4869 voluero,
511 4782 762 4851 reclamantem
792 4795 930 4862 semper
952 4763 1167 4839 Martinam
1217 4768 1386 4837 monibus
1413 4768 1541 4858 plenus
1572 4788 1663 4837 esses
1706 4779 1743 4836 et
1781 4778 1814 4836 te
1843 4766 1936 4836 uteri
1963 4768 2018 4838 tui
2051 4766 2208 4862 Spiritus

179 4905 334 4981 audiam,
392 4887 492 4979 Quid
511 4878 601 4952 mihi
629 4903 710 4947 cum
735 4868 985 4968 philosophia?
1038 4868 1168 4941 Nonne
1218 4881 1408 4952 coartaret,
1446 4882 1640 4962 venterque
1666 4882 1766 4952 tuus,
1806 4867 1909 4960 quasi
1932 4884 2093 4941 mustum
2121 4886 2208 4945 mel

180 5000 408 5081 Aristotelem
421 4992 459 5060 in
475 4982 613 5076 scriptis
627 4980 714 5048 meis
727 4969 980 5070 philosophum
995 4971 1169 5061 insipien·
1217 4973 1349 5064 absque
1362 4970 1556 5061 spiraculo,
1579 4971 1676 5063 quod
1698 4968 1903 5058 lagunculas
1922 4992 2035 5041 novas
2051 4972 2209 5047 dirrum-

180 5127 251 5184 tem
276 5093 469 5196 appellavi,
493 5090 533 5157 in
551 5080 675 5155 ethicis
695 5077 932 5160 fabulantem,
956 5087 991 5144 et
1002 5069 1169 5142 Philoso-
1217 5074 1285 5165 pit,
1326 5072 1548 5165 eloquentiae
1578 5085 1660 5142 tuae
1687 5071 1861 5139 miraculo
1886 5084 2019 5142 terrere
2047 5070 2209 5147 homines

180 5208 303 5307 phiam
332 5204 448 5293 ipsam·
469 5184 686 5273 Theologiae
716 5178 873 5271 pestem?
933 5173 1033 5264 Quid
1059 5174 1169 5263 igitur
1218 5174 1418 5256 credidisti,
1442 5173 1629 5267 quoniam,
1658 5173 1822 5266 inquam,
1850 5196 1924 5241 non
1938 5176 2088 5265 potuisti
2102 5178 2142 5246 in
2156 5178 2208 5247 lo-

181 5308 270 5384 mihi
293 5327 371 5375 cunr
387 5284 642 5382 Philosophia?
690 5276 812 5363 Nihil,
841 5272 1012 5347 Martiae
1031 5277 1085 5345 mi
1110 5274 1169 5370 (ut
1218 5276 1361 5369 quando
1384 5276 1547 5365 spiritum
1570 5289 1673 5346 tuum
1696 5270 1862 5343 cohibere
1885 5272 1942 5368 (ut
1959 5274 2137 5349 solomon
2153 5279 2209 5349 di·

182 5406 370 5497 arbitror),
394 5398 514 5493 quiite
533 5387 762 5461 immoderate
780 5395 815 5454 et
830 5379 1065 5483 inverecunde
1081 5377 1169 5448 scri·
1219 5374 1300 5469 cit),
1325 5376 1451 5446 iccirco
1469 5376 1560 5447 sicut
1575 5373 1671 5447 Urbs
1687 5390 1812 5467 patens
1825 5389 1861 5446 et
1876 5376 2010 5471 absque
2024 5402 2208 5453 murorum
