<?xml version="1.0" encoding="UTF-8"?>
<!DOCTYPE html PUBLIC "-//W3C//DTD XHTML 1.0 Transitional//EN"
    "http://www.w3.org/TR/xhtml1/DTD/xhtml1-transitional.dtd">
<html xmlns="http://www.w3.org/1999/xhtml" xml:lang="en" lang="en">
 <head>
  <title>
</title>
<meta http-equiv="Content-Type" content="text/html;charset=utf-8" />
  <meta name='ocr-system' content='tesseract 3.04.00' />
  <meta name='ocr-capabilities' content='ocr_page ocr_carea ocr_par ocr_line ocrx_word'/>
</head>
<body>
  <div class='ocr_page' id='page_1' title='image "./corpusreformato07melagoog/corpusreformato07melagoog_0298.png"; bbox 0 0 4500 5782; ppageno 0'>
   <div class='ocr_carea' id='block_1_1' title="bbox 91 193 2132 324">
    <p class='ocr_par' dir='ltr' id='par_1_1' title="bbox 91 193 2132 324">
     <span class='ocr_line' id='line_1_1' title="bbox 91 193 2132 324; baseline 0.004 -9"><span class='ocrx_word' id='word_1_1' title='bbox 91 228 168 315; x_wconf 77' lang='lat' dir='ltr'><strong>sos</strong></span> <span class='ocrx_word' id='word_1_2' title='bbox 556 294 566 320; x_wconf 88' lang='grc'><strong><em>,</em></strong></span> <span class='ocrx_word' id='word_1_3' title='bbox 688 238 1122 320; x_wconf 73' lang='lat' dir='ltr'><strong>uarsromnou</strong></span> <span class='ocrx_word' id='word_1_4' title='bbox 1170 210 1360 318; x_wconf 79' lang='lat' dir='ltr'><strong>mnu.</strong></span> <span class='ocrx_word' id='word_1_5' title='bbox 1412 238 1540 320; x_wconf 77' lang='lat'><strong>1521.</strong></span> <span class='ocrx_word' id='word_1_6' title='bbox 1781 210 1855 231; x_wconf 80' lang='grc'>”</span> <span class='ocrx_word' id='word_1_7' title='bbox 1975 193 2132 324; x_wconf 65' lang='lat' dir='ltr'><strong>xtos</strong></span> 
     </span>
    </p>
   </div>
   <div class='ocr_carea' id='block_1_2' title="bbox 89 411 2228 5211">
    <p class='ocr_par' dir='ltr' id='par_1_2' title="bbox 89 411 2228 5211">
     <span class='ocr_line' id='line_1_2' title="bbox 91 411 2132 512; baseline 0 -21"><span class='ocrx_word' id='word_1_8' title='bbox 91 412 387 512; x_wconf 66' lang='lat' dir='ltr'><strong>chrysostomus,</strong></span> <span class='ocrx_word' id='word_1_9' title='bbox 428 415 491 509; x_wconf 87' lang='lat' dir='ltr'><strong>qui</strong></span> <span class='ocrx_word' id='word_1_10' title='bbox 520 427 660 487; x_wconf 88' lang='lat' dir='ltr'><strong>tantum</strong></span> <span class='ocrx_word' id='word_1_11' title='bbox 691 417 805 504; x_wconf 83' lang='lat' dir='ltr'><strong>abest,</strong></span> <span class='ocrx_word' id='word_1_12' title='bbox 842 430 883 489; x_wconf 89' lang='lat' dir='ltr'><strong>ut</strong></span> <span class='ocrx_word' id='word_1_13' title='bbox 913 417 1090 487; x_wconf 90' lang='lat' dir='ltr'><strong>vindicari</strong></span> <span class='ocrx_word' id='word_1_14' title='bbox 1139 411 1279 486; x_wconf 81' lang='lat' dir='ltr'><strong>llinon</strong></span> <span class='ocrx_word' id='word_1_15' title='bbox 1291 415 1399 485; x_wconf 89' lang='lat' dir='ltr'><strong>modo</strong></span> <span class='ocrx_word' id='word_1_16' title='bbox 1415 427 1702 507; x_wconf 89' lang='lat' dir='ltr'><strong>nonpeccatum,</strong></span> <span class='ocrx_word' id='word_1_17' title='bbox 1733 418 1843 490; x_wconf 88' lang='lat' dir='ltr'><strong>sedet</strong></span> <span class='ocrx_word' id='word_1_18' title='bbox 1859 421 2026 492; x_wconf 88' lang='lat' dir='ltr'><strong>meritum</strong></span> <span class='ocrx_word' id='word_1_19' title='bbox 2045 447 2132 495; x_wconf 87' lang='lat' dir='ltr'><strong>eou-</strong></span> 
     </span>
     <span class='ocr_line' id='line_1_3' title="bbox 91 518 2133 617; baseline 0.004 -30"><span class='ocrx_word' id='word_1_20' title='bbox 91 518 295 613; x_wconf 85' lang='lat' dir='ltr'><strong>pcrmittat,</strong></span> <span class='ocrx_word' id='word_1_21' title='bbox 319 532 447 587; x_wconf 89' lang='lat' dir='ltr'><strong>utnon</strong></span> <span class='ocrx_word' id='word_1_22' title='bbox 471 518 577 586; x_wconf 92' lang='lat' dir='ltr'><strong>aliam</strong></span> <span class='ocrx_word' id='word_1_23' title='bbox 598 519 711 608; x_wconf 91' lang='lat' dir='ltr'><strong>legem</strong></span> <span class='ocrx_word' id='word_1_24' title='bbox 734 520 848 609; x_wconf 81' lang='lat' dir='ltr'><strong>exigat</strong></span> <span class='ocrx_word' id='word_1_25' title='bbox 863 520 1089 612; x_wconf 78' lang='lat' dir='ltr'><strong>pertinacius.</strong></span> <span class='ocrx_word' id='word_1_26' title='bbox 1138 519 1218 608; x_wconf 91' lang='lat' dir='ltr'><strong>grui</strong></span> <span class='ocrx_word' id='word_1_27' title='bbox 1233 530 1375 587; x_wconf 89' lang='lat' dir='ltr'><strong>censent</strong></span> <span class='ocrx_word' id='word_1_28' title='bbox 1390 540 1464 586; x_wconf 91' lang='lat' dir='ltr'><strong>esse</strong></span> <span class='ocrx_word' id='word_1_29' title='bbox 1480 518 1627 587; x_wconf 91' lang='lat' dir='ltr'><strong>moralia</strong></span> <span class='ocrx_word' id='word_1_30' title='bbox 1644 522 1843 611; x_wconf 81' lang='lat' dir='ltr'><strong>quaedam,</strong></span> <span class='ocrx_word' id='word_1_31' title='bbox 1859 523 1908 591; x_wconf 90' lang='lat' dir='ltr'><strong>sic</strong></span> <span class='ocrx_word' id='word_1_32' title='bbox 1924 524 2133 617; x_wconf 87' lang='lat' dir='ltr'><strong>loquuntur,</strong></span> 
     </span>
     <span class='ocr_line' id='line_1_4' title="bbox 92 613 2131 718; baseline 0.001 -25"><span class='ocrx_word' id='word_1_33' title='bbox 92 614 219 693; x_wconf 79' lang='lat' dir='ltr'><strong>Exstat</strong></span> <span class='ocrx_word' id='word_1_34' title='bbox 231 620 328 689; x_wconf 91' lang='lat' dir='ltr'><strong>illius</strong></span> <span class='ocrx_word' id='word_1_35' title='bbox 341 613 483 713; x_wconf 73' lang='grc' dir='ltr'><strong>ὁμιλία,</strong></span> <span class='ocrx_word' id='word_1_36' title='bbox 511 644 619 713; x_wconf 91' lang='lat' dir='ltr'><strong>quam</strong></span> <span class='ocrx_word' id='word_1_37' title='bbox 632 621 663 689; x_wconf 88' lang='lat' dir='ltr'><strong>si</strong></span> <span class='ocrx_word' id='word_1_38' title='bbox 677 620 760 691; x_wconf 92' lang='lat' dir='ltr'><strong>licet</strong></span> <span class='ocrx_word' id='word_1_39' title='bbox 775 622 876 691; x_wconf 89' lang='lat' dir='ltr'><strong>vobis</strong></span> <span class='ocrx_word' id='word_1_40' title='bbox 896 645 960 714; x_wconf 89' lang='lat' dir='ltr'><strong>per</strong></span> <span class='ocrx_word' id='word_1_41' title='bbox 981 644 1089 715; x_wconf 88' lang='lat' dir='ltr'><strong>parva</strong></span> <span class='ocrx_word' id='word_1_42' title='bbox 1139 644 1257 712; x_wconf 91' lang='lat' dir='ltr'><strong>opera.</strong></span> <span class='ocrx_word' id='word_1_43' title='bbox 1309 613 1345 687; x_wconf 92' lang='grc' dir='ltr'>Ο</span> <span class='ocrx_word' id='word_1_44' title='bbox 1367 618 1576 692; x_wconf 86' lang='lat' dir='ltr'><strong>caecitatem.</strong></span> <span class='ocrx_word' id='word_1_45' title='bbox 1628 617 1729 689; x_wconf 90' lang='lat' dir='ltr'><strong>Bona</strong></span> <span class='ocrx_word' id='word_1_46' title='bbox 1748 637 1889 713; x_wconf 90' lang='lat' dir='ltr'><strong>patrum</strong></span> <span class='ocrx_word' id='word_1_47' title='bbox 1908 650 1989 715; x_wconf 89' lang='lat' dir='ltr'><strong>pars</strong></span> <span class='ocrx_word' id='word_1_48' title='bbox 2014 640 2131 718; x_wconf 83' lang='lat' dir='ltr'><strong>negat,</strong></span> 
     </span>
     <span class='ocr_line' id='line_1_5' title="bbox 92 716 2131 815; baseline 0.002 -22"><span class='ocrx_word' id='word_1_49' title='bbox 92 721 276 813; x_wconf 83' lang='lat' dir='ltr'><strong>logicalia,</strong></span> <span class='ocrx_word' id='word_1_50' title='bbox 308 718 472 811; x_wconf 81' lang='lat' dir='ltr'><strong>Magistri</strong></span> <span class='ocrx_word' id='word_1_51' title='bbox 495 723 627 802; x_wconf 82' lang='lat' dir='ltr'><strong>nostri,</strong></span> <span class='ocrx_word' id='word_1_52' title='bbox 662 723 816 813; x_wconf 80' lang='lat' dir='ltr'><strong>relegite.</strong></span> <span class='ocrx_word' id='word_1_53' title='bbox 874 722 981 814; x_wconf 87' lang='lat' dir='ltr'><strong>Quod</strong></span> <span class='ocrx_word' id='word_1_54' title='bbox 1007 748 1087 793; x_wconf 92' lang='lat' dir='ltr'><strong>cum</strong></span> <span class='ocrx_word' id='word_1_55' title='bbox 1138 746 1239 813; x_wconf 91' lang='lat' dir='ltr'><strong>posse</strong></span> <span class='ocrx_word' id='word_1_56' title='bbox 1265 721 1377 810; x_wconf 89' lang='lat' dir='ltr'><strong>legem</strong></span> <span class='ocrx_word' id='word_1_57' title='bbox 1403 721 1480 789; x_wconf 84' lang='lat' dir='ltr'><strong>lieri</strong></span> <span class='ocrx_word' id='word_1_58' title='bbox 1503 723 1548 790; x_wconf 90' lang='lat' dir='ltr'><strong>ab</strong></span> <span class='ocrx_word' id='word_1_59' title='bbox 1571 716 1718 791; x_wconf 89' lang='lat' dir='ltr'><strong>homine</strong></span> <span class='ocrx_word' id='word_1_60' title='bbox 1740 748 1803 815; x_wconf 94' lang='lat' dir='ltr'><strong>per</strong></span> <span class='ocrx_word' id='word_1_61' title='bbox 1822 724 1914 794; x_wconf 87' lang='lat' dir='ltr'><strong>vires</strong></span> <span class='ocrx_word' id='word_1_62' title='bbox 1938 719 2131 815; x_wconf 89' lang='lat' dir='ltr'><strong>humanas;</strong></span> 
     </span>
     <span class='ocr_line' id='line_1_6' title="bbox 92 817 2130 915; baseline 0.001 -19"><span class='ocrx_word' id='word_1_63' title='bbox 92 818 300 896; x_wconf 79' lang='lat' dir='ltr'><strong>Aristotelis</strong></span> <span class='ocrx_word' id='word_1_64' title='bbox 318 818 544 915; x_wconf 82' lang='lat' dir='ltr'><strong>philosophia</strong></span> <span class='ocrx_word' id='word_1_65' title='bbox 563 847 637 892; x_wconf 91' lang='lat' dir='ltr'><strong>non</strong></span> <span class='ocrx_word' id='word_1_66' title='bbox 653 825 818 895; x_wconf 89' lang='lat' dir='ltr'><strong>convenit</strong></span> <span class='ocrx_word' id='word_1_67' title='bbox 840 825 912 909; x_wconf 81' lang='lat' dir='ltr'><strong>lex,</strong></span> <span class='ocrx_word' id='word_1_68' title='bbox 937 850 1011 895; x_wconf 92' lang='lat' dir='ltr'><strong>non</strong></span> <span class='ocrx_word' id='word_1_69' title='bbox 1036 826 1088 894; x_wconf 90' lang='lat' dir='ltr'><strong>la·</strong></span> <span class='ocrx_word' id='word_1_70' title='bbox 1137 820 1177 893; x_wconf 94' lang='lat' dir='ltr'><strong>hi</strong></span> <span class='ocrx_word' id='word_1_71' title='bbox 1200 823 1432 913; x_wconf 84' lang='lat' dir='ltr'><strong>distinguunt.</strong></span> <span class='ocrx_word' id='word_1_72' title='bbox 1490 817 1608 907; x_wconf 81' lang='lat' dir='ltr'><strong>Audi,</strong></span> <span class='ocrx_word' id='word_1_73' title='bbox 1633 824 1761 910; x_wconf 87' lang='lat' dir='ltr'><strong>lector,</strong></span> <span class='ocrx_word' id='word_1_74' title='bbox 1785 817 2015 899; x_wconf 80' lang='lat' dir='ltr'><strong>Parisienses</strong></span> <span class='ocrx_word' id='word_1_75' title='bbox 2034 831 2130 901; x_wconf 90' lang='lat' dir='ltr'><strong>blas-</strong></span> 
     </span>
     <span class='ocr_line' id='line_1_7' title="bbox 92 914 2130 1021; baseline 0.003 -24"><span class='ocrx_word' id='word_1_76' title='bbox 92 928 275 998; x_wconf 85' lang='lat' dir='ltr'><strong>boramus.</strong></span> <span class='ocrx_word' id='word_1_77' title='bbox 332 921 430 1013; x_wconf 86' lang='lat' dir='ltr'><strong>Quid</strong></span> <span class='ocrx_word' id='word_1_78' title='bbox 453 926 547 994; x_wconf 89' lang='lat' dir='ltr'><strong>enim</strong></span> <span class='ocrx_word' id='word_1_79' title='bbox 566 928 611 994; x_wconf 92' lang='lat' dir='ltr'><strong>ad</strong></span> <span class='ocrx_word' id='word_1_80' title='bbox 635 949 717 1011; x_wconf 92' lang='lat' dir='ltr'><strong>nos,</strong></span> <span class='ocrx_word' id='word_1_81' title='bbox 737 926 824 1020; x_wconf 86' lang='lat' dir='ltr'><strong>qnid</strong></span> <span class='ocrx_word' id='word_1_82' title='bbox 844 927 904 997; x_wconf 90' lang='lat' dir='ltr'><strong>ille</strong></span> <span class='ocrx_word' id='word_1_83' title='bbox 928 914 1089 1019; x_wconf 79' lang='lat' dir='ltr'><strong>impurus</strong></span> <span class='ocrx_word' id='word_1_84' title='bbox 1137 921 1313 1017; x_wconf 90' lang='lat' dir='ltr'><strong>phemias,</strong></span> <span class='ocrx_word' id='word_1_85' title='bbox 1349 948 1449 1016; x_wconf 89' lang='lat' dir='ltr'><strong>posse</strong></span> <span class='ocrx_word' id='word_1_86' title='bbox 1470 926 1582 1014; x_wconf 89' lang='lat' dir='ltr'><strong>legem</strong></span> <span class='ocrx_word' id='word_1_87' title='bbox 1603 926 1696 1010; x_wconf 90' lang='lat' dir='ltr'><strong>fieri,</strong></span> <span class='ocrx_word' id='word_1_88' title='bbox 1730 930 1846 1018; x_wconf 92' lang='lat' dir='ltr'><strong>quoad</strong></span> <span class='ocrx_word' id='word_1_89' title='bbox 1875 954 2022 1021; x_wconf 90' lang='lat' dir='ltr'><strong>operum</strong></span> <span class='ocrx_word' id='word_1_90' title='bbox 2044 934 2130 1003; x_wconf 89' lang='lat' dir='ltr'><strong>sub-</strong></span> 
     </span>
     <span class='ocr_line' id='line_1_8' title="bbox 91 1022 2129 1121; baseline 0.003 -23"><span class='ocrx_word' id='word_1_91' title='bbox 91 1022 205 1099; x_wconf 82' lang='lat' dir='ltr'><strong>ltomo</strong></span> <span class='ocrx_word' id='word_1_92' title='bbox 227 1041 447 1097; x_wconf 88' lang='lat' dir='ltr'><strong>commentus</strong></span> <span class='ocrx_word' id='word_1_93' title='bbox 469 1027 537 1097; x_wconf 88' lang='lat' dir='ltr'><strong>sit?</strong></span> <span class='ocrx_word' id='word_1_94' title='bbox 593 1025 690 1096; x_wconf 87' lang='lat' dir='ltr'><strong>Num</strong></span> <span class='ocrx_word' id='word_1_95' title='bbox 709 1023 850 1098; x_wconf 92' lang='lat' dir='ltr'><strong>Christo</strong></span> <span class='ocrx_word' id='word_1_96' title='bbox 871 1029 984 1121; x_wconf 91' lang='lat' dir='ltr'><strong>pluris</strong></span> <span class='ocrx_word' id='word_1_97' title='bbox 1002 1026 1089 1098; x_wconf 89' lang='lat' dir='ltr'><strong>Ari·</strong></span> <span class='ocrx_word' id='word_1_98' title='bbox 1138 1028 1318 1112; x_wconf 83' lang='lat' dir='ltr'><strong>stantiam3</strong></span> <span class='ocrx_word' id='word_1_99' title='bbox 1352 1050 1427 1095; x_wconf 92' lang='lat' dir='ltr'><strong>non</strong></span> <span class='ocrx_word' id='word_1_100' title='bbox 1449 1050 1566 1117; x_wconf 91' lang='lat' dir='ltr'><strong>posse,</strong></span> <span class='ocrx_word' id='word_1_101' title='bbox 1600 1029 1717 1121; x_wconf 87' lang='lat' dir='ltr'><strong>quoad</strong></span> <span class='ocrx_word' id='word_1_102' title='bbox 1738 1030 1986 1121; x_wconf 85' lang='lat' dir='ltr'><strong>praecipientis</strong></span> <span class='ocrx_word' id='word_1_103' title='bbox 2012 1033 2129 1103; x_wconf 87' lang='lat' dir='ltr'><strong>inten-</strong></span> 
     </span>
     <span class='ocr_line' id='line_1_9' title="bbox 91 1125 2130 1225; baseline 0.002 -23"><span class='ocrx_word' id='word_1_104' title='bbox 91 1128 258 1202; x_wconf 75' lang='lat' dir='ltr'><strong>stotelem</strong></span> <span class='ocrx_word' id='word_1_105' title='bbox 279 1128 471 1199; x_wconf 77' lang='lat' dir='ltr'><strong>faciemus?</strong></span> <span class='ocrx_word' id='word_1_106' title='bbox 520 1126 591 1199; x_wconf 89' lang='lat' dir='ltr'><strong>Sed</strong></span> <span class='ocrx_word' id='word_1_107' title='bbox 614 1130 657 1198; x_wconf 91' lang='lat' dir='ltr'><strong>de</strong></span> <span class='ocrx_word' id='word_1_108' title='bbox 682 1125 748 1200; x_wconf 91' lang='lat' dir='ltr'><strong>hac</strong></span> <span class='ocrx_word' id='word_1_109' title='bbox 768 1131 844 1220; x_wconf 90' lang='lat' dir='ltr'><strong>lege</strong></span> <span class='ocrx_word' id='word_1_110' title='bbox 868 1131 959 1200; x_wconf 87' lang='lat' dir='ltr'><strong>insra</strong></span> <span class='ocrx_word' id='word_1_111' title='bbox 981 1131 1087 1222; x_wconf 90' lang='lat' dir='ltr'><strong>paulo</strong></span> <span class='ocrx_word' id='word_1_112' title='bbox 1136 1130 1288 1211; x_wconf 89' lang='lat' dir='ltr'><strong>tionem,</strong></span> <span class='ocrx_word' id='word_1_113' title='bbox 1312 1129 1412 1221; x_wconf 91' lang='lat' dir='ltr'><strong>quasi</strong></span> <span class='ocrx_word' id='word_1_114' title='bbox 1426 1153 1511 1197; x_wconf 89' lang='lat' dir='ltr'><strong>vero</strong></span> <span class='ocrx_word' id='word_1_115' title='bbox 1527 1143 1665 1220; x_wconf 89' lang='lat' dir='ltr'><strong>praeter</strong></span> <span class='ocrx_word' id='word_1_116' title='bbox 1678 1130 1908 1201; x_wconf 78' lang='lat' dir='ltr'><strong>substantiam</strong></span> <span class='ocrx_word' id='word_1_117' title='bbox 1924 1135 2041 1225; x_wconf 89' lang='lat' dir='ltr'><strong>operis</strong></span> <span class='ocrx_word' id='word_1_118' title='bbox 2052 1159 2130 1206; x_wconf 87' lang='lat' dir='ltr'><strong>am·</strong></span> 
     </span>
     <span class='ocr_line' id='line_1_10' title="bbox 91 1227 2129 1327; baseline 0.002 -26"><span class='ocrx_word' id='word_1_119' title='bbox 91 1232 198 1327; x_wconf 91' lang='lat' dir='ltr'><strong>plura</strong></span> <span class='ocrx_word' id='word_1_120' title='bbox 224 1232 447 1302; x_wconf 84' lang='lat' dir='ltr'><strong>disseremus.</strong></span> <span class='ocrx_word' id='word_1_121' title='bbox 512 1227 553 1298; x_wconf 91' lang='lat' dir='ltr'><strong>ln</strong></span> <span class='ocrx_word' id='word_1_122' title='bbox 577 1231 754 1325; x_wconf 91' lang='lat' dir='ltr'><strong>plerisque</strong></span> <span class='ocrx_word' id='word_1_123' title='bbox 779 1233 866 1301; x_wconf 93' lang='lat' dir='ltr'><strong>locis</strong></span> <span class='ocrx_word' id='word_1_124' title='bbox 891 1233 972 1301; x_wconf 92' lang='lat' dir='ltr'><strong>aliis</strong></span> <span class='ocrx_word' id='word_1_125' title='bbox 993 1234 1089 1301; x_wconf 89' lang='lat' dir='ltr'><strong>idem</strong></span> <span class='ocrx_word' id='word_1_126' title='bbox 1136 1231 1231 1323; x_wconf 92' lang='lat' dir='ltr'><strong>plius</strong></span> <span class='ocrx_word' id='word_1_127' title='bbox 1262 1230 1397 1323; x_wconf 92' lang='lat' dir='ltr'><strong>aliquid</strong></span> <span class='ocrx_word' id='word_1_128' title='bbox 1428 1231 1586 1323; x_wconf 90' lang='lat' dir='ltr'><strong>requirat</strong></span> <span class='ocrx_word' id='word_1_129' title='bbox 1612 1230 1801 1321; x_wconf 83' lang='lat' dir='ltr'><strong>legislator.</strong></span> <span class='ocrx_word' id='word_1_130' title='bbox 1866 1230 2012 1305; x_wconf 89' lang='lat' dir='ltr'><strong>Utinam</strong></span> <span class='ocrx_word' id='word_1_131' title='bbox 2038 1232 2129 1305; x_wconf 85' lang='lat' dir='ltr'><strong>milri</strong></span> 
     </span>
     <span class='ocr_line' id='line_1_11' title="bbox 92 1325 2130 1425; baseline 0.001 -20"><span class='ocrx_word' id='word_1_132' title='bbox 92 1332 238 1405; x_wconf 87' lang='lat' dir='ltr'><strong>ostendi</strong></span> <span class='ocrx_word' id='word_1_133' title='bbox 255 1346 386 1425; x_wconf 88' lang='lat' dir='ltr'><strong>potest,</strong></span> <span class='ocrx_word' id='word_1_134' title='bbox 410 1333 600 1402; x_wconf 88' lang='lat' dir='ltr'><strong>convenire</strong></span> <span class='ocrx_word' id='word_1_135' title='bbox 614 1325 783 1403; x_wconf 79' lang='lat' dir='ltr'><strong>Lutltero</strong></span> <span class='ocrx_word' id='word_1_136' title='bbox 803 1359 883 1403; x_wconf 91' lang='lat' dir='ltr'><strong>cum</strong></span> <span class='ocrx_word' id='word_1_137' title='bbox 899 1335 1088 1407; x_wconf 84' lang='lat' dir='ltr'><strong>veteribus.</strong></span> <span class='ocrx_word' id='word_1_138' title='bbox 1136 1326 1365 1402; x_wconf 79' lang='lat' dir='ltr'><strong>Parisicnscs</strong></span> <span class='ocrx_word' id='word_1_139' title='bbox 1394 1333 1458 1400; x_wconf 88' lang='lat' dir='ltr'><strong>ista</strong></span> <span class='ocrx_word' id='word_1_140' title='bbox 1490 1357 1608 1401; x_wconf 90' lang='lat' dir='ltr'><strong>coram</strong></span> <span class='ocrx_word' id='word_1_141' title='bbox 1635 1334 1835 1419; x_wconf 91' lang='lat' dir='ltr'><strong>vobiscum,</strong></span> <span class='ocrx_word' id='word_1_142' title='bbox 1866 1334 1904 1403; x_wconf 93' lang='lat' dir='ltr'><strong>in</strong></span> <span class='ocrx_word' id='word_1_143' title='bbox 1928 1352 2043 1408; x_wconf 88' lang='lat' dir='ltr'><strong>vestra</strong></span> <span class='ocrx_word' id='word_1_144' title='bbox 2067 1339 2130 1408; x_wconf 90' lang='lat' dir='ltr'><strong>illa</strong></span> 
     </span>
     <span class='ocr_line' id='line_1_12' title="bbox 90 1432 2129 1527; baseline 0 -18"><span class='ocrx_word' id='word_1_145' title='bbox 90 1434 167 1509; x_wconf 84' lang='lat' dir='ltr'><strong>Sed</strong></span> <span class='ocrx_word' id='word_1_146' title='bbox 186 1460 269 1506; x_wconf 88' lang='lat' dir='ltr'><strong>cum</strong></span> <span class='ocrx_word' id='word_1_147' title='bbox 290 1460 331 1504; x_wconf 80' lang='lat' dir='ltr'><strong>ex</strong></span> <span class='ocrx_word' id='word_1_148' title='bbox 354 1435 527 1506; x_wconf 89' lang='lat' dir='ltr'><strong>sententia</strong></span> <span class='ocrx_word' id='word_1_149' title='bbox 550 1436 594 1503; x_wconf 94' lang='lat' dir='ltr'><strong>de</strong></span> <span class='ocrx_word' id='word_1_150' title='bbox 614 1435 727 1506; x_wconf 91' lang='lat' dir='ltr'><strong>libero</strong></span> <span class='ocrx_word' id='word_1_151' title='bbox 750 1435 898 1505; x_wconf 90' lang='lat' dir='ltr'><strong>arbitrio</strong></span> <span class='ocrx_word' id='word_1_152' title='bbox 922 1450 957 1505; x_wconf 93' lang='lat' dir='ltr'><strong>et</strong></span> <span class='ocrx_word' id='word_1_153' title='bbox 977 1436 1087 1527; x_wconf 90' lang='lat' dir='ltr'><strong>gratia</strong></span> <span class='ocrx_word' id='word_1_154' title='bbox 1137 1432 1318 1519; x_wconf 88' lang='lat' dir='ltr'><strong>Sorbona,</strong></span> <span class='ocrx_word' id='word_1_155' title='bbox 1344 1435 1487 1503; x_wconf 89' lang='lat' dir='ltr'><strong>daretur</strong></span> <span class='ocrx_word' id='word_1_156' title='bbox 1511 1436 1757 1521; x_wconf 89' lang='lat' dir='ltr'><strong>commentari,</strong></span> <span class='ocrx_word' id='word_1_157' title='bbox 1780 1450 1821 1506; x_wconf 92' lang='lat' dir='ltr'><strong>ut</strong></span> <span class='ocrx_word' id='word_1_158' title='bbox 1840 1437 2016 1526; x_wconf 87' lang='lat' dir='ltr'><strong>viderem,</strong></span> <span class='ocrx_word' id='word_1_159' title='bbox 2041 1442 2129 1511; x_wconf 81' lang='lat' dir='ltr'><strong>nu&#39;m</strong></span> 
     </span>
     <span class='ocr_line' id='line_1_13' title="bbox 90 1534 2130 1630; baseline 0.001 -21"><span class='ocrx_word' id='word_1_160' title='bbox 90 1538 167 1609; x_wconf 75' lang='lat' dir='ltr'><strong>fere</strong></span> <span class='ocrx_word' id='word_1_161' title='bbox 185 1536 314 1627; x_wconf 85' lang='lat' dir='ltr'><strong>colligi</strong></span> <span class='ocrx_word' id='word_1_162' title='bbox 337 1535 486 1627; x_wconf 81' lang='lat' dir='ltr'><strong>possint,</strong></span> <span class='ocrx_word' id='word_1_163' title='bbox 518 1561 607 1629; x_wconf 86' lang='lat' dir='ltr'><strong>quae</strong></span> <span class='ocrx_word' id='word_1_164' title='bbox 631 1537 675 1606; x_wconf 93' lang='lat' dir='ltr'><strong>de</strong></span> <span class='ocrx_word' id='word_1_165' title='bbox 695 1538 907 1608; x_wconf 88' lang='lat' dir='ltr'><strong>contritione</strong></span> <span class='ocrx_word' id='word_1_166' title='bbox 933 1553 968 1609; x_wconf 89' lang='lat' dir='ltr'><strong>et</strong></span> <span class='ocrx_word' id='word_1_167' title='bbox 987 1538 1089 1608; x_wconf 89' lang='lat' dir='ltr'><strong>satis-</strong></span> <span class='ocrx_word' id='word_1_168' title='bbox 1137 1560 1201 1606; x_wconf 87' lang='lat' dir='ltr'><strong>vos</strong></span> <span class='ocrx_word' id='word_1_169' title='bbox 1224 1534 1262 1630; x_wconf 80' lang='lat'><strong>¹⁵)</strong></span> <span class='ocrx_word' id='word_1_170' title='bbox 1289 1549 1362 1605; x_wconf 89' lang='lat' dir='ltr'><strong>tam</strong></span> <span class='ocrx_word' id='word_1_171' title='bbox 1393 1535 1518 1621; x_wconf 89' lang='lat' dir='ltr'><strong>crassi,</strong></span> <span class='ocrx_word' id='word_1_172' title='bbox 1565 1549 1636 1606; x_wconf 90' lang='lat' dir='ltr'><strong>tam</strong></span> <span class='ocrx_word' id='word_1_173' title='bbox 1663 1537 1798 1627; x_wconf 93' lang='lat' dir='ltr'><strong>putidi,</strong></span> <span class='ocrx_word' id='word_1_174' title='bbox 1838 1550 1909 1609; x_wconf 89' lang='lat' dir='ltr'><strong>tam</strong></span> <span class='ocrx_word' id='word_1_175' title='bbox 1939 1538 2130 1612; x_wconf 90' lang='lat' dir='ltr'><strong>Sorbonici</strong></span> 
     </span>
     <span class='ocr_line' id='line_1_14' title="bbox 89 1630 2129 1733; baseline 0.001 -22"><span class='ocrx_word' id='word_1_176' title='bbox 89 1640 247 1711; x_wconf 76' lang='lat' dir='ltr'><strong>factione</strong></span> <span class='ocrx_word' id='word_1_177' title='bbox 282 1639 422 1730; x_wconf 86' lang='lat' dir='ltr'><strong>scripsit</strong></span> <span class='ocrx_word' id='word_1_178' title='bbox 449 1630 659 1723; x_wconf 80' lang='lat' dir='ltr'><strong>Lutltcrus,</strong></span> <span class='ocrx_word' id='word_1_179' title='bbox 697 1638 784 1733; x_wconf 89' lang='lat' dir='ltr'><strong>quid</strong></span> <span class='ocrx_word' id='word_1_180' title='bbox 814 1639 941 1711; x_wconf 84' lang='lat' dir='ltr'><strong>attinet</strong></span> <span class='ocrx_word' id='word_1_181' title='bbox 967 1640 1089 1711; x_wconf 89' lang='lat' dir='ltr'><strong>multis</strong></span> <span class='ocrx_word' id='word_1_182' title='bbox 1137 1639 1327 1708; x_wconf 86' lang='lat' dir='ltr'><strong>commenti</strong></span> <span class='ocrx_word' id='word_1_183' title='bbox 1342 1638 1492 1728; x_wconf 90' lang='lat' dir='ltr'><strong>puderet</strong></span> <span class='ocrx_word' id='word_1_184' title='bbox 1505 1637 1621 1710; x_wconf 88' lang='lat' dir='ltr'><strong>etiam.</strong></span> <span class='ocrx_word' id='word_1_185' title='bbox 1671 1636 1796 1709; x_wconf 87' lang='lat' dir='ltr'><strong>Vestra</strong></span> <span class='ocrx_word' id='word_1_186' title='bbox 1810 1653 1863 1709; x_wconf 88' lang='lat' dir='ltr'><strong>est</strong></span> <span class='ocrx_word' id='word_1_187' title='bbox 1878 1641 1950 1726; x_wconf 92' lang='lat' dir='ltr'><strong>illa,</strong></span> <span class='ocrx_word' id='word_1_188' title='bbox 1964 1641 2129 1732; x_wconf 74' lang='lat' dir='ltr'><strong>Magistri</strong></span> 
     </span>
     <span class='ocr_line' id='line_1_15' title="bbox 89 1731 2129 1837; baseline 0.002 -25"><span class='ocrx_word' id='word_1_189' title='bbox 89 1755 236 1835; x_wconf 82' lang='lat' dir='ltr'><strong>patrum</strong></span> <span class='ocrx_word' id='word_1_190' title='bbox 250 1740 460 1810; x_wconf 90' lang='lat' dir='ltr'><strong>testimoniis</strong></span> <span class='ocrx_word' id='word_1_191' title='bbox 476 1764 594 1830; x_wconf 88' lang='lat' dir='ltr'><strong>agere,</strong></span> <span class='ocrx_word' id='word_1_192' title='bbox 618 1740 688 1809; x_wconf 91' lang='lat' dir='ltr'><strong>nisi</strong></span> <span class='ocrx_word' id='word_1_193' title='bbox 709 1742 805 1835; x_wconf 88' lang='lat' dir='ltr'><strong>qnod</strong></span> <span class='ocrx_word' id='word_1_194' title='bbox 828 1739 869 1813; x_wconf 77' lang='grc' dir='ltr'><strong>ἐν</strong></span> <span class='ocrx_word' id='word_1_195' title='bbox 884 1745 931 1835; x_wconf 77' lang='grc' dir='ltr'><strong>τῇ</strong></span> <span class='ocrx_word' id='word_1_196' title='bbox 945 1763 1088 1837; x_wconf 79' lang='grc' dir='ltr'>μεσημ-</span> <span class='ocrx_word' id='word_1_197' title='bbox 1137 1740 1269 1824; x_wconf 90' lang='lat' dir='ltr'><strong>nostri,</strong></span> <span class='ocrx_word' id='word_1_198' title='bbox 1302 1763 1376 1808; x_wconf 92' lang='lat' dir='ltr'><strong>non</strong></span> <span class='ocrx_word' id='word_1_199' title='bbox 1394 1731 1559 1808; x_wconf 80' lang='lat' dir='ltr'><strong>Lutheri</strong></span> <span class='ocrx_word' id='word_1_200' title='bbox 1576 1735 1791 1830; x_wconf 86' lang='lat' dir='ltr'><strong>Theologia,</strong></span> <span class='ocrx_word' id='word_1_201' title='bbox 1815 1767 1906 1834; x_wconf 89' lang='lat' dir='ltr'><strong>quae</strong></span> <span class='ocrx_word' id='word_1_202' title='bbox 1927 1769 1946 1813; x_wconf 92' lang='lat' dir='ltr'><strong>a</strong></span> <span class='ocrx_word' id='word_1_203' title='bbox 1969 1746 2129 1836; x_wconf 87' lang='lat' dir='ltr'><strong>patribus</strong></span> 
     </span>
     <span class='ocr_line' id='line_1_16' title="bbox 89 1834 2129 1941; baseline 0.002 -28"><span class='ocrx_word' id='word_1_204' title='bbox 89 1838 187 1941; x_wconf 65' lang='lat' dir='ltr'><strong>(lpr&#39;cp</strong></span> <span class='ocrx_word' id='word_1_205' title='bbox 203 1834 346 1935; x_wconf 76' lang='grc' dir='ltr'><em>λύχνον</em></span> <span class='ocrx_word' id='word_1_206' title='bbox 362 1836 416 1935; x_wconf 79' lang='grc'><strong>“)’.</strong></span> <span class='ocrx_word' id='word_1_207' title='bbox 587 1848 592 1859; x_wconf 88' lang='grc'><strong>’</strong></span> <span class='ocrx_word' id='word_1_208' title='bbox 1138 1841 1310 1914; x_wconf 84' lang='lat' dir='ltr'><strong>dissentit.</strong></span> <span class='ocrx_word' id='word_1_209' title='bbox 1351 1837 1410 1910; x_wconf 77' lang='lat' dir='ltr'><strong>Aa</strong></span> <span class='ocrx_word' id='word_1_210' title='bbox 1426 1864 1491 1909; x_wconf 84' lang='lat' dir='ltr'><strong>vos</strong></span> <span class='ocrx_word' id='word_1_211' title='bbox 1506 1840 1655 1930; x_wconf 86' lang='lat' dir='ltr'><strong>Tragica</strong></span> <span class='ocrx_word' id='word_1_212' title='bbox 1672 1843 1736 1912; x_wconf 91' lang='lat' dir='ltr'><strong>ista</strong></span> <span class='ocrx_word' id='word_1_213' title='bbox 1750 1858 1865 1913; x_wconf 88' lang='lat' dir='ltr'><strong>vestra</strong></span> <span class='ocrx_word' id='word_1_214' title='bbox 1881 1838 1923 1939; x_wconf 76' lang='lat'><strong>¹⁶)</strong></span> <span class='ocrx_word' id='word_1_215' title='bbox 1941 1848 2129 1936; x_wconf 83' lang='lat' dir='ltr'><strong>pertinent,</strong></span> 
     </span>
     <span class='ocr_line' id='line_1_17' title="bbox 196 1939 2094 2038; baseline 0.003 -23"><span class='ocrx_word' id='word_1_216' title='bbox 196 1943 292 2015; x_wconf 82' lang='lat' dir='ltr'><strong>Sunt</strong></span> <span class='ocrx_word' id='word_1_217' title='bbox 309 1958 424 2013; x_wconf 87' lang='lat' dir='ltr'><strong>autem</strong></span> <span class='ocrx_word' id='word_1_218' title='bbox 440 1945 614 2038; x_wconf 86' lang='lat' dir='ltr'><strong>quaedam</strong></span> <span class='ocrx_word' id='word_1_219' title='bbox 628 1946 667 2014; x_wconf 94' lang='lat' dir='ltr'><strong>in</strong></span> <span class='ocrx_word' id='word_1_220' title='bbox 680 1939 912 2031; x_wconf 89' lang='lat' dir='ltr'><strong>Lutheranis,</strong></span> <span class='ocrx_word' id='word_1_221' title='bbox 936 1968 1027 2038; x_wconf 90' lang='lat' dir='ltr'><strong>quae</strong></span> <span class='ocrx_word' id='word_1_222' title='bbox 1047 1944 1087 2013; x_wconf 92' lang='lat' dir='ltr'><strong>in</strong></span> <span class='ocrx_word' id='word_1_223' title='bbox 1138 1944 1267 2036; x_wconf 90' lang='lat' dir='ltr'><strong>impios</strong></span> <span class='ocrx_word' id='word_1_224' title='bbox 1282 1966 1373 2023; x_wconf 88' lang='lat' dir='ltr'><strong>esse,</strong></span> <span class='ocrx_word' id='word_1_225' title='bbox 1399 1942 1462 2035; x_wconf 91' lang='lat' dir='ltr'><strong>qui</strong></span> <span class='ocrx_word' id='word_1_226' title='bbox 1476 1944 1521 2011; x_wconf 87' lang='lat' dir='ltr'><strong>ab</strong></span> <span class='ocrx_word' id='word_1_227' title='bbox 1537 1939 1714 2013; x_wconf 86' lang='lat' dir='ltr'><strong>Ecclesiae</strong></span> <span class='ocrx_word' id='word_1_228' title='bbox 1728 1944 1932 2016; x_wconf 87' lang='lat' dir='ltr'><strong>doctoribus</strong></span> <span class='ocrx_word' id='word_1_229' title='bbox 1942 1949 2094 2022; x_wconf 87' lang='lat' dir='ltr'><strong>variant.</strong></span> 
     </span>
     <span class='ocr_line' id='line_1_18' title="bbox 90 2039 2129 2142; baseline 0.001 -25"><span class='ocrx_word' id='word_1_230' title='bbox 90 2060 237 2141; x_wconf 86' lang='lat' dir='ltr'><strong>patrum</strong></span> <span class='ocrx_word' id='word_1_231' title='bbox 265 2047 402 2138; x_wconf 87' lang='lat' dir='ltr'><strong>scriptis</strong></span> <span class='ocrx_word' id='word_1_232' title='bbox 426 2070 500 2115; x_wconf 92' lang='lat' dir='ltr'><strong>non</strong></span> <span class='ocrx_word' id='word_1_233' title='bbox 525 2047 627 2118; x_wconf 79' lang='lat' dir='ltr'><strong>facile</strong></span> <span class='ocrx_word' id='word_1_234' title='bbox 652 2048 823 2141; x_wconf 88' lang='lat' dir='ltr'><strong>reperias,</strong></span> <span class='ocrx_word' id='word_1_235' title='bbox 864 2048 982 2142; x_wconf 87' lang='lat' dir='ltr'><strong>qualia</strong></span> <span class='ocrx_word' id='word_1_236' title='bbox 1007 2059 1089 2117; x_wconf 87' lang='lat' dir='ltr'><strong>sunt</strong></span> <span class='ocrx_word' id='word_1_237' title='bbox 1226 2039 1456 2117; x_wconf 88' lang='lat' dir='ltr'><strong>Ethactenus</strong></span> <span class='ocrx_word' id='word_1_238' title='bbox 1472 2044 1616 2137; x_wconf 88' lang='lat' dir='ltr'><strong>quidem</strong></span> <span class='ocrx_word' id='word_1_239' title='bbox 1630 2046 1903 2121; x_wconf 83' lang='lat' dir='ltr'><strong>deductoribus.</strong></span> <span class='ocrx_word' id='word_1_240' title='bbox 1923 2047 2027 2120; x_wconf 92' lang='lat' dir='ltr'><strong>Nunc</strong></span> <span class='ocrx_word' id='word_1_241' title='bbox 2043 2075 2129 2121; x_wconf 91' lang='lat' dir='ltr'><strong>con-</strong></span> 
     </span>
     <span class='ocr_line' id='line_1_19' title="bbox 113 2141 2130 2235; baseline 0.002 -17"><span class='ocrx_word' id='word_1_242' title='bbox 113 2158 116 2165; x_wconf 90' lang='lat'>&#39;</span> <span class='ocrx_word' id='word_1_243' title='bbox 164 2173 186 2218; x_wconf 90' lang='lat' dir='ltr'><strong>e</strong></span> <span class='ocrx_word' id='word_1_244' title='bbox 207 2148 254 2217; x_wconf 90' lang='lat' dir='ltr'><strong>de</strong></span> <span class='ocrx_word' id='word_1_245' title='bbox 277 2162 574 2219; x_wconf 86' lang='lat' dir='ltr'><strong>sacramentorum</strong></span> <span class='ocrx_word' id='word_1_246' title='bbox 594 2174 761 2235; x_wconf 89' lang='lat' dir='ltr'><strong>numero,</strong></span> <span class='ocrx_word' id='word_1_247' title='bbox 792 2152 837 2220; x_wconf 92' lang='lat' dir='ltr'><strong>de</strong></span> <span class='ocrx_word' id='word_1_248' title='bbox 858 2141 1089 2233; x_wconf 82' lang='lat' dir='ltr'><strong>confessione,</strong></span> <span class='ocrx_word' id='word_1_249' title='bbox 1139 2147 1219 2218; x_wconf 92' lang='lat' dir='ltr'><strong>cilia</strong></span> <span class='ocrx_word' id='word_1_250' title='bbox 1250 2146 1443 2219; x_wconf 90' lang='lat' dir='ltr'><strong>videamus.</strong></span> <span class='ocrx_word' id='word_1_251' title='bbox 1509 2144 1649 2233; x_wconf 87' lang='lat' dir='ltr'><strong>Quibus</strong></span> <span class='ocrx_word' id='word_1_252' title='bbox 1674 2149 1818 2217; x_wconf 90' lang='lat' dir='ltr'><strong>tandem</strong></span> <span class='ocrx_word' id='word_1_253' title='bbox 1838 2150 1998 2220; x_wconf 90' lang='lat' dir='ltr'><strong>conciliis</strong></span> <span class='ocrx_word' id='word_1_254' title='bbox 2017 2154 2130 2222; x_wconf 86' lang='lat' dir='ltr'><strong>refra-</strong></span> 
     </span>
     <span class='ocr_line' id='line_1_20' title="bbox 90 2172 2130 2343; baseline 0.001 -22"><span class='ocrx_word' id='word_1_255' title='bbox 90 2172 274 2337; x_wconf 53' lang='lat' dir='ltr'><strong>dlmvotis,</strong></span> <span class='ocrx_word' id='word_1_256' title='bbox 314 2251 427 2343; x_wconf 87' lang='lat' dir='ltr'><strong>deque</strong></span> <span class='ocrx_word' id='word_1_257' title='bbox 455 2250 632 2322; x_wconf 87' lang='lat' dir='ltr'><strong>similibus</strong></span> <span class='ocrx_word' id='word_1_258' title='bbox 658 2266 859 2343; x_wconf 90' lang='lat' dir='ltr'><strong>temporum</strong></span> <span class='ocrx_word' id='word_1_259' title='bbox 884 2265 1088 2321; x_wconf 87' lang='lat' dir='ltr'><strong>nostrorum</strong></span> <span class='ocrx_word' id='word_1_260' title='bbox 1138 2266 1241 2340; x_wconf 87' lang='lat' dir='ltr'><strong>gatur</strong></span> <span class='ocrx_word' id='word_1_261' title='bbox 1260 2240 1481 2318; x_wconf 60' lang='lat' dir='ltr'><strong>liutherus?</strong></span> <span class='ocrx_word' id='word_1_262' title='bbox 1533 2245 1657 2320; x_wconf 81' lang='lat' dir='ltr'><strong>Vidcri</strong></span> <span class='ocrx_word' id='word_1_263' title='bbox 1681 2250 1789 2319; x_wconf 84' lang='lat' dir='ltr'><strong>vultis</strong></span> <span class='ocrx_word' id='word_1_264' title='bbox 1811 2242 1976 2320; x_wconf 73' lang='lat' dir='ltr'><strong>Lattara·</strong></span> <span class='ocrx_word' id='word_1_265' title='bbox 1996 2255 2130 2324; x_wconf 86' lang='lat' dir='ltr'><strong>do&#39;ctri-</strong></span> 
     </span>
     <span class='ocr_line' id='line_1_21' title="bbox 91 2347 2129 2446; baseline 0.002 -24"><span class='ocrx_word' id='word_1_266' title='bbox 91 2352 211 2423; x_wconf 73' lang='lat' dir='ltr'><strong>musis</strong></span> <span class='ocrx_word' id='word_1_267' title='bbox 232 2352 401 2443; x_wconf 90' lang='lat' dir='ltr'><strong>prodidit.</strong></span> <span class='ocrx_word' id='word_1_268' title='bbox 453 2351 535 2441; x_wconf 84' lang='lat' dir='ltr'><strong>Non</strong></span> <span class='ocrx_word' id='word_1_269' title='bbox 549 2353 645 2423; x_wconf 89' lang='lat' dir='ltr'><strong>enim</strong></span> <span class='ocrx_word' id='word_1_270' title='bbox 659 2354 804 2422; x_wconf 89' lang='lat' dir='ltr'><strong>illorum</strong></span> <span class='ocrx_word' id='word_1_271' title='bbox 818 2368 1017 2446; x_wconf 89' lang='lat' dir='ltr'><strong>tempomm</strong></span> <span class='ocrx_word' id='word_1_272' title='bbox 1031 2376 1089 2421; x_wconf 86' lang='lat' dir='ltr'><strong>ra·</strong></span> <span class='ocrx_word' id='word_1_273' title='bbox 1138 2376 1221 2423; x_wconf 91' lang='lat' dir='ltr'><strong>nam</strong></span> <span class='ocrx_word' id='word_1_274' title='bbox 1251 2365 1410 2422; x_wconf 86' lang='lat' dir='ltr'><strong>veterum</strong></span> <span class='ocrx_word' id='word_1_275' title='bbox 1434 2347 1605 2421; x_wconf 78' lang='lat' dir='ltr'><strong>Consiliis</strong></span> <span class='ocrx_word' id='word_1_276' title='bbox 1640 2352 1859 2437; x_wconf 90' lang='lat' dir='ltr'><strong>damnatam,</strong></span> <span class='ocrx_word' id='word_1_277' title='bbox 1907 2379 1986 2424; x_wconf 88' lang='lat' dir='ltr'><strong>cum</strong></span> <span class='ocrx_word' id='word_1_278' title='bbox 2016 2380 2056 2424; x_wconf 88' lang='lat' dir='ltr'><strong>ex</strong></span> <span class='ocrx_word' id='word_1_279' title='bbox 2087 2380 2129 2427; x_wconf 90' lang='lat' dir='ltr'><strong>eo</strong></span> 
     </span>
     <span class='ocr_line' id='line_1_22' title="bbox 91 2447 2131 2551; baseline 0.001 -27"><span class='ocrx_word' id='word_1_280' title='bbox 91 2452 143 2525; x_wconf 92' lang='lat' dir='ltr'><strong>tio</strong></span> <span class='ocrx_word' id='word_1_281' title='bbox 165 2455 305 2523; x_wconf 82' lang='lat' dir='ltr'><strong>screbat</strong></span> <span class='ocrx_word' id='word_1_282' title='bbox 330 2468 364 2523; x_wconf 91' lang='lat' dir='ltr'><strong>et</strong></span> <span class='ocrx_word' id='word_1_283' title='bbox 382 2449 499 2524; x_wconf 88' lang='lat' dir='ltr'><strong>adhuc</strong></span> <span class='ocrx_word' id='word_1_284' title='bbox 513 2455 638 2547; x_wconf 92' lang='lat' dir='ltr'><strong>purior</strong></span> <span class='ocrx_word' id='word_1_285' title='bbox 652 2450 962 2539; x_wconf 86' lang='lat' dir='ltr'><strong>Christianismus,</strong></span> <span class='ocrx_word' id='word_1_286' title='bbox 989 2467 1030 2525; x_wconf 92' lang='lat' dir='ltr'><strong>ut</strong></span> <span class='ocrx_word' id='word_1_287' title='bbox 1045 2456 1089 2523; x_wconf 93' lang='lat' dir='ltr'><strong>de</strong></span> <span class='ocrx_word' id='word_1_288' title='bbox 1138 2452 1371 2537; x_wconf 89' lang='lat' dir='ltr'><strong>Montanum,</strong></span> <span class='ocrx_word' id='word_1_289' title='bbox 1410 2447 1683 2536; x_wconf 84' lang='lat' dir='ltr'><strong>Maniclraeum,</strong></span> <span class='ocrx_word' id='word_1_290' title='bbox 1725 2450 1927 2523; x_wconf 89' lang='lat' dir='ltr'><strong>Hebionem</strong></span> <span class='ocrx_word' id='word_1_291' title='bbox 1970 2471 2003 2525; x_wconf 89' lang='lat' dir='ltr'><strong>ct</strong></span> <span class='ocrx_word' id='word_1_292' title='bbox 2043 2458 2131 2551; x_wconf 88' lang='lat' dir='ltr'><strong>quid</strong></span> 
     </span>
     <span class='ocr_line' id='line_1_23' title="bbox 138 2549 2132 2650; baseline 0.002 -23"><span class='ocrx_word' id='word_1_293' title='bbox 138 2555 342 2640; x_wconf 90' lang='lat' dir='ltr'><strong>ucioribus,</strong></span> <span class='ocrx_word' id='word_1_294' title='bbox 375 2581 481 2648; x_wconf 88' lang='lat' dir='ltr'><strong>qnam</strong></span> <span class='ocrx_word' id='word_1_295' title='bbox 506 2581 603 2626; x_wconf 91' lang='lat' dir='ltr'><strong>nunc</strong></span> <span class='ocrx_word' id='word_1_296' title='bbox 625 2558 857 2628; x_wconf 88' lang='lat' dir='ltr'><strong>dubitaretur.</strong></span> <span class='ocrx_word' id='word_1_297' title='bbox 919 2555 1108 2627; x_wconf 90' lang='lat' dir='ltr'><strong>Nondum·</strong></span> <span class='ocrx_word' id='word_1_298' title='bbox 1138 2580 1213 2625; x_wconf 90' lang='lat' dir='ltr'><strong>non</strong></span> <span class='ocrx_word' id='word_1_299' title='bbox 1244 2555 1368 2624; x_wconf 85' lang='lat' dir='ltr'><strong>facitis.</strong></span> <span class='ocrx_word' id='word_1_300' title='bbox 1426 2551 1496 2624; x_wconf 89' lang='lat' dir='ltr'><strong>llic</strong></span> <span class='ocrx_word' id='word_1_301' title='bbox 1523 2567 1585 2624; x_wconf 88' lang='lat' dir='ltr'><strong>aut</strong></span> <span class='ocrx_word' id='word_1_302' title='bbox 1611 2549 1821 2625; x_wconf 89' lang='lat' dir='ltr'><strong>rhetoricari</strong></span> <span class='ocrx_word' id='word_1_303' title='bbox 1849 2557 1965 2628; x_wconf 90' lang='lat' dir='ltr'><strong>voluit</strong></span> <span class='ocrx_word' id='word_1_304' title='bbox 1987 2556 2132 2650; x_wconf 89' lang='lat' dir='ltr'><strong>Episto-</strong></span> 
     </span>
     <span class='ocr_line' id='line_1_24' title="bbox 139 2649 2131 2753; baseline 0.001 -24"><span class='ocrx_word' id='word_1_305' title='bbox 139 2658 271 2729; x_wconf 84' lang='lat' dir='ltr'><strong>buerat</strong></span> <span class='ocrx_word' id='word_1_306' title='bbox 310 2681 349 2726; x_wconf 88' lang='lat' dir='ltr'><strong>ea</strong></span> <span class='ocrx_word' id='word_1_307' title='bbox 388 2670 482 2727; x_wconf 90' lang='lat' dir='ltr'><strong>aetas</strong></span> <span class='ocrx_word' id='word_1_308' title='bbox 507 2657 721 2728; x_wconf 85' lang='lat' dir='ltr'><strong>Pontificum</strong></span> <span class='ocrx_word' id='word_1_309' title='bbox 751 2657 954 2753; x_wconf 89' lang='lat' dir='ltr'><strong>tyrannicas</strong></span> <span class='ocrx_word' id='word_1_310' title='bbox 986 2659 1089 2750; x_wconf 91' lang='lat' dir='ltr'><strong>leges,</strong></span> <span class='ocrx_word' id='word_1_311' title='bbox 1139 2659 1193 2728; x_wconf 90' lang='lat' dir='ltr'><strong>lae</strong></span> <span class='ocrx_word' id='word_1_312' title='bbox 1213 2670 1354 2741; x_wconf 89' lang='lat' dir='ltr'><strong>auctor,</strong></span> <span class='ocrx_word' id='word_1_313' title='bbox 1380 2670 1441 2727; x_wconf 90' lang='lat' dir='ltr'><strong>aut</strong></span> <span class='ocrx_word' id='word_1_314' title='bbox 1462 2650 1556 2725; x_wconf 87' lang='lat' dir='ltr'><strong>nihil</strong></span> <span class='ocrx_word' id='word_1_315' title='bbox 1577 2671 1629 2726; x_wconf 91' lang='lat' dir='ltr'><strong>est</strong></span> <span class='ocrx_word' id='word_1_316' title='bbox 1647 2654 1810 2727; x_wconf 89' lang='lat' dir='ltr'><strong>Sorbona</strong></span> <span class='ocrx_word' id='word_1_317' title='bbox 1825 2649 2038 2729; x_wconf 80' lang='lat' dir='ltr'><strong>Parist&#39;cnsa&#39;</strong></span> <span class='ocrx_word' id='word_1_318' title='bbox 2054 2674 2131 2732; x_wconf 91' lang='lat' dir='ltr'><strong>tum</strong></span> 
     </span>
     <span class='ocr_line' id='line_1_25' title="bbox 93 2753 2131 2850; baseline 0 -20"><span class='ocrx_word' id='word_1_319' title='bbox 93 2760 259 2831; x_wconf 85' lang='lat' dir='ltr'><strong>nondum</strong></span> <span class='ocrx_word' id='word_1_320' title='bbox 283 2753 456 2830; x_wconf 88' lang='lat' dir='ltr'><strong>habuerat</strong></span> <span class='ocrx_word' id='word_1_321' title='bbox 478 2758 667 2849; x_wconf 85' lang='lat' dir='ltr'><strong>Magistros</strong></span> <span class='ocrx_word' id='word_1_322' title='bbox 690 2774 828 2831; x_wconf 92' lang='lat' dir='ltr'><strong>nostros</strong></span> <span class='ocrx_word' id='word_1_323' title='bbox 848 2755 1090 2845; x_wconf 75' lang='lat' dir='ltr'><strong>Parisiensas,</strong></span> <span class='ocrx_word' id='word_1_324' title='bbox 1138 2759 1346 2849; x_wconf 80' lang='lat' dir='ltr'><strong>malignius,</strong></span> <span class='ocrx_word' id='word_1_325' title='bbox 1378 2772 1455 2828; x_wconf 91' lang='lat' dir='ltr'><strong>tum</strong></span> <span class='ocrx_word' id='word_1_326' title='bbox 1473 2758 1726 2850; x_wconf 90' lang='lat' dir='ltr'><strong>impudentius.</strong></span> <span class='ocrx_word' id='word_1_327' title='bbox 1786 2757 1955 2830; x_wconf 80' lang='lat' dir='ltr'><strong>Veterum</strong></span> <span class='ocrx_word' id='word_1_328' title='bbox 1978 2757 2131 2834; x_wconf 90' lang='lat' dir='ltr'><strong>haereti-</strong></span> 
     </span>
     <span class='ocr_line' id='line_1_26' title="bbox 90 2854 2132 2956; baseline 0 -24"><span class='ocrx_word' id='word_1_329' title='bbox 90 2862 257 2954; x_wconf 74' lang='lat' dir='ltr'><strong>¹adeoque</strong></span> <span class='ocrx_word' id='word_1_330' title='bbox 288 2861 456 2931; x_wconf 86' lang='lat' dir='ltr'><strong>articulos</strong></span> <span class='ocrx_word' id='word_1_331' title='bbox 481 2854 730 2949; x_wconf 82' lang='lat' dir='ltr'><strong>Parisicnses,</strong></span> <span class='ocrx_word' id='word_1_332' title='bbox 766 2864 830 2956; x_wconf 92' lang='lat' dir='ltr'><strong>qui</strong></span> <span class='ocrx_word' id='word_1_333' title='bbox 854 2860 1090 2953; x_wconf 82' lang='lat' dir='ltr'><strong>Evangelinm</strong></span> <span class='ocrx_word' id='word_1_334' title='bbox 1139 2870 1262 2932; x_wconf 87' lang='lat' dir='ltr'><strong>corum</strong></span> <span class='ocrx_word' id='word_1_335' title='bbox 1288 2860 1435 2931; x_wconf 89' lang='lat' dir='ltr'><strong>nomina</strong></span> <span class='ocrx_word' id='word_1_336' title='bbox 1469 2884 1540 2953; x_wconf 90' lang='lat' dir='ltr'><strong>quo</strong></span> <span class='ocrx_word' id='word_1_337' title='bbox 1568 2860 1716 2931; x_wconf 90' lang='lat' dir='ltr'><strong>consilio</strong></span> <span class='ocrx_word' id='word_1_338' title='bbox 1739 2860 1778 2929; x_wconf 93' lang='lat' dir='ltr'><strong>in</strong></span> <span class='ocrx_word' id='word_1_339' title='bbox 1807 2854 2014 2932; x_wconf 80' lang='lat' dir='ltr'><strong>Luthcrum</strong></span> <span class='ocrx_word' id='word_1_340' title='bbox 2046 2889 2132 2935; x_wconf 91' lang='lat' dir='ltr'><strong>con-</strong></span> 
     </span>
     <span class='ocr_line' id='line_1_27' title="bbox 93 2952 2131 3060; baseline 0.001 -26"><span class='ocrx_word' id='word_1_341' title='bbox 93 2964 183 3035; x_wconf 86' lang='lat' dir='ltr'><strong>adeo</strong></span> <span class='ocrx_word' id='word_1_342' title='bbox 203 2952 459 3035; x_wconf 86' lang='lat' dir='ltr'><strong>obscurasserit.</strong></span> <span class='ocrx_word' id='word_1_343' title='bbox 511 2962 672 3035; x_wconf 83' lang='lat' dir='ltr'><strong>Fortasse</strong></span> <span class='ocrx_word' id='word_1_344' title='bbox 694 2965 858 3035; x_wconf 88' lang='lat' dir='ltr'><strong>meridies</strong></span> <span class='ocrx_word' id='word_1_345' title='bbox 880 2978 954 3034; x_wconf 87' lang='lat' dir='ltr'><strong>erat</strong></span> <span class='ocrx_word' id='word_1_346' title='bbox 968 2962 1090 3035; x_wconf 85' lang='lat' dir='ltr'><strong>Evan-</strong></span> <span class='ocrx_word' id='word_1_347' title='bbox 1139 2963 1324 3055; x_wconf 88' lang='lat' dir='ltr'><strong>gesserint,</strong></span> <span class='ocrx_word' id='word_1_348' title='bbox 1350 2962 1430 3057; x_wconf 92' lang='lat' dir='ltr'><strong>quis</strong></span> <span class='ocrx_word' id='word_1_349' title='bbox 1451 2976 1518 3046; x_wconf 88' lang='lat' dir='ltr'><strong>est,</strong></span> <span class='ocrx_word' id='word_1_350' title='bbox 1544 2962 1606 3055; x_wconf 93' lang='lat' dir='ltr'><strong>qui</strong></span> <span class='ocrx_word' id='word_1_351' title='bbox 1630 2986 1704 3031; x_wconf 91' lang='lat' dir='ltr'><strong>non</strong></span> <span class='ocrx_word' id='word_1_352' title='bbox 1725 2963 1885 3047; x_wconf 89' lang='lat' dir='ltr'><strong>olfaciat,</strong></span> <span class='ocrx_word' id='word_1_353' title='bbox 1912 2964 2038 3058; x_wconf 87' lang='lat' dir='ltr'><strong>nempe</strong></span> <span class='ocrx_word' id='word_1_354' title='bbox 2059 2991 2131 3060; x_wconf 86' lang='lat' dir='ltr'><strong>quo</strong></span> 
     </span>
     <span class='ocr_line' id='line_1_28' title="bbox 91 3055 2132 3161; baseline 0.002 -28"><span class='ocrx_word' id='word_1_355' title='bbox 91 3064 195 3157; x_wconf 80' lang='lat' dir='ltr'><strong>gelii,</strong></span> <span class='ocrx_word' id='word_1_356' title='bbox 227 3088 325 3134; x_wconf 89' lang='lat' dir='ltr'><strong>nnnc</strong></span> <span class='ocrx_word' id='word_1_357' title='bbox 350 3089 474 3158; x_wconf 90' lang='lat' dir='ltr'><strong>vesper</strong></span> <span class='ocrx_word' id='word_1_358' title='bbox 494 3080 562 3150; x_wconf 88' lang='lat' dir='ltr'><strong>est,</strong></span> <span class='ocrx_word' id='word_1_359' title='bbox 602 3082 828 3138; x_wconf 78' lang='lat' dir='ltr'><strong>ecunacum</strong></span> <span class='ocrx_word' id='word_1_360' title='bbox 850 3067 999 3158; x_wconf 88' lang='lat' dir='ltr'><strong>peccatis</strong></span> <span class='ocrx_word' id='word_1_361' title='bbox 1023 3092 1090 3135; x_wconf 91' lang='lat' dir='ltr'><strong>no-</strong></span> <span class='ocrx_word' id='word_1_362' title='bbox 1139 3065 1296 3136; x_wconf 91' lang='lat' dir='ltr'><strong>odiosius</strong></span> <span class='ocrx_word' id='word_1_363' title='bbox 1310 3055 1474 3132; x_wconf 78' lang='lat' dir='ltr'><strong>Lntheri</strong></span> <span class='ocrx_word' id='word_1_364' title='bbox 1493 3087 1625 3133; x_wconf 88' lang='lat' dir='ltr'><strong>nomon</strong></span> <span class='ocrx_word' id='word_1_365' title='bbox 1648 3063 1756 3136; x_wconf 86' lang='lat' dir='ltr'><strong>liere&#39;t.</strong></span> <span class='ocrx_word' id='word_1_366' title='bbox 1806 3061 1946 3135; x_wconf 91' lang='lat' dir='ltr'><strong>Deinde</strong></span> <span class='ocrx_word' id='word_1_367' title='bbox 1965 3067 2002 3136; x_wconf 94' lang='lat' dir='ltr'><strong>id</strong></span> <span class='ocrx_word' id='word_1_368' title='bbox 2026 3086 2132 3161; x_wconf 83' lang='lat' dir='ltr'><strong>quam</strong></span> 
     </span>
     <span class='ocr_line' id='line_1_29' title="bbox 93 3158 2132 3260; baseline 0 -21"><span class='ocrx_word' id='word_1_369' title='bbox 93 3168 175 3239; x_wconf 81' lang='lat' dir='ltr'><strong>atris</strong></span> <span class='ocrx_word' id='word_1_370' title='bbox 202 3158 310 3236; x_wconf 90' lang='lat' dir='ltr'><strong>etiam</strong></span> <span class='ocrx_word' id='word_1_371' title='bbox 333 3167 495 3251; x_wconf 85' lang='lat' dir='ltr'><strong>caecitas,</strong></span> <span class='ocrx_word' id='word_1_372' title='bbox 519 3183 742 3260; x_wconf 88' lang='lat' dir='ltr'><strong>peccatorum</strong></span> <span class='ocrx_word' id='word_1_373' title='bbox 766 3181 968 3238; x_wconf 89' lang='lat' dir='ltr'><strong>nostrorum</strong></span> <span class='ocrx_word' id='word_1_374' title='bbox 993 3181 1090 3237; x_wconf 88' lang='lat' dir='ltr'><strong>otro·</strong></span> <span class='ocrx_word' id='word_1_375' title='bbox 1138 3167 1291 3255; x_wconf 87' lang='lat' dir='ltr'><strong>maligne</strong></span> <span class='ocrx_word' id='word_1_376' title='bbox 1304 3167 1435 3256; x_wconf 71' lang='lat' dir='ltr'><strong>loetum</strong></span> <span class='ocrx_word' id='word_1_377' title='bbox 1448 3165 1509 3249; x_wconf 89' lang='lat' dir='ltr'><strong>sit,</strong></span> <span class='ocrx_word' id='word_1_378' title='bbox 1535 3164 1637 3233; x_wconf 80' lang='lat' dir='ltr'><strong>facile</strong></span> <span class='ocrx_word' id='word_1_379' title='bbox 1655 3159 1921 3257; x_wconf 87' lang='lat' dir='ltr'><strong>deprehendent</strong></span> <span class='ocrx_word' id='word_1_380' title='bbox 1936 3168 2040 3238; x_wconf 89' lang='lat' dir='ltr'><strong>etiam</strong></span> <span class='ocrx_word' id='word_1_381' title='bbox 2057 3193 2132 3240; x_wconf 89' lang='lat' dir='ltr'><strong>me-</strong></span> 
     </span>
     <span class='ocr_line' id='line_1_30' title="bbox 92 3262 2133 3363; baseline 0.001 -24"><span class='ocrx_word' id='word_1_382' title='bbox 92 3268 237 3339; x_wconf 81' lang='lat' dir='ltr'><strong>tissima</strong></span> <span class='ocrx_word' id='word_1_383' title='bbox 253 3292 387 3361; x_wconf 88' lang='lat' dir='ltr'><strong>poena,</strong></span> <span class='ocrx_word' id='word_1_384' title='bbox 412 3282 546 3338; x_wconf 86' lang='lat' dir='ltr'><strong>mentes</strong></span> <span class='ocrx_word' id='word_1_385' title='bbox 559 3270 761 3361; x_wconf 83' lang='lat' dir='ltr'><strong>occupavit,</strong></span> <span class='ocrx_word' id='word_1_386' title='bbox 787 3294 877 3363; x_wconf 88' lang='lat' dir='ltr'><strong>quae</strong></span> <span class='ocrx_word' id='word_1_387' title='bbox 892 3266 1090 3362; x_wconf 79' lang='lat' dir='ltr'><strong>proEvan-</strong></span> <span class='ocrx_word' id='word_1_388' title='bbox 1138 3269 1307 3338; x_wconf 90' lang='lat' dir='ltr'><strong>diocriter</strong></span> <span class='ocrx_word' id='word_1_389' title='bbox 1330 3265 1471 3338; x_wconf 88' lang='lat' dir='ltr'><strong>eruditi.</strong></span> <span class='ocrx_word' id='word_1_390' title='bbox 1521 3262 1612 3335; x_wconf 90' lang='lat' dir='ltr'><strong>Nam</strong></span> <span class='ocrx_word' id='word_1_391' title='bbox 1638 3269 1734 3359; x_wconf 85' lang='lat' dir='ltr'><strong>quod</strong></span> <span class='ocrx_word' id='word_1_392' title='bbox 1751 3264 1927 3338; x_wconf 89' lang='lat' dir='ltr'><strong>Montano</strong></span> <span class='ocrx_word' id='word_1_393' title='bbox 1951 3272 2133 3342; x_wconf 81' lang='lat' dir='ltr'><strong>confertur</strong></span> 
     </span>
     <span class='ocr_line' id='line_1_31' title="bbox 92 3363 2134 3462; baseline 0.002 -22"><span class='ocrx_word' id='word_1_394' title='bbox 92 3370 186 3461; x_wconf 85' lang='lat' dir='ltr'><strong>gelio</strong></span> <span class='ocrx_word' id='word_1_395' title='bbox 211 3364 386 3439; x_wconf 89' lang='lat' dir='ltr'><strong>humanas</strong></span> <span class='ocrx_word' id='word_1_396' title='bbox 415 3371 609 3457; x_wconf 88' lang='lat' dir='ltr'><strong>doctrinas,</strong></span> <span class='ocrx_word' id='word_1_397' title='bbox 649 3370 832 3442; x_wconf 79' lang='lat' dir='ltr'><strong>sorbonae</strong></span> <span class='ocrx_word' id='word_1_398' title='bbox 855 3367 1090 3461; x_wconf 90' lang='lat' dir='ltr'><strong>Theologiam</strong></span> <span class='ocrx_word' id='word_1_399' title='bbox 1137 3363 1345 3451; x_wconf 82' lang='lat' dir='ltr'><strong>Lutherus,</strong></span> <span class='ocrx_word' id='word_1_400' title='bbox 1377 3368 1457 3461; x_wconf 89' lang='lat' dir='ltr'><strong>quis</strong></span> <span class='ocrx_word' id='word_1_401' title='bbox 1483 3391 1558 3436; x_wconf 90' lang='lat' dir='ltr'><strong>non</strong></span> <span class='ocrx_word' id='word_1_402' title='bbox 1581 3368 1697 3455; x_wconf 78' lang='lat' dir='ltr'><strong>videt,</strong></span> <span class='ocrx_word' id='word_1_403' title='bbox 1736 3394 1844 3462; x_wconf 89' lang='lat' dir='ltr'><strong>quam</strong></span> <span class='ocrx_word' id='word_1_404' title='bbox 1869 3395 1944 3441; x_wconf 91' lang='lat' dir='ltr'><strong>non</strong></span> <span class='ocrx_word' id='word_1_405' title='bbox 1966 3373 2027 3443; x_wconf 87' lang='lat' dir='ltr'><strong>fiat</strong></span> <span class='ocrx_word' id='word_1_406' title='bbox 2049 3398 2134 3444; x_wconf 89' lang='lat' dir='ltr'><strong>can-</strong></span> 
     </span>
     <span class='ocr_line' id='line_1_32' title="bbox 92 3467 2228 3564; baseline 0.003 -25"><span class='ocrx_word' id='word_1_407' title='bbox 92 3471 275 3563; x_wconf 83' lang='lat' dir='ltr'><strong>suggessit.</strong></span> <span class='ocrx_word' id='word_1_408' title='bbox 341 3469 433 3541; x_wconf 84' lang='lat' dir='ltr'><strong>Eam</strong></span> <span class='ocrx_word' id='word_1_409' title='bbox 459 3497 609 3564; x_wconf 87' lang='lat' dir='ltr'><strong>poenam</strong></span> <span class='ocrx_word' id='word_1_410' title='bbox 632 3467 690 3542; x_wconf 79' lang='lat' dir='ltr'><strong>his</strong></span> <span class='ocrx_word' id='word_1_411' title='bbox 720 3474 943 3564; x_wconf 77' lang='lat' dir='ltr'><strong>temporibus</strong></span> <span class='ocrx_word' id='word_1_412' title='bbox 968 3498 1089 3543; x_wconf 89' lang='lat' dir='ltr'><strong>annon</strong></span> <span class='ocrx_word' id='word_1_413' title='bbox 1140 3473 1248 3542; x_wconf 85' lang='lat' dir='ltr'><strong>dide?</strong></span> <span class='ocrx_word' id='word_1_414' title='bbox 1309 3470 1389 3541; x_wconf 90' lang='lat' dir='ltr'><strong>Sibi</strong></span> <span class='ocrx_word' id='word_1_415' title='bbox 1423 3469 1520 3539; x_wconf 88' lang='lat' dir='ltr'><strong>credi</strong></span> <span class='ocrx_word' id='word_1_416' title='bbox 1545 3469 1688 3540; x_wconf 89' lang='lat' dir='ltr'><strong>volebat</strong></span> <span class='ocrx_word' id='word_1_417' title='bbox 1712 3468 1910 3542; x_wconf 90' lang='lat' dir='ltr'><strong>Montanus</strong></span> <span class='ocrx_word' id='word_1_418' title='bbox 1943 3487 1976 3543; x_wconf 89' lang='lat' dir='ltr'><strong>et</strong></span> <span class='ocrx_word' id='word_1_419' title='bbox 2004 3475 2134 3546; x_wconf 86' lang='lat' dir='ltr'><strong>fidebat</strong></span> <span class='ocrx_word' id='word_1_420' title='bbox 2223 3499 2228 3503; x_wconf 89' lang='lat'>·</span> 
     </span>
     <span class='ocr_line' id='line_1_33' title="bbox 91 3563 2135 3668; baseline 0.001 -24"><span class='ocrx_word' id='word_1_421' title='bbox 91 3574 229 3667; x_wconf 78' lang='lat' dir='ltr'><strong>ubique</strong></span> <span class='ocrx_word' id='word_1_422' title='bbox 245 3573 495 3643; x_wconf 88' lang='lat' dir='ltr'><strong>interminatur</strong></span> <span class='ocrx_word' id='word_1_423' title='bbox 516 3574 660 3666; x_wconf 82' lang='lat' dir='ltr'><strong>spiritus</strong></span> <span class='ocrx_word' id='word_1_424' title='bbox 676 3576 813 3645; x_wconf 90' lang='lat' dir='ltr'><strong>domini</strong></span> <span class='ocrx_word' id='word_1_425' title='bbox 831 3577 869 3644; x_wconf 94' lang='lat' dir='ltr'><strong>in</strong></span> <span class='ocrx_word' id='word_1_426' title='bbox 885 3571 1091 3668; x_wconf 83' lang='lat' dir='ltr'><strong>prophetis?</strong></span> <span class='ocrx_word' id='word_1_427' title='bbox 1140 3600 1203 3645; x_wconf 89' lang='lat' dir='ltr'><strong>suo</strong></span> <span class='ocrx_word' id='word_1_428' title='bbox 1221 3575 1375 3668; x_wconf 87' lang='lat' dir='ltr'><strong>quodam</strong></span> <span class='ocrx_word' id='word_1_429' title='bbox 1393 3572 1537 3663; x_wconf 90' lang='lat' dir='ltr'><strong>spiritu;</strong></span> <span class='ocrx_word' id='word_1_430' title='bbox 1562 3563 1753 3642; x_wconf 66' lang='lat' dir='ltr'><strong>Luctator</strong></span> <span class='ocrx_word' id='word_1_431' title='bbox 1770 3569 1862 3643; x_wconf 90' lang='lat' dir='ltr'><strong>nihil</strong></span> <span class='ocrx_word' id='word_1_432' title='bbox 1879 3574 1956 3645; x_wconf 92' lang='lat' dir='ltr'><strong>vult</strong></span> <span class='ocrx_word' id='word_1_433' title='bbox 1972 3577 2041 3647; x_wconf 93' lang='lat' dir='ltr'><strong>sibi</strong></span> <span class='ocrx_word' id='word_1_434' title='bbox 2058 3601 2135 3647; x_wconf 85' lang='lat' dir='ltr'><strong>crc-</strong></span> 
     </span>
     <span class='ocr_line' id='line_1_34' title="bbox 92 3670 2134 3775; baseline 0 -28"><span class='ocrx_word' id='word_1_435' title='bbox 92 3670 283 3747; x_wconf 76' lang='lat' dir='ltr'><strong>EtPautus</strong></span> <span class='ocrx_word' id='word_1_436' title='bbox 299 3674 367 3759; x_wconf 88' lang='lat' dir='ltr'><strong>ait,</strong></span> <span class='ocrx_word' id='word_1_437' title='bbox 382 3673 482 3773; x_wconf 85' lang='lat' dir='ltr'><strong>sore,</strong></span> <span class='ocrx_word' id='word_1_438' title='bbox 501 3670 693 3773; x_wconf 80' lang='lat' dir='ltr'><strong>quiafide</strong></span> <span class='ocrx_word' id='word_1_439' title='bbox 709 3671 910 3762; x_wconf 81' lang='lat' dir='ltr'><strong>discedant,</strong></span> <span class='ocrx_word' id='word_1_440' title='bbox 931 3675 998 3775; x_wconf 80' lang='lat' dir='ltr'><strong>qui</strong></span> <span class='ocrx_word' id='word_1_441' title='bbox 1013 3700 1091 3747; x_wconf 85' lang='lat' dir='ltr'><strong>cor·</strong></span> <span class='ocrx_word' id='word_1_442' title='bbox 1140 3679 1195 3759; x_wconf 88' lang='lat' dir='ltr'><strong>di,</strong></span> <span class='ocrx_word' id='word_1_443' title='bbox 1229 3677 1289 3745; x_wconf 89' lang='lat' dir='ltr'><strong>sed</strong></span> <span class='ocrx_word' id='word_1_444' title='bbox 1312 3674 1469 3744; x_wconf 88' lang='lat' dir='ltr'><strong>evidenti</strong></span> <span class='ocrx_word' id='word_1_445' title='bbox 1490 3687 1525 3744; x_wconf 90' lang='lat' dir='ltr'><strong>et</strong></span> <span class='ocrx_word' id='word_1_446' title='bbox 1544 3674 1748 3767; x_wconf 85' lang='lat' dir='ltr'><strong>perspicuae</strong></span> <span class='ocrx_word' id='word_1_447' title='bbox 1770 3677 1975 3768; x_wconf 87' lang='lat' dir='ltr'><strong>scripturae.</strong></span> <span class='ocrx_word' id='word_1_448' title='bbox 2032 3674 2134 3748; x_wconf 88' lang='lat' dir='ltr'><strong>Nihil</strong></span> 
     </span>
     <span class='ocr_line' id='line_1_35' title="bbox 94 3768 2193 3874; baseline 0.002 -29"><span class='ocrx_word' id='word_1_449' title='bbox 94 3783 273 3874; x_wconf 78' lang='lat' dir='ltr'><strong>rumpant</strong></span> <span class='ocrx_word' id='word_1_450' title='bbox 297 3768 474 3847; x_wconf 76' lang='lat' dir='ltr'><strong>humanis</strong></span> <span class='ocrx_word' id='word_1_451' title='bbox 496 3772 674 3848; x_wconf 79' lang='lat' dir='ltr'><strong>doctrinis</strong></span> <span class='ocrx_word' id='word_1_452' title='bbox 688 3774 939 3873; x_wconf 74' lang='lat' dir='ltr'><strong>anngclr‘um</strong></span> <span class='ocrx_word' id='word_1_453' title='bbox 967 3796 1001 3851; x_wconf 89' lang='lat' dir='ltr'><strong>et</strong></span> <span class='ocrx_word' id='word_1_454' title='bbox 1022 3776 1091 3849; x_wconf 90' lang='lat' dir='ltr'><strong>hoc</strong></span> <span class='ocrx_word' id='word_1_455' title='bbox 1141 3780 1185 3849; x_wconf 94' lang='lat' dir='ltr'><strong>de</strong></span> <span class='ocrx_word' id='word_1_456' title='bbox 1209 3803 1273 3848; x_wconf 91' lang='lat' dir='ltr'><strong>suo</strong></span> <span class='ocrx_word' id='word_1_457' title='bbox 1292 3777 1438 3868; x_wconf 87' lang='lat' dir='ltr'><strong>spiritu,</strong></span> <span class='ocrx_word' id='word_1_458' title='bbox 1472 3777 1532 3845; x_wconf 88' lang='lat' dir='ltr'><strong>sed</strong></span> <span class='ocrx_word' id='word_1_459' title='bbox 1555 3777 1599 3846; x_wconf 88' lang='lat' dir='ltr'><strong>de</strong></span> <span class='ocrx_word' id='word_1_460' title='bbox 1620 3777 1791 3868; x_wconf 89' lang='lat' dir='ltr'><strong>scriptura</strong></span> <span class='ocrx_word' id='word_1_461' title='bbox 1812 3779 1929 3852; x_wconf 89' lang='lat' dir='ltr'><strong>iactat.</strong></span> <span class='ocrx_word' id='word_1_462' title='bbox 1988 3777 2134 3868; x_wconf 84' lang='lat' dir='ltr'><strong>Quanto</strong></span> <span class='ocrx_word' id='word_1_463' title='bbox 2189 3818 2193 3825; x_wconf 92' lang='lat'><strong>·</strong></span> 
     </span>
     <span class='ocr_line' id='line_1_36' title="bbox 93 3873 2134 3974; baseline 0.002 -25"><span class='ocrx_word' id='word_1_464' title='bbox 93 3902 203 3969; x_wconf 84' lang='lat' dir='ltr'><strong>genus</strong></span> <span class='ocrx_word' id='word_1_465' title='bbox 225 3877 349 3948; x_wconf 89' lang='lat' dir='ltr'><strong>multa.</strong></span> <span class='ocrx_word' id='word_1_466' title='bbox 401 3873 460 3965; x_wconf 85' lang='lat' dir='ltr'><strong>hi,</strong></span> <span class='ocrx_word' id='word_1_467' title='bbox 492 3881 562 3948; x_wconf 87' lang='lat' dir='ltr'><strong>nisi</strong></span> <span class='ocrx_word' id='word_1_468' title='bbox 585 3894 669 3950; x_wconf 92' lang='lat' dir='ltr'><strong>sunt</strong></span> <span class='ocrx_word' id='word_1_469' title='bbox 692 3881 875 3952; x_wconf 86' lang='lat' dir='ltr'><strong>Sorbonae</strong></span> <span class='ocrx_word' id='word_1_470' title='bbox 902 3877 1091 3973; x_wconf 88' lang='lat' dir='ltr'><strong>Theologi,</strong></span> <span class='ocrx_word' id='word_1_471' title='bbox 1138 3881 1286 3974; x_wconf 89' lang='lat' dir='ltr'><strong>propius</strong></span> <span class='ocrx_word' id='word_1_472' title='bbox 1300 3882 1345 3948; x_wconf 89' lang='lat' dir='ltr'><strong>ad</strong></span> <span class='ocrx_word' id='word_1_473' title='bbox 1359 3877 1576 3948; x_wconf 91' lang='lat' dir='ltr'><strong>Montanum</strong></span> <span class='ocrx_word' id='word_1_474' title='bbox 1591 3901 1653 3947; x_wconf 87' lang='lat' dir='ltr'><strong>vos</strong></span> <span class='ocrx_word' id='word_1_475' title='bbox 1669 3879 1849 3964; x_wconf 88' lang='lat' dir='ltr'><strong>adceditis,</strong></span> <span class='ocrx_word' id='word_1_476' title='bbox 1872 3882 1935 3973; x_wconf 91' lang='lat' dir='ltr'><strong>qui</strong></span> <span class='ocrx_word' id='word_1_477' title='bbox 1952 3883 2071 3968; x_wconf 88' lang='lat' dir='ltr'><strong>vultis,</strong></span> <span class='ocrx_word' id='word_1_478' title='bbox 2093 3896 2134 3953; x_wconf 89' lang='lat' dir='ltr'><strong>ut</strong></span> 
     </span>
     <span class='ocr_line' id='line_1_37' title="bbox 92 3976 2135 4076; baseline 0 -25"><span class='ocrx_word' id='word_1_479' title='bbox 92 4004 165 4051; x_wconf 85' lang='lat' dir='ltr'><strong>uon</strong></span> <span class='ocrx_word' id='word_1_480' title='bbox 190 3980 377 4070; x_wconf 90' lang='lat' dir='ltr'><strong>intellego,</strong></span> <span class='ocrx_word' id='word_1_481' title='bbox 410 3981 498 4074; x_wconf 92' lang='lat' dir='ltr'><strong>qnid</strong></span> <span class='ocrx_word' id='word_1_482' title='bbox 515 3983 600 4052; x_wconf 90' lang='lat' dir='ltr'><strong>velit</strong></span> <span class='ocrx_word' id='word_1_483' title='bbox 616 3977 822 4076; x_wconf 86' lang='lat' dir='ltr'><strong>Apostolus.</strong></span> <span class='ocrx_word' id='word_1_484' title='bbox 1141 3982 1281 4075; x_wconf 90' lang='lat' dir='ltr'><strong>spiritui</strong></span> <span class='ocrx_word' id='word_1_485' title='bbox 1306 3976 1513 4064; x_wconf 89' lang='lat' dir='ltr'><strong>hominum,</strong></span> <span class='ocrx_word' id='word_1_486' title='bbox 1539 3979 1791 4067; x_wconf 90' lang='lat' dir='ltr'><strong>conciliorum,</strong></span> <span class='ocrx_word' id='word_1_487' title='bbox 1823 3996 1965 4072; x_wconf 88' lang='lat' dir='ltr'><strong>patrum</strong></span> <span class='ocrx_word' id='word_1_488' title='bbox 1991 3998 2027 4054; x_wconf 89' lang='lat' dir='ltr'><strong>et</strong></span> <span class='ocrx_word' id='word_1_489' title='bbox 2050 3984 2135 4054; x_wconf 91' lang='lat' dir='ltr'><strong>uni-</strong></span> 
     </span>
     <span class='ocr_line' id='line_1_38' title="bbox 195 4081 2134 4191; baseline -0.007 -24"><span class='ocrx_word' id='word_1_490' title='bbox 195 4098 319 4182; x_wconf 89' lang='lat' dir='ltr'><strong>Vidcs,</strong></span> <span class='ocrx_word' id='word_1_491' title='bbox 350 4098 472 4183; x_wconf 89' lang='lat' dir='ltr'><strong>lector,</strong></span> <span class='ocrx_word' id='word_1_492' title='bbox 492 4101 683 4169; x_wconf 88' lang='lat' dir='ltr'><strong>convenire</strong></span> <span class='ocrx_word' id='word_1_493' title='bbox 697 4124 824 4191; x_wconf 88' lang='lat' dir='ltr'><strong>magna</strong></span> <span class='ocrx_word' id='word_1_494' title='bbox 840 4123 881 4169; x_wconf 86' lang='lat' dir='ltr'><strong>ex</strong></span> <span class='ocrx_word' id='word_1_495' title='bbox 895 4090 1092 4191; x_wconf 77' lang='lat' dir='ltr'><strong>parceLu.</strong></span> <span class='ocrx_word' id='word_1_496' title='bbox 1140 4084 1345 4153; x_wconf 80' lang='lat' dir='ltr'><strong>versitatum</strong></span> <span class='ocrx_word' id='word_1_497' title='bbox 1378 4081 1581 4165; x_wconf 87' lang='lat' dir='ltr'><strong>credamus,</strong></span> <span class='ocrx_word' id='word_1_498' title='bbox 1628 4081 1747 4172; x_wconf 89' lang='lat' dir='ltr'><strong>potins</strong></span> <span class='ocrx_word' id='word_1_499' title='bbox 1782 4107 1890 4176; x_wconf 87' lang='lat' dir='ltr'><strong>quam</strong></span> <span class='ocrx_word' id='word_1_500' title='bbox 1925 4085 2134 4177; x_wconf 87' lang='lat' dir='ltr'><strong>scripturae:</strong></span> 
     </span>
     <span class='ocr_line' id='line_1_39' title="bbox 92 4177 2135 4300; baseline 0 -45"><span class='ocrx_word' id='word_1_501' title='bbox 92 4194 198 4272; x_wconf 63' lang='lat' dir='ltr'><strong>glum</strong></span> <span class='ocrx_word' id='word_1_502' title='bbox 225 4224 307 4270; x_wconf 64' lang='lat' dir='ltr'><strong>cum</strong></span> <span class='ocrx_word' id='word_1_503' title='bbox 329 4194 523 4289; x_wconf 66' lang='lat' dir='ltr'><strong>Theologis</strong></span> <span class='ocrx_word' id='word_1_504' title='bbox 544 4200 733 4275; x_wconf 62' lang='lat' dir='ltr'><strong>veteribus,</strong></span> <span class='ocrx_word' id='word_1_505' title='bbox 790 4200 934 4289; x_wconf 59' lang='lat' dir='ltr'><strong>Quanto</strong></span> <span class='ocrx_word' id='word_1_506' title='bbox 965 4200 1091 4271; x_wconf 61' lang='lat' dir='ltr'><strong>iustius</strong></span> <span class='ocrx_word' id='word_1_507' title='bbox 1141 4184 1218 4255; x_wconf 92' lang='lat' dir='ltr'><strong>lmo</strong></span> <span class='ocrx_word' id='word_1_508' title='bbox 1238 4180 1331 4253; x_wconf 92' lang='lat' dir='ltr'><strong>nihil</strong></span> <span class='ocrx_word' id='word_1_509' title='bbox 1348 4182 1418 4250; x_wconf 92' lang='lat' dir='ltr'><strong>nisi</strong></span> <span class='ocrx_word' id='word_1_510' title='bbox 1431 4180 1599 4300; x_wconf 87' lang='lat' dir='ltr'><strong>Montani</strong></span> <span class='ocrx_word' id='word_1_511' title='bbox 1621 4183 1720 4267; x_wconf 91' lang='lat' dir='ltr'><strong>estis,</strong></span> <span class='ocrx_word' id='word_1_512' title='bbox 1743 4177 2050 4256; x_wconf 81' lang='lat' dir='ltr'><strong>vosParisienses</strong></span> <span class='ocrx_word' id='word_1_513' title='bbox 2066 4186 2135 4259; x_wconf 91' lang='lat' dir='ltr'><strong>So-</strong></span> 
     </span>
     <span class='ocr_line' id='line_1_40' title="bbox 94 4279 2135 4394; baseline -0.008 -21"><span class='ocrx_word' id='word_1_514' title='bbox 94 4300 204 4394; x_wconf 84' lang='lat' dir='ltr'><strong>igitur</strong></span> <span class='ocrx_word' id='word_1_515' title='bbox 219 4301 261 4369; x_wconf 93' lang='lat' dir='ltr'><strong>in</strong></span> <span class='ocrx_word' id='word_1_516' title='bbox 282 4301 468 4389; x_wconf 78' lang='lat' dir='ltr'><strong>magistros</strong></span> <span class='ocrx_word' id='word_1_517' title='bbox 494 4317 633 4373; x_wconf 89' lang='lat' dir='ltr'><strong>nostros</strong></span> <span class='ocrx_word' id='word_1_518' title='bbox 655 4297 885 4374; x_wconf 79' lang='lat' dir='ltr'><strong>Parisieases</strong></span> <span class='ocrx_word' id='word_1_519' title='bbox 907 4302 1091 4373; x_wconf 87' lang='lat' dir='ltr'><strong>retorseri-</strong></span> <span class='ocrx_word' id='word_1_520' title='bbox 1140 4284 1273 4380; x_wconf 85' lang='lat' dir='ltr'><strong>phistas</strong></span> <span class='ocrx_word' id='word_1_521' title='bbox 1290 4284 1389 4368; x_wconf 90' lang='lat' dir='ltr'><strong>volo,</strong></span> <span class='ocrx_word' id='word_1_522' title='bbox 1409 4308 1473 4376; x_wconf 83' lang='lat' dir='ltr'><strong>qur</strong></span> <span class='ocrx_word' id='word_1_523' title='bbox 1485 4279 1553 4352; x_wconf 89' lang='lat' dir='ltr'><strong>hoc</strong></span> <span class='ocrx_word' id='word_1_524' title='bbox 1570 4284 1748 4354; x_wconf 86' lang='lat' dir='ltr'><strong>decretum</strong></span> <span class='ocrx_word' id='word_1_525' title='bbox 1766 4285 1842 4354; x_wconf 90' lang='lat' dir='ltr'><strong>sine</strong></span> <span class='ocrx_word' id='word_1_526' title='bbox 1858 4286 2040 4377; x_wconf 89' lang='lat' dir='ltr'><strong>scripturis</strong></span> <span class='ocrx_word' id='word_1_527' title='bbox 2058 4290 2135 4359; x_wconf 93' lang='lat' dir='ltr'><strong>edi-</strong></span> 
     </span>
     <span class='ocr_line' id='line_1_41' title="bbox 92 4383 2135 4499; baseline 0 -39"><span class='ocrx_word' id='word_1_528' title='bbox 92 4428 189 4489; x_wconf 55' lang='lat' dir='ltr'><strong>mus,</strong></span> <span class='ocrx_word' id='word_1_529' title='bbox 233 4402 387 4494; x_wconf 67' lang='lat' dir='ltr'><strong>ineptire</strong></span> <span class='ocrx_word' id='word_1_530' title='bbox 410 4427 489 4489; x_wconf 57' lang='grc' dir='ltr'><strong>ρος,</strong></span> <span class='ocrx_word' id='word_1_531' title='bbox 528 4407 592 4499; x_wconf 73' lang='lat' dir='ltr'><strong>qui</strong></span> <span class='ocrx_word' id='word_1_532' title='bbox 616 4400 831 4496; x_wconf 60' lang='lat' dir='ltr'><strong>theologiam</strong></span> <span class='ocrx_word' id='word_1_533' title='bbox 858 4404 962 4474; x_wconf 72' lang='lat' dir='ltr'><strong>nohis</strong></span> <span class='ocrx_word' id='word_1_534' title='bbox 987 4427 1092 4495; x_wconf 68' lang='lat' dir='ltr'><strong>prae.</strong></span> <span class='ocrx_word' id='word_1_535' title='bbox 1141 4390 1261 4472; x_wconf 90' lang='lat' dir='ltr'><strong>distis,</strong></span> <span class='ocrx_word' id='word_1_536' title='bbox 1311 4385 1516 4478; x_wconf 86' lang='lat' dir='ltr'><strong>iactatisque</strong></span> <span class='ocrx_word' id='word_1_537' title='bbox 1545 4408 1608 4454; x_wconf 86' lang='lat' dir='ltr'><strong>vos</strong></span> <span class='ocrx_word' id='word_1_538' title='bbox 1645 4385 1753 4455; x_wconf 80' lang='lat' dir='ltr'><strong>sidere</strong></span> <span class='ocrx_word' id='word_1_539' title='bbox 1782 4383 1989 4478; x_wconf 83' lang='lat' dir='ltr'><strong>Apostolico</strong></span> <span class='ocrx_word' id='word_1_540' title='bbox 2024 4412 2135 4475; x_wconf 88' lang='lat' dir='ltr'><strong>more,</strong></span> 
     </span>
     <span class='ocr_line' id='line_1_42' title="bbox 93 4485 2133 4600; baseline 0 -24"><span class='ocrx_word' id='word_1_541' title='bbox 93 4506 273 4597; x_wconf 79' lang='lat' dir='ltr'><strong>scribunt,</strong></span> <span class='ocrx_word' id='word_1_542' title='bbox 305 4528 352 4573; x_wconf 88' lang='lat' dir='ltr'><strong>ne</strong></span> <span class='ocrx_word' id='word_1_543' title='bbox 378 4528 441 4597; x_wconf 90' lang='lat' dir='ltr'><strong>per</strong></span> <span class='ocrx_word' id='word_1_544' title='bbox 469 4508 648 4575; x_wconf 89' lang='lat' dir='ltr'><strong>somnium</strong></span> <span class='ocrx_word' id='word_1_545' title='bbox 677 4508 822 4600; x_wconf 87' lang='lat' dir='ltr'><strong>quidem</strong></span> <span class='ocrx_word' id='word_1_546' title='bbox 851 4505 1091 4576; x_wconf 87' lang='lat' dir='ltr'><strong>celeberrimis</strong></span> <span class='ocrx_word' id='word_1_547' title='bbox 1140 4491 1239 4584; x_wconf 66' lang='grc' dir='ltr'><strong>(1Πὸδὶ</strong></span> <span class='ocrx_word' id='word_1_548' title='bbox 1247 4501 1394 4572; x_wconf 68' lang='lat' dir='ltr'><strong>⁰0¹¹⁵leb</strong></span> <span class='ocrx_word' id='word_1_549' title='bbox 1409 4489 1561 4561; x_wconf 63' lang='lat' dir='ltr'><strong>‘undem</strong></span> <span class='ocrx_word' id='word_1_550' title='bbox 1575 4510 1648 4557; x_wconf 68' lang='lat'><strong>⁰⁵⁸²</strong></span> <span class='ocrx_word' id='word_1_551' title='bbox 1662 4488 1948 4579; x_wconf 55' lang='lat' dir='ltr'><strong>spiri-immitis,</strong></span> <span class='ocrx_word' id='word_1_552' title='bbox 1964 4485 2133 4588; x_wconf 62' lang='lat' dir='ltr'><strong>‘luidw-</strong></span> 
     </span>
     <span class='ocr_line' id='line_1_43' title="bbox 91 4582 1817 4708; baseline -0.002 -29"><span class='ocrx_word' id='word_1_553' title='bbox 91 4600 495 4679; x_wconf 79' lang='lat' dir='ltr'><strong>Ecclesiae&#39;doctoribus</strong></span> <span class='ocrx_word' id='word_1_554' title='bbox 519 4609 731 4700; x_wconf 86' lang='lat' dir='ltr'><strong>cogitatam?</strong></span> <span class='ocrx_word' id='word_1_555' title='bbox 781 4606 886 4697; x_wconf 87' lang='lat' dir='ltr'><strong>Quod</strong></span> <span class='ocrx_word' id='word_1_556' title='bbox 911 4609 941 4677; x_wconf 92' lang='lat' dir='ltr'><strong>si</strong></span> <span class='ocrx_word' id='word_1_557' title='bbox 963 4607 1091 4699; x_wconf 88' lang='lat' dir='ltr'><strong>impie·</strong></span> <span class='ocrx_word' id='word_1_558' title='bbox 1138 4593 1238 4664; x_wconf 70' lang='lat' dir='ltr'><strong>⁸l⁰ll⁸</strong></span> <span class='ocrx_word' id='word_1_559' title='bbox 1251 4603 1337 4660; x_wconf 66' lang='lat'><strong>²¹³1·</strong></span> <span class='ocrx_word' id='word_1_560' title='bbox 1386 4586 1458 4658; x_wconf 64' lang='lat' dir='ltr'><strong>sed</strong></span> <span class='ocrx_word' id='word_1_561' title='bbox 1472 4591 1516 4657; x_wconf 64' lang='lat' dir='ltr'><strong>de</strong></span> <span class='ocrx_word' id='word_1_562' title='bbox 1531 4582 1588 4708; x_wconf 40' lang='lat' dir='ltr'><strong>hb</strong></span> <span class='ocrx_word' id='word_1_563' title='bbox 1602 4604 1734 4681; x_wconf 69' lang='lat' dir='ltr'><strong>P⁰⁸l²³·</strong></span> <span class='ocrx_word' id='word_1_564' title='bbox 1814 4628 1817 4633; x_wconf 82' lang='lat'>·</span> 
     </span>
     <span class='ocr_line' id='line_1_44' title="bbox 93 4685 2132 4802; baseline 0 -21"><span class='ocrx_word' id='word_1_565' title='bbox 93 4698 226 4793; x_wconf 71' lang='lat' dir='ltr'><strong>mest,</strong></span> <span class='ocrx_word' id='word_1_566' title='bbox 253 4708 422 4797; x_wconf 77' lang='lat' dir='ltr'><strong>refragari</strong></span> <span class='ocrx_word' id='word_1_567' title='bbox 437 4710 608 4801; x_wconf 89' lang='lat' dir='ltr'><strong>patribus,</strong></span> <span class='ocrx_word' id='word_1_568' title='bbox 633 4735 738 4780; x_wconf 90' lang='lat' dir='ltr'><strong>nemo</strong></span> <span class='ocrx_word' id='word_1_569' title='bbox 757 4711 868 4800; x_wconf 91' lang='lat' dir='ltr'><strong>magis</strong></span> <span class='ocrx_word' id='word_1_570' title='bbox 884 4709 1016 4802; x_wconf 93' lang='lat' dir='ltr'><strong>impius</strong></span> <span class='ocrx_word' id='word_1_571' title='bbox 1040 4720 1091 4778; x_wconf 91' lang='lat' dir='ltr'><strong>est</strong></span> <span class='ocrx_word' id='word_1_572' title='bbox 1241 4689 1382 4781; x_wconf 72' lang='lat' dir='ltr'><strong>QU³0⁸⁰</strong></span> <span class='ocrx_word' id='word_1_573' title='bbox 1404 4703 1457 4775; x_wconf 59' lang='grc' dir='ltr'><strong>ἴθι</strong></span> <span class='ocrx_word' id='word_1_574' title='bbox 1481 4685 1684 4763; x_wconf 63' lang='lat' dir='ltr'>Chflfflass‘</span> <span class='ocrx_word' id='word_1_575' title='bbox 1698 4693 1825 4781; x_wconf 89' lang='lat' dir='ltr'><strong>lector,</strong></span> <span class='ocrx_word' id='word_1_576' title='bbox 1850 4697 2014 4790; x_wconf 65' lang='lat' dir='ltr'><strong>nunquid</strong></span> <span class='ocrx_word' id='word_1_577' title='bbox 2032 4711 2132 4797; x_wconf 58' lang='lat' dir='ltr'><strong>PW‘</strong></span> 
     </span>
     <span class='ocr_line' id='line_1_45' title="bbox 91 4789 2133 4905; baseline 0 -24"><span class='ocrx_word' id='word_1_578' title='bbox 91 4802 376 4881; x_wconf 65' lang='lat' dir='ltr'><strong>ParIsiensr&#39;bus</strong></span> <span class='ocrx_word' id='word_1_579' title='bbox 400 4811 698 4903; x_wconf 91' lang='lat' dir='ltr'><strong>disputatoribus,</strong></span> <span class='ocrx_word' id='word_1_580' title='bbox 734 4813 797 4905; x_wconf 89' lang='lat' dir='ltr'><strong>qui</strong></span> <span class='ocrx_word' id='word_1_581' title='bbox 821 4812 861 4880; x_wconf 94' lang='lat' dir='ltr'><strong>in</strong></span> <span class='ocrx_word' id='word_1_582' title='bbox 882 4811 1090 4905; x_wconf 85' lang='lat' dir='ltr'><strong>principali·</strong></span> <span class='ocrx_word' id='word_1_583' title='bbox 1139 4819 1212 4866; x_wconf 66' lang='lat'><strong>²⁸⁸²</strong></span> <span class='ocrx_word' id='word_1_584' title='bbox 1238 4789 1434 4865; x_wconf 60' lang='lat' dir='ltr'><strong>Christiani</strong></span> <span class='ocrx_word' id='word_1_585' title='bbox 1462 4792 1607 4884; x_wconf 62' lang='lat' dir='ltr'><strong>Spiritus</strong></span> <span class='ocrx_word' id='word_1_586' title='bbox 1640 4792 1679 4862; x_wconf 67' lang='lat'><strong>3¹¹</strong></span> <span class='ocrx_word' id='word_1_587' title='bbox 1710 4793 1873 4867; x_wconf 67' lang='lat' dir='ltr'><strong>50sb01¹³</strong></span> <span class='ocrx_word' id='word_1_588' title='bbox 1907 4797 1985 4882; x_wconf 65' lang='lat' dir='ltr'><strong>illa,</strong></span> <span class='ocrx_word' id='word_1_589' title='bbox 2026 4822 2133 4890; x_wconf 66' lang='lat' dir='ltr'><strong>quam</strong></span> 
     </span>
     <span class='ocr_line' id='line_1_46' title="bbox 90 4890 2131 5006; baseline -0.001 -35"><span class='ocrx_word' id='word_1_590' title='bbox 90 4906 159 4985; x_wconf 68' lang='lat' dir='ltr'><strong>hu.</strong></span> <span class='ocrx_word' id='word_1_591' title='bbox 181 4906 402 5001; x_wconf 73' lang='lat' dir='ltr'><strong>Theologiae</strong></span> <span class='ocrx_word' id='word_1_592' title='bbox 424 4912 513 4983; x_wconf 66' lang='lat' dir='ltr'><strong>locis</strong></span> <span class='ocrx_word' id='word_1_593' title='bbox 537 4915 647 4984; x_wconf 67' lang='lat' dir='ltr'><strong>velut.</strong></span> <span class='ocrx_word' id='word_1_594' title='bbox 664 4938 705 4985; x_wconf 70' lang='grc' dir='ltr'><strong>ρχ</strong></span> <span class='ocrx_word' id='word_1_595' title='bbox 727 4915 901 4983; x_wconf 68' lang='lat' dir='ltr'><strong>diametro</strong></span> <span class='ocrx_word' id='word_1_596' title='bbox 925 4938 1005 4983; x_wconf 68' lang='lat' dir='ltr'><strong>cum</strong></span> <span class='ocrx_word' id='word_1_597' title='bbox 1025 4937 1089 5006; x_wconf 67' lang='lat' dir='ltr'><strong>pa.</strong></span> <span class='ocrx_word' id='word_1_598' title='bbox 1138 4899 1226 4969; x_wconf 91' lang='lat' dir='ltr'><strong>adeo</strong></span> <span class='ocrx_word' id='word_1_599' title='bbox 1254 4890 1349 4965; x_wconf 85' lang='lat' dir='ltr'><strong>nilril</strong></span> <span class='ocrx_word' id='word_1_600' title='bbox 1373 4895 1483 4985; x_wconf 88' lang='lat' dir='ltr'><strong>pudet</strong></span> <span class='ocrx_word' id='word_1_601' title='bbox 1508 4894 1676 4966; x_wconf 83' lang='lat' dir='ltr'><strong>mentiri?</strong></span> <span class='ocrx_word' id='word_1_602' title='bbox 1730 4894 1822 4967; x_wconf 88' lang='lat' dir='ltr'><strong>Nam</strong></span> <span class='ocrx_word' id='word_1_603' title='bbox 1842 4923 1922 4968; x_wconf 87' lang='lat' dir='ltr'><strong>cum</strong></span> <span class='ocrx_word' id='word_1_604' title='bbox 1946 4900 2063 4990; x_wconf 92' lang='lat' dir='ltr'><strong>palam</strong></span> <span class='ocrx_word' id='word_1_605' title='bbox 2086 4899 2131 4969; x_wconf 91' lang='lat' dir='ltr'><strong>sit</strong></span> 
     </span>
     <span class='ocr_line' id='line_1_47' title="bbox 93 4992 2130 5108; baseline 0.002 -41"><span class='ocrx_word' id='word_1_606' title='bbox 93 5014 210 5085; x_wconf 58' lang='lat' dir='ltr'><strong>trihu,</strong></span> <span class='ocrx_word' id='word_1_607' title='bbox 241 5027 415 5105; x_wconf 69' lang='lat' dir='ltr'><strong>pugnam,</strong></span> <span class='ocrx_word' id='word_1_608' title='bbox 482 5011 585 5085; x_wconf 65' lang='lat' dir='ltr'>Bona</span> <span class='ocrx_word' id='word_1_609' title='bbox 613 5029 754 5108; x_wconf 62' lang='lat' dir='ltr'><strong>pagrum</strong></span> <span class='ocrx_word' id='word_1_610' title='bbox 784 5039 867 5108; x_wconf 65' lang='lat' dir='ltr'><strong>pm</strong></span> <span class='ocrx_word' id='word_1_611' title='bbox 906 5028 1089 5106; x_wconf 57' lang='lat' dir='ltr'><strong>peccatum</strong></span> <span class='ocrx_word' id='word_1_612' title='bbox 1138 4999 1279 5093; x_wconf 84' lang='lat' dir='ltr'><strong>ipsimet</strong></span> <span class='ocrx_word' id='word_1_613' title='bbox 1300 4995 1503 5081; x_wconf 80' lang='lat' dir='ltr'><strong>Serbonac,</strong></span> <span class='ocrx_word' id='word_1_614' title='bbox 1542 4992 1636 5067; x_wconf 92' lang='lat' dir='ltr'><strong>nihil</strong></span> <span class='ocrx_word' id='word_1_615' title='bbox 1659 5000 1848 5069; x_wconf 77' lang='lat' dir='ltr'><strong>convenire</strong></span> <span class='ocrx_word' id='word_1_616' title='bbox 1872 5001 1965 5070; x_wconf 83' lang='lat' dir='ltr'><strong>inter</strong></span> <span class='ocrx_word' id='word_1_617' title='bbox 1984 4998 2130 5071; x_wconf 88' lang='lat' dir='ltr'><strong>Monta-</strong></span> 
     </span>
     <span class='ocr_line' id='line_1_48' title="bbox 91 5112 1088 5211; baseline 0.003 -24"><span class='ocrx_word' id='word_1_618' title='bbox 91 5129 196 5187; x_wconf 79' lang='lat' dir='ltr'><strong>vocat</strong></span> <span class='ocrx_word' id='word_1_619' title='bbox 214 5128 250 5186; x_wconf 83' lang='lat' dir='ltr'><strong>et</strong></span> <span class='ocrx_word' id='word_1_620' title='bbox 267 5114 415 5202; x_wconf 82' lang='lat' dir='ltr'><strong>vitium,</strong></span> <span class='ocrx_word' id='word_1_621' title='bbox 440 5117 610 5211; x_wconf 86' lang='lat' dir='ltr'><strong>quicquid</strong></span> <span class='ocrx_word' id='word_1_622' title='bbox 634 5120 710 5187; x_wconf 91' lang='lat' dir='ltr'><strong>sine</strong></span> <span class='ocrx_word' id='word_1_623' title='bbox 731 5118 857 5210; x_wconf 87' lang='lat' dir='ltr'><strong>spiritu</strong></span> <span class='ocrx_word' id='word_1_624' title='bbox 872 5112 1015 5188; x_wconf 88' lang='lat' dir='ltr'><strong>Christo</strong></span> <span class='ocrx_word' id='word_1_625' title='bbox 1038 5117 1088 5190; x_wconf 79' lang='lat' dir='ltr'><strong>tit.</strong></span> 
     </span>
    </p>
   </div>
   <div class='ocr_carea' id='block_1_3' title="bbox 144 5345 2164 5579">
    <p class='ocr_par' dir='ltr' id='par_1_3' title="bbox 144 5345 2164 5579">
     <span class='ocr_line' id='line_1_49' title="bbox 1187 5345 1984 5422; baseline -0.008 -21"><span class='ocrx_word' id='word_1_626' title='bbox 1187 5347 1232 5420; x_wconf 76' lang='lat'><strong>1⁵)</strong></span> <span class='ocrx_word' id='word_1_627' title='bbox 1253 5354 1314 5419; x_wconf 81' lang='lat' dir='ltr'><strong>ros]</strong></span> <span class='ocrx_word' id='word_1_628' title='bbox 1333 5346 1651 5422; x_wconf 78' lang='lat' dir='ltr'><strong>Mel.opp.llasil.ed.:</strong></span> <span class='ocrx_word' id='word_1_629' title='bbox 1671 5365 1731 5403; x_wconf 80' lang='lat' dir='ltr'><strong>nos.</strong></span> <span class='ocrx_word' id='word_1_630' title='bbox 1766 5345 1798 5402; x_wconf 70' lang='lat' dir='ltr'><strong>F.</strong></span> <span class='ocrx_word' id='word_1_631' title='bbox 1981 5388 1984 5395; x_wconf 87' lang='grc'><em>,</em></span> 
     </span>
     <span class='ocr_line' id='line_1_50' title="bbox 144 5424 2164 5579; baseline 0 -90"><span class='ocrx_word' id='word_1_632' title='bbox 144 5432 189 5503; x_wconf 62' lang='grc'><strong>14)</strong></span> <span class='ocrx_word' id='word_1_633' title='bbox 205 5424 327 5503; x_wconf 57' lang='grc' dir='ltr'><strong>λίβη</strong></span> <span class='ocrx_word' id='word_1_634' title='bbox 340 5428 411 5487; x_wconf 67' lang='lat' dir='ltr'><strong>Hel.</strong></span> <span class='ocrx_word' id='word_1_635' title='bbox 425 5430 620 5505; x_wconf 69' lang='lat' dir='ltr'><strong>opp-dduntt</strong></span> <span class='ocrx_word' id='word_1_636' title='bbox 638 5427 744 5496; x_wconf 74' lang='lat' dir='ltr'><strong>timue.</strong></span> <span class='ocrx_word' id='word_1_637' title='bbox 778 5430 813 5487; x_wconf 78' lang='lat' dir='ltr'><strong>F.</strong></span> <span class='ocrx_word' id='word_1_638' title='bbox 1189 5433 1235 5503; x_wconf 80' lang='lat'><strong>16)</strong></span> <span class='ocrx_word' id='word_1_639' title='bbox 1253 5433 1443 5579; x_wconf 49' lang='lat' dir='ltr'><strong>resugobi‘el.</strong></span> <span class='ocrx_word' id='word_1_640' title='bbox 1456 5451 1521 5507; x_wconf 84' lang='lat' dir='ltr'><strong>opp.</strong></span> <span class='ocrx_word' id='word_1_641' title='bbox 1535 5428 1617 5487; x_wconf 76' lang='lat' dir='ltr'><strong>Butt.</strong></span> <span class='ocrx_word' id='word_1_642' title='bbox 1631 5440 1658 5485; x_wconf 81' lang='lat' dir='ltr'><strong>et</strong></span> <span class='ocrx_word' id='word_1_643' title='bbox 1672 5428 1763 5487; x_wconf 79' lang='lat' dir='ltr'><strong>Viteb.</strong></span> <span class='ocrx_word' id='word_1_644' title='bbox 1780 5430 1841 5487; x_wconf 79' lang='lat' dir='ltr'><strong>ed:</strong></span> <span class='ocrx_word' id='word_1_645' title='bbox 1861 5441 1964 5490; x_wconf 75' lang='lat' dir='ltr'><strong>nostra.</strong></span> <span class='ocrx_word' id='word_1_646' title='bbox 2001 5436 2035 5542; x_wconf 74' lang='lat' dir='ltr'><strong>F.</strong></span> <span class='ocrx_word' id='word_1_647' title='bbox 2156 5439 2164 5455; x_wconf 87' lang='lat'>&#39;</span> 
     </span>
    </p>
   </div>
   <div class='ocr_carea' id='block_1_4' title="bbox 0 0 2254 5780">
    <p class='ocr_par' dir='ltr' id='par_1_4' title="bbox 0 0 2254 5780">
     <span class='ocr_line' id='line_1_51' title="bbox 0 0 2254 5780; baseline 0 0"><span class='ocrx_word' id='word_1_648' title='bbox 0 0 2254 5780; x_wconf 95' lang='lat' dir='ltr'><strong> </strong></span> 
     </span>
    </p>
   </div>
  </div>
 </body>
</html>
