4500 5782
102 216 179 325 sos
608 266 617 273 -
693 216 1129 302 srrsrouanun
1177 216 1284 298 mn.
1310 218 1358 298 ιι.
1411 215 1542 301 ιεει,
1638 294 1644 301 ,
2060 216 2141 296 sos

106 442 182 493 non
208 412 256 484 sit
271 407 338 480 vsui
370 401 497 474 similis
521 392 752 491 Aristoteles?
800 391 926 487 Neque
956 392 1095 478 dubito,
1147 391 1301 468 dissone
1351 387 1469 486 Atque
1490 393 1529 462 id
1552 403 1621 479 est,
1646 390 1685 461 ni
1704 390 1827 480 fallor,
1853 392 1950 486 quod
1970 388 2021 464 ait
2042 386 2142 465 Pauo

106 521 197 619 quin
217 514 262 585 de
283 504 439 604 physicis
461 499 760 594 disputationibus
780 518 920 565 mecum
942 495 1096 566 sentiant
1148 497 1220 581 lus,
1260 495 1433 587 placuisse
1461 495 1528 565 deo
1557 518 1621 586 per
1650 494 1837 565 stultitiam
1862 492 2142 587 praedicationis

107 616 264 699 inimici,
287 631 402 703 neque
423 605 520 675 enim
540 624 668 690 negare
688 609 835 691 possunt
852 609 888 666 et
906 595 1036 679 frivola
1062 608 1098 665 et
1148 597 1263 666 salvos
1276 598 1389 666 facere
1403 596 1614 680 credenteis,
1638 595 1776 689 quiain
1789 595 1849 665 dei
1869 596 2044 689 sapientia
2064 600 2144 667 nou·

108 723 216 797 stulta
237 707 362 786 istheic
377 708 547 803 pleraque
568 704 710 786 docere,
733 722 798 769 nec
813 697 921 788 digna
935 721 1036 784 esse,
1057 697 1097 766 in
1148 699 1310 789 cognorit
1329 699 1485 768 mundus
1504 698 1613 766 'deum
1639 720 1705 789 per
1720 697 1946 789 sapientiam.¹
2001 695 2143 790 scopu

108 819 240 922 quibus
256 827 396 886 tantum
412 808 563 900 perdant
582 803 652 875 ocii
676 826 716 872 ac
736 800 904 893 temporis
923 796 1098 873 Christia-
1149 800 1253 869 nobis
1270 800 1472 890 propositus
1487 813 1540 868 est
1551 793 1740 891 (Ιιιιίειιιε,Ι
1754 799 1793 867 in
1809 822 1915 892 quem
1931 800 2057 869 oeulos
2076 798 2143 869 dos

108 929 337 999 neemeutes.
394 909 445 984 Ut
465 907 556 978 asini
579 917 683 997 caput
704 916 835 992 negant
856 901 951 971 nitro
974 903 1098 971 lavan-
1150 903 1254 992 ligere
1273 897 1432 971 hnmana
1444 924 1546 970 mens
1566 900 1738 970 foeliciter
1750 913 1877 993 posset.
1918 897 2142 989 Quemffl).

109 1031 198 1101 dnm
219 1042 308 1102 esse,
332 1014 381 1084 ita
403 1035 479 1081 111111
500 1021 586 1102 puto
606 1028 733 1097 operae
753 1003 906 1095 pretium
924 1003 1038 1075 ullum
1059 1002 1098 1070 in
1147 1027 1234 1095 pum
1248 1027 1327 1072 cum
1347 990 1607 1072 contemnimus
1621 1002 1794 1085 evolaturi
1806 1002 1851 1071 ad
1874 1002 2043 1089 coelesia,
2063 1000 2141 1072 fieri

108 1145 184 1201 tam
214 1116 331 1195 stultis
365 1113 469 1202 nugis
488 1122 579 1180 ¹rem
615 1105 809 1200 preciosiss.
836 1104 954 1175 ocium
984 1103 1098 1197 perdi.
1150 1128 1223 1174 non
1253 1092 1385 1195 potest,
1417 1104 1507 1196 quin
1530 1103 1767 1195 periclitetur,
1799 1102 1890 1195 quin
1917 1116 2012 1174 erret
2033 1122 2141 1194 vaga·

110 1228 187 1302 Iam
201 1224 232 1295 si
245 1223 408 1309 dogmata
422 1212 654 1288 conferamus,
677 1231 798 1278 noune
813 1200 1001 1301 innumera
1016 1218 1100 1276 sunt
1148 1205 1271 1276 bunda
1282 1205 1396 1291 'ratio,
1420 1205 1457 1273 id
1477 1206 1572 1299 quod
1586 1200 1753 1273 accidisse
1765 1204 1928 1274 videmus
1944 1204 2005 1276 isti
2019 1200 2143 1276 Τὴω.

109 1324 255 1411 istheic,
278 1342 369 1415 quae
389 1339 470 1386 cum
486 1311 618 1382 divinis
634 1309 747 1380 literis
765 1308 946 1401 pugnant?
986 1305 1100 1376 Mun·
1150 1310 1313 1397 logorum
1327 1307 1464 1398 generi,
1488 1331 1572 1377 cum
1593 1306 1741 1395 adfingit
1761 1307 1827 1374 deo
1846 1326 1975 1375 novom
1991 1306 2143 1400 quisque

110 1434 198 1505 dum
219 1438 402 1500 aeternum
423 1439 514 1500 esse,
540 1411 778 1489 immutabiles
800 1432 873 1479 esse
894 1409 1100 1479 coelestium
1149 1411 1318 1493 formam,
1342 1408 1406 1502 qui
1426 1432 1507 1477 cum
1528 1407 1574 1478 sit
1593 1407 1809 1498 simpliciss,
1830 1404 2143 1501 istorum-ophini

111 1531 254 1607 orbium
274 1536 408 1604 motus,
431 1510 759 1588 animamhominis
780 1534 954 1581 unacum
974 1534 1108 1600 εοερο-ι
1150 1512 1258 1581 nibus
1278 1511 1328 1581 ita
1346 1509 1516 1579 dissectus
1538 1521 1605 1595 est,
1633 1522 1690 1578 :ut-
1707 1508 1780 1577 non
1806 1509 1918 1598 magis
1946 1509 2071 1579 varius
2098 1506 2144 1580 stt

19 1638 23 1643 ’
111 1659 151 1707 re
165 1626 327 1708 interire,
352 1636 387 1691 et
406 1615 473 1689 hoc
496 1639 607 1708 genus
628 1614 713 1698 alia,
738 1613 868 1706 quibus
893 1611 1022 1683 imbuti
1043 1611 1101 1681 iu·
1151 1614 1246 1704 apud
1268 1608 1387 1704 poetas
1401 1608 1562 1683 Proteus.
1612 1607 1691 1680 Sed·
1705 1623 1748 1681 ut
1765 1610 1912 1694 donem,
1933 1610 2037 1700 pium
2057 1630 2144 1697 aa,

10 1724 30 1800 .-
110 1733 246 1809 miles
268 1723 400 1807 animi,
437 1743 518 1790 cum
542 1718 587 1786 ad
610 1715 751 1787 divinas
777 1713 896 1783 literas
920 1713 1103 1797 accedunt,
1151 1708 1611 1804 incomprehensibilia-illa
1638 1711 1802 1805 mysteria
1828 1710 2019 1801 vestigare,
2037 1704 2144 1782 certi

111 1834 285 1908 nimirum
312 1827 356 1895 ab
385 1820 484 1915 equis
508 1820 554 1895 ad
580 1818 697 1887 asinos
719 1815 861 1885 desilire
885 1815 954 1884 sibi
973 1814 1102 1883 viden·
1153 1829 1186 1885 et
1205 1814 1358 1906 impium
1382 1829 1435 1884 est
1457 1827 1493 1882 et
1514 1810 1770 1905 periculosum,
1805 1807 1977 1883 humanis.
1995 1811 2144 1903 argutiis

36 1982 49 2023 ,Ι
112 1953 188 2021 tur,
217 1931 317 2002 velut
344 1937 446 1995 antea
474 1921 513 1990 in
542 1919 586 1988 iis
614 1917 760 2001 versati,
793 1938 884 2009 quae
906 1915 1101 2005 ingenium,
1151 1917 1288 2009 potius,
1320 1939 1427 2009 quam
1452 1914 1584 1984 divinis
1606 1914 1788 2006 scripturis
1808 1912 1885 1982 rem
1906 1927 2043 2008 tantam
2064 1924 2145 1984 teu.

112 2059 203 2135 quae
230 2028 467 2103 eruditionem
491 2022 605 2103 alant,
644 2042 739 2088 nunc
760 2017 903 2105 vulgare
923 2031 958 2087 et
979 2016 1102 2086 idioti·
1152 2033 1244 2102 tare,
1270 2018 1366 2109 quod
1387 2010 1617 2086 hanclucem
1633 2028 1668 2084 et
1682 2030 1810 2087 natura
1824 2016 2034 2093 reformidet
2051 2012 2143 2095 ntin'

113 2162 194 2213 tum
223 2127 384 2225 *3Ρῖθῦἆῖ
406 2146 516 2215 genus
538 2119 762 2203 meditatur&
795 2118 834 2186 in
856 2142 927 2212 quo
952 2116 1101 2209 experiri
1153 2132 1188 2190 et
1202 2117 1338 2211 alioqui
1358 2117 1448 2186 adeo
1467 2141 1642 2210 nusquam
1660 2130 1795 2186 constet
1815 2116 1892 2185 sibi
1905 2112 2067 2199 hominis
2084 2116 2144 2186 im

112 2242 188 2313 vim
209 2231 346 2325 ingenii
368 2248 543 2320 nusquam
571 2221 718 2314 possint.
774 2211 887 2311 Atqui
907 2214 1000 2288 hanc
1023 2218 1103 2310 opi·
1153 2220 1314 2310 genium,
1334 2231 1441 2289 istnc·
1455 2213 1682 2293 chamaeleon
1698 2218 1844 2311 quidem
1862 2217 1908 2288 sit
1923 2218 2144 2301 mutabilia,

112 2343 259 2414 niouem
286 2332 333 2402 ad
363 2318 567 2400 divinorum
596 2321 821 2399 oraculorum
853 2320 1011 2391 studium
1040 2320 1105 2389 ad·
1153 2317 1213 2392 An
1234 2345 1309 2390 non
1329 2319 1503 2404 videmus,
1523 2332 1564 2389 ut
1585 2313 2070 2411 philosophorumgregibm
2087 2314 2144 2405 htp

93 2432 96 2437 ¹
112 2447 223 2523 ferre,
248 2435 327 2530 quis
341 2455 417 2502 non
431 2428 528 2496 videt
541 2424 778 2517 perniciosum
794 2421 890 2490 esse?
920 2445 1048 2513 nempe
1064 2421 1103 2490 in
1153 2435 1299 2493 conatus
1314 2421 1478 2491 cesserit?
1494 2421 1558 2514 qui
1570 2444 1651 2490 cum
1666 2444 1741 2490 non
1755 2435 1898 2512 possent
1912 2420 2036 2492 animo
2050 2444 2145 2493 oon·

64 2622 67 2627 ,
114 2544 245 2639 quibus
260 2536 358 2607 velut
372 2523 539 2607 ἐκτύποις
555 2549 628 2594 εεεε
646 2522 814 2592 divinitas
829 2524 1006 2614 expressit.
1033 2518 1104 2592 ·Ει
1154 2524 1260 2617 plecti
1274 2524 1490 2593 maiestatem
1506 2536 1650 2609 tantm,
1671 2525 1780 2613 vulgo
1797 2522 2146 2613 negaruntessedi.

115 2669 198 2718 fflm
225 2641 266 2709 ᾗ]
292 2637 364 2705 115⁸
385 2629 512 2722 nudari
534 2625 776 2709 aflfflevefissls
819 2624 897 2694 fieri
924 2625 1102 2719 quomodo
1154 2627 1250 2698 vina.
1299 2622 1422 2694 Palam
1442 2625 1538 2692 enim
1561 2622 1671 2695 ἄθεοι
1689 2638 1773 2694 ειιιιι
1792 2622 1905 2695 Stoici
1930 2639 1966 2695 ει
1985 2626 2050 2721 qui
2072 2622 2145 2696 De·

114 2755 246 2840 potest,
275 2762 321 2808 ne
341 2749 376 2806 ει
397 2729 456 2803 hie
480 2731 520 2798 in
541 2729 648 2797 sacris
669 2725 872 2815 nugentur?
922 2725 993 2797 Sed
1017 2725 1103 2819 quid
1154 2726 1345 2796 mocritum
1365 2726 1476 2796 secuti
1494 2740 1608 2810 sunt,
1621 2722 1808 2817 Epicurei,
1839 2726 1923 2795 item
1940 2720 2145 2822 cyr-mid,

114 2844 175 2918 hic
198 2838 345 2915 moror?
378 2835 467 2929 quin
487 2831 605 2924 potius
632 2829 677 2898 de
698 2852 737 2898 ea
760 2840 858 2920 parte
882 2827 1104 2911 disseramus,
1156 2826 1269 2908 ἄθεος
1294 2841 1345 2897 εει
1369 2841 1405 2897 ει
1423 2840 1537 2897 vester
1559 2826 1641 2912 ille,
1664 2826 1789 2912 Hirce,
1814 2824 2045 2915 Aristoteles,¹
2074 2848 2145 2923 qm

116 2950 193 3020 ⁸3⁰⁸
210 2967 279 3039 (1¹1³
293 2934 528 3024 Th⁰⁰l⁰ssi³¹¹¹
540 2953 702 2999 mancam
716 2943 898 3020 Plllafflssl,
925 2924 1105 3023 περὶτῶν
1156 2931 1264 3014 duce,
1298 2954 1320 2999 o
1337 2926 1540 2999 Titanicam
1563 2928 1766 3014 audaciam,
1799 2927 1938 3000 coelum
1959 2950 2144 3022 oppugnas

115 3043 211 3147 μετὰ
233 3032 447 3138 τὰφυσικὰ
478 3034 577 3104 etde
603 3032 810 3102 moralibus.
868 3028 922 3098 De
943 3030 1028 3115 deo,
1061 3029 1104 3098 de
1156 3032 1212 3105 tis.
1264 3028 1511 3124 Sequebantur
1528 3025 1565 3098 hi
1582 3030 1730 3101 rationis
1753 3025 1927 3100 humanae
1945 3027 2144 3115 methodos,

116 3155 180 3237 iis,
205 3167 296 3242 quae
318 3143 386 3213 deo
406 3138 615 3210 tribuuntur
639 3133 684 3203 ab
708 3127 934 3216 hominibus,
959 3132 1002 3199 de
1022 3131 1107 3201 uni·
1157 3133 1442 3226 quaerebantque
1461 3132 1674 3200 immensum
1693 3131 1804 3216 illud,
1833 3133 1928 3224 quod
1948 3130 2145 3217 audierant,

78 3274 81 3279 .
117 3267 205 3337 tate,
236 3249 280 3317 de
303 3241 501 3323 intellectu,
525 3237 569 3305 de
589 3235 788 3317 voluntate,
815 3233 859 3300 de
882 3233 1106 3324 simplicitate
1157 3229 1251 3308 θεὸν
1275 3232 1346 3304 dici
1368 3257 1390 3303 a
1412 3233 1618 3304 maioribus.
1676 3230 1784 3320 Quod
1811 3257 1892 3302 cum
1912 3230 2146 3327 comprobem.

117 3353 297 3426 dissenmt
317 3336 566 3433 metaphysici‚
601 3358 690 3428 quos
711 3347 859 3418 vocant,
892 3358 999 3428 quam
1023 3359 1108 3426 par·
1157 3337 1241 3405 dere
1262 3358 1337 3405 non
1359 3349 1520 3425 possent,
1544 3333 1630 3403 vani
1644 3333 1727 3402 sacti
1745 3347 1845 3417 sunt,
1871 3314 1913 3403 ui
1927 3335 1978 3404 ait
1991 3332 2145 3428 Apostns

17 3516 24 3527 ,
117 3445 396 3534 temTheologia
413 3437 619 3510 scholastica
631 3436 700 3504 sibi
713 3449 823 3505 totam
838 3435 1045 3519 vindicavit,
1067 3434 1105 3502 in
1157 3438 1232 3520 lus,
1258 3436 1497 3526 disceptando.
1547 3433 1687 3505 Horum
1707 3448 1790 3504 sunt
1811 3435 1894 3503 illae
1909 3450 2047 3507 vestrae
2062 3434 2145 3531 apos

98 3579 189 3652 ¹qua
203 3571 349 3639 regnare
363 3543 432 3613 sibi
445 3541 597 3610 videtur.
648 3536 744 3607 Hinc
762 3548 864 3604 natae
881 3554 964 3607 sunt
983 3536 1108 3605 factio-
1158 3536 1276 3607 deixes
1301 3536 1349 3605 de.
1368 3536 1560 3620 infinitate,
1600 3536 1644 3604 de
1673 3537 1810 3607 unitate
1838 3535 1913 3621 dei,
1943 3538 1999 3613 ide
2025 3539 2146 3609 divim

119 3679 184 3728 nes
215 3652 298 3722 illae
331 3642 620 3723 Thomistarum,
663 3636 910 3721 seminarum,
952 3630 1107 3707 Oceani·
1160 3636 1378 3726 cognitione,
1428 3636 1472 3706 de
1499 3638 1591 3720 fato,
1635 3638 1680 3705 de
1713 3637 1999 3726 contingentibus
2035 3641 2147 3735 deque

121 3774 273 3836 starum,
322 3748 421 3817 velut
459 3768 501 3812 ex
540 3735 627 3811 chao
664 3738 958 3826 demorgogoneo.
1038 3737 1108 3807 Hic
1160 3738 1238 3808 aliis
1260 3732 1328 3807 hoc
1353 3761 1462 3827 genus
1484 3738 1767 3830 quaestionibus,
1803 3739 1934 3831 quibus
1963 3764 2048 3811 cum
2075 3764 2146 3813 non

120 3855 387 3943 Theologorum
401 3844 528 3934 ¹vulgus
543 3839 656 3910 studia
668 3838 711 3906 -in
731 3839 905 3908 contraria
923 3837 1109 3923 scinditur,
1160 3839 1258 3910 aliud
1276 3840 1422 3910 assecuti
1438 3839 1510 3908 sint
1523 3839 1598 3923 isti,
1624 3838 1695 3907 nisi
1708 3853 1748 3909 ut
1766 3862 1839 3908 εεεε
1859 3840 1983 3911 divina
2003 3866 2147 3934 pronus

120 3962 208 4032 dum
221 3951 282 4025 hic
304 3974 379 4020 rem
404 3941 703 4025 ratiocinabilcm,
728 3940 789 4008 ille
808 3939 1002 4026 realitatcs,
1027 3940 1109 4008 bre-
1161 3954 1346 4031 negarent,
1372 3963 1435 4010 vos
1451 3953 1544 4012 extra
1560 3941 1757 4031 periculum
1776 3964 1868 4026 esse,
1893 3945 2076 4035 quomodo
2089 3968 2149 4016 vc-

119 4061 214 4132 viter
233 4057 322 4125 dum
344 4072 448 4119 suum
475 4045 623 4139 quisque
645 4042 772 4130 dogma
793 4040 934 4114 adserit.
1001 4040 1108 4130 Quod
1160 4042 1307 4112 risimile
1325 4056 1391 4125 est,
1416 4041 1478 4135 qui
1492 4043 1657 4127 candem,
1677 4066 1784 4135 quam
1801 4042 1875 4127 isti,
1898 4043 1994 4115 viam
2009 4045 2146 4137 ingredi

121 4157 283 4255 sapiendi
325 4173 435 4244 genus
471 4168 579 4240 quam
612 4137 705 4211 nihil
738 4143 783 4212 sit
810 4143 856 4211 ad
889 4137 1109 4212 Christianos
1160 4143 1302 4215 soletis?
1358 4141 1440 4217 Non
1462 4166 1586 4212 accuso
1612 4143 1684 4211 iarn
1707 4137 2048 4232 Theologastrorum
2068 4148 2150 4218 bar.

121 4276 257 4336 mentes
278 4252 480 4326 formandas
504 4244 823 4328 accommodatum,
847 4243 978 4314 audite.
1028 4241 1111 4313 Pri·
1160 4245 1315 4328 bariem,
1340 4268 1414 4312 non
1436 4246 1581 4314 confusa
1598 4243 1659 4312 illa
1676 4257 1710 4312 et
1727 4245 1896 4335 impedita
1912 4239 2149 4339 sophismata,

122 4387 224 4434 mum
239 4357 335 4428 euim
346 4363 494 4433 constat,
508 4344 742 4434 irreligiosum
752 4365 824 4412 esse
839 4345 882 4415 dc
899 4343 1019 4413 divina
1032 4368 1111 4414 ma.
1162 4371 1251 4441 quae
1267 4369 1369 4415 nemo
1384 4369 1489 4413 „mg
1506 4345 1634 4414 ,nemis
1651 4368 1724 4413 non
1745 4346 1940 4438 improbat,
1964 4349 2029 4417 sed
2051 4348 2151 4421 ium

124 4465 247 4535 iestate
279 4459 393 4548 deque
422 4452 482 4533 iis,
516 4471 608 4540 quae
632 4447 697 4515 deo
725 4447 867 4537 proprie
890 4445 1111 4531 tribuuntur,
1163 4448 1274 4541 ipsam
1288 4446 1494 4538 sapientiam
1509 4448 1692 4530 sermonis,
1707 4447 1817 4532 illam,
1833 4448 1993 4542 inquam,
2013 4472 2151 4537 acm,

22 4634 29 4644 ,
124 4568 213 4638 adeo
232 4554 435 4630 iuveniliter
454 4547 659 4639 digladiari,
685 4559 720 4615 ει
743 4541 838 4616 haud
860 4548 949 4633 scio,
974 4571 1021 4614 an
1041 4541 1112 4617 hu·
1162 4572 1232 4642 qua
1258 4572 1330 4618 una
1353 4548 1456 4618 vobis
1478 4548 1521 4617 de
1543 4542 1755 4618 Christianis
1779 4548 2003 4620 rebus'bene
2032 4552 2152 4626 meriti

124 4685 252 4738 manae
263 4651 457 4729 curiositati
472 4648 702 4720 tribuendum
717 4647 773 4732 sit,
796 4649 892 4742 quod
906 4648 1111 4719 abscondita
1162 4648 1354 4734 videmini,
1379 4674 1448 4742 qua
1464 4644 1682 4718 Christianas
1703 4662 1839 4719 mentes
1859 4674 1880 4719 a
1898 4652 2087 4743 seripturis
2107 4656 2152 4727 a}

125 4769 188 4839 illa
208 4777 243 4833 et
256 4757 392 4829 inadita
410 4751 579 4823 creaturis
598 4749 765 4842 mysteria
784 4751 1010 4842 quaerimus.¹
1046 4773 1113 4820 vo-
1163 4752 1317 4821 cationes
1337 4751 1543 4835 revocastis,
1568 4774 1637 4842 qua
1655 4750 1813 4839 gladium
1831 4751 1977 4842 spiritus
1996 4746 2019 4823 ἐ
2036 4756 2155 4827 mani

125 4870 195 4943 luit
216 4885 300 4935 sane
320 4854 484 4946 cognosci
507 4876 543 4922 se
569 4853 671 4935 deus,
704 4851 767 4918 sed
786 4865 827 4920 ut
846 4864 1114 4940 cognosceretur
1163 4853 1230 4924 bus
1244 4851 1459 4942 simplicium
1474 4850 1684 4936 extorsistis,
1709 4876 1781 4945 qno
1796 4853 1985 4923 adversum
2000 4851 2157 4927 Saum

125 4971 290 5060 delapsus
318 4972 370 5029 est
399 4957 438 5025 in
467 4976 625 5037 carnem,
660 4952 771 5020 immo
799 4951 880 5020 caro
906 4953 1018 5021 factus
1048 4966 1114 5026 εει
1163 4966 1258 5025 astus
1284 4952 1414 5022 armari
1442 4953 1616 5037 solebant,
1651 4954 1818 5023 adversus
1842 4979 1968 5048 mrem,
2009 4978 2155 5050 qum,

126 5071 218 5149 Nam
233 5087 315 5138 cum
329 5063 499 5129 immensa
517 5055 579 5122 illa
593 5053 753 5122 maiestas
769 5047 1022 5143 comprehendi
1038 5078 1114 5123 non
1165 5055 1252 5149 quid
1273 5048 1439 5122 humanis
1462 5052 1609 5143 argutiis
1636 5054 1850 5144 proieceris?
1897 5053 1984 5125 Non
2007 5080 2155 5148 possum

127 5184 263 5266 P⁰⁸⁸⁸¹2
301 5187 380 5233 ‘³¹¹¹
410 5157 529 5227 induit
557 5176 762 5247 P⁰Y⁵⁰¹¹³¹¹¹a
796 5178 903 5247 ‘luam
929 5156 1114 5246 complecti
1166 5155 1328 5248 equidem
1352 5178 1427 5221 non
1449 5151 1858 5246 vehementerprobare‚
1884 5158 2016 5250 quoda
2032 5155 2157 5231 Theo-

127 5293 229 5344 mens
242 5264 397 5337 hnmana
413 5272 594 5349 utcunque
612 5255 743 5347 potuit3
769 5255 925 5344 vulgaris
940 5256 1035 5325 enim
1050 5282 1115 5351 pa·
1166 5259 1245 5347 logo
1267 5255 1421 5349 quodam
1440 5257 1547 5346 primi
1567 5256 1723 5324 nominis
1739 5258 1833 5347 apud
1846 5253 2003 5330 Graecos
2020 5260 2156 5334 dictum

128 5390 226 5453 amm
247 5363 420 5443 sententia
442 5359 528 5444 luit,
553 5379 628 5427 non
647 5356 820 5442 victuros,
845 5356 908 5451 qui
930 5359 1037 5430 deum
1058 5360 1116 5431 vi·
1167 5372 1229 5442 est,
1249 5351 1369 5436 πίστις
1383 5352 1504 5455 ἀγέτω
1518 5352 1629 5430 πλέον
1643 5351 1761 5450 ἡμᾶς,
1787 5349 1958 5458 illim,
1976 5384 2044 5431 mc
2059 5362 2160 5435 mim.
