4500 5782
112 278 183 330 ΙΝ·

112 453 185 507 non
206 424 387 501 redditam
403 429 475 500 tibi
485 452 559 500 esse
573 446 637 504 etc.
680 432 721 526 δ)
735 424 835 529 Opto
852 454 898 500 ea
914 428 1042 501 animo
1060 441 1099 500 ut

109 527 216 632 Deus
238 540 302 607 ete.
361 533 406 628 4)
436 528 553 629 Sa'epe
578 556 634 601 me
661 527 751 602 haee
779 529 995 605 dulcissima
1029 555 1100 601 voa

25 642 28 647 '
109 648 173 708 etc.
236 632 390 705 Easdem
417 632 500 705 ver'o
523 634 729 725 Snegassius
749 637 857 706 altera
884 635 960 705 vice
989 636 1101 705 edidit

110 738 149 806 in
169 735 293 807 libello
310 734 428 809 th'l
449 738 676 829 epistolarum
693 732 940 810 Melanthonis
957 739 1000 807 ad
1017 736 1101 830 My-

111 838 274 923 conium,
309 841 445 931 dequo
471 865 565 907 nrrrre
595 840 737 932 quidem
765 840 957 932 loquimur.
985 899 990 909 .
1017 836 1100 907 Non

109 948 193 1010 vero
215 964 337 1009 omnes
359 937 603 1009 Melanthonis
632 945 675 1009 eccl
698 940 907 1034 Myconium
937 940 1101 1031 epistolas

109 1043 209 1113 dedit
228 1041 453 1130 Snegassius‚
476 1045 554 1123 scd,
581 1057 621 1112 ut
644 1044 717 1132 ipse
740 1044 778 1110 in
803 1043 1020 1133 praefatione
1042 1043 1100 1110 di-

109 1145 180 1228 xit,
205 1141 468 1240 „expluribus
483 1141 670 1228 selectas”,
695 1170 782 1236 quas
797 1168 920 1213 omnes
939 1169 980 1212 ex
999 1157 1100 1212 auto-

77 1241 272 1338 ·graphis,
307 1262 442 1336 praeter
468 1248 573 1328 duas,
604 1236 798 1338 descripsit.
852 1244 975 1332 Quum
998 1259 1100 1315 auto-

109 1342 345 1439 graphorum,
362 1372 452 1440 qrrae
466 1342 822 1436 hahuiesnegassius,
844 1349 1018 1440 quaedam
1036 1348 1100 1416 ad-

110 1446 180 1520 huc
201 1450 393 1540 supersint,
419 1474 508 1542 quae
533 1474 612 1519 curn
632 1463 728 1521 textu
749 1449 927 1538 Snegassii
945 1449 1101 1527 eontuli-

110 1575 206 1635 mus,
234 1552 452 1620 intellectum
470 1565 536 1634 cst,
562 1551 664 1619 illum
689 1551 876 1640 diligenter
894 1567 927 1621 et
949 1550 1100 1625 fideliter

51 1693 55 1697 ·
110 1655 255 1746 quidem
285 1653 527 1744 descripsisse,
557 1655 616 1720 scd
652 1667 768 1720 tarmen
795 1654 924 1743 passim
953 1653 1097 1720 nomina

109 1752 297 1825 hominum
318 1754 487 1835 delenisse
507 1764 540 1822 et
563 1778 627 1844 pro
653 1753 698 1820 iis
719 1748 772 1826 N.
798 1754 993 1845 scripsisse,
1020 1778 1098 1844 pas-

109 1858 175 1927 sim
200 1857 304 1925 etiam
328 1880 453 1925 ausum
480 1879 569 1938 esse,
602 1880 643 1923 ex
671 1879 733 1925 suo
757 1856 900 1944 ingenio
925 1858 1096 1948 quaedam

109 1972 266 2040 mutare,
299 1958 363 2027 ubi
386 1953 599 2026 Melanthon
623 1981 697 2026 non
719 1958 810 2025 bene
833 1958 1002 2048 loquutus
1025 1979 1097 2025 esse

109 2061 175 2152 ipsi
201 2060 399 2132 videbatur.
461 2057 504 2126 ln
527 2083 568 2128 co
590 2084 673 2127 vero
696 2053 1010 2150 reprehendendus
1037 2071 1098 2141 est,

107 2163 204 2256 quod
234 2186 309 2230 non
337 2161 561 2250 investigavit
587 2184 717 2244 annos,
764 2160 914 2253 quibus·
932 2160 1098 2250 epistolae

107 2265 255 2355 scriptae
272 2276 370 2347 sunt,
392 2287 506 2355 neque
528 2286 584 2331 eas
606 2262 704 2330 dedit
723 2264 917 2330 secundum
936 2261 1096 2330 ordinem

107 2380 308 2456 temporum
338 2365 540 2455 dispositas,
575 2387 708 2455 neque,
740 2364 838 2456 quod
867 2358 1098 2432 hauddubie
1137 2456 1141 2463 η

106 2471 220 2537 facere
251 2468 438 2558 potuisset,
480 2489 535 2534 eas
561 2488 635 2549 res,
675 2490 763 2557 quae
800 2465 947 2555 posteris
978 2465 1103 2534 minus

106 2571 265 2658 cognitae
282 2591 354 2636 esse
373 2581 537 2658 possunt,
562 2567 762 2638 illustravit.

206 2735 369 2829 Denique
384 2736 511 2804 ultimo
528 2733 657 2803 saeculi
668 2730 765 2800 XVI.
778 2757 872 2803 anno
887 2735 1097 2826 prodierunt

105 2842 176 2909 duo
193 2838 279 2919 libri
295 2862 315 2906 a
331 2829 476 2905 Perelio
494 2837 598 2904 editi:

128 2955 170 3050 9)
202 2948 427 3049 Philippi
465 2945 858 3021 Melanelethonis
913 2959 998 3025 τοῦ
1049 2955 1096 3028 ἐν

155 3051 308 3155 ἁγίοις
340 3046 586 3139 Consilia,
629 3053 720 3123 sire
755 3050 930 3123 iudicia
968 3050 1094 3124 theo-

156 3155 339 3251 logica,
399 3153 596 3251 itemque
648 3153 983 3250 responsiones
1036 3154 1098 3226 ad

155 3258 452 3358 ‹preaestioaes
497 3253 539 3326 de
571 3255 675 3325 rebus
701 3254 816 3326 uariis
842 3280 886 3326 ac
909 3255 1093 3355 multipli-

154 3358 256 3429 cibus
296 3354 491 3428 seeundum
533 3357 659 3429 seriem
697 3382 880 3427 unaarum
921 3354 1093 3452 digestae.

153 3460 195 3534 U
194 3487 243 3530 aa
269 3485 347 3531 eum
360 3459 590 3559 fragmentis
612 3459 870 3529 narrationum
895 3455 1093 3532 historica-

153 3590 234 3635 rum
247 3561 503 3660 pertinentium
520 3556 576 3631 ad
587 3571 671 3631 acta
681 3559 926 3658 plurimorum
942 3585 1093 3634 eonven-

32 3712 38 3721 ·
151 3679 253 3737 tuum
289 3659 590 3759 theologicorum,
638 3660 872 3764 aliarumque
901 3666 1092 3735 tractatio-

151 3794 239 3839 num
255 3765 487 3865 pudliearum
506 3764 545 3834 in
567 3789 680 3834 causa
699 3763 900 3859 religionis.
953 3763 1017 3835 Ad
1037 3792 1092 3837 re-

144 3863 337 3971 futandas
360 3865 568 3940 calumnias
616 3863 783 3964 leraspue
804 3865 1091 3961 φιλιππομαστί-

151 3998 252 4073 yrun,
281 3980 313 4040 et
337 3964 392 4039 ad
403 3892 615 4068 formandii
638 3963 777 4044 iudicia
802 3964 1034 4056 discentium,
1061 3979 1091 4039 et

152 4070 431 4145 admemoriam
450 4064 734 4141 conservandam
753 4094 890 4149 eareem,
917 4096 1010 4169 qliae
1027 4097 1091 4142 su-

149 4173 355 4276 perioribus
377 4171 489 4244 anais
509 4173 549 4243 in
571 4168 727 4241 ecelesiis
748 4167 973 4243 Germaniae
987 4174 1092 4244 aeci-

153 4275 293 4349 derunt.
346 4268 509 4346 Colleeta
535 4285 565 4344 et
590 4296 685 4343 nurse
704 4273 865 4370 primum
889 4270 987 4344 edita
1012 4286 1092 4345 stu-

153 4378 216 4450 dio
232 4390 262 4450 et
278 4403 386 4476 opera
401 4368 941 4474 ChristopleoriPeaelii,
967 4370 1091 4447 Thea-

153 4481 275 4576 Iugiae
314 4476 481 4550 doctoris.
541 4470 746 4550 Neustadii
780 4473 886 4574 apud
919 4470 1091 4549 haeredes

160 4578 374 4655 Wilhelmi
411 4578 598 4652 Ilarnisii.
651 4570 809 4648 MDC.
848 4580 880 4647 8.
934 4577 1038 4670 (Pars
1064 4581 1091 4650 Ι.

154 4687 229 4758 670
244 4710 342 4778 pagg.
381 4683 421 4757 P.
438 4682 483 4755 ll.
517 4682 590 4751 416
608 4681 722 4774 pagg.)

131 4794 523 4898 10)Ct1ristlicha
578 4793 1090 4893 Barathseitlaguagen

154 4936 177 4977 u
189 4903 252 4977 nd
270 4902 311 4976 B
317 4899 372 4975 ed
376 4900 528 4985 euleu,
555 4894 651 4971 auch
665 4896 799 4971 andere
815 4894 997 4970 adtalielre
1014 4896 1095 4970 uad

152 5003 340 5104 heylsame
365 5002 650 5097 Erinaerungea
673 4998 754 5072 und
772 4999 987 5072 Antevorten
1009 4998 1090 5074 ders

155 5105 333 5205 weyland
369 5098 678 5179 Hoeherleuehten
717 5099 903 5199 gelehrten
939 5099 1089 5175 Manus

152 5208 377 5311 Philippi
416 5202 776 5284 Melanthaais.
824 5205 863 5276 in
892 5200 1090 5277 Teutseher

151 5310 296 5413 Spraeh
312 5309 496 5409 gestellet,
525 5333 592 5379 von
610 5307 964 5408 eieleasiiraemmeu
979 5304 1086 5387 Reli-

149 5412 404 5513 gionssaalrea.
482 5404 727 5485 Getreumlicli
774 5403 984 5487 zusammen
1022 5432 1086 5506 ge-

886 254 1357 340 PRAEMONENDA.

2075 280 2141 343 {Vl

1161 430 1351 518 tradit,
1384 429 1500 508 durch
1515 435 1571 509 D.
1588 433 1975 537 Christopharum
1995 434 2142 511 Peae-

1174 532 1335 620 'lium,
1361 538 1451 637 jetzt
1470 551 1541 611 erst
1563 540 1602 610 ia
1624 537 1693 610 den
1708 538 1839 612 Druck
1850 541 2017 636 gegeben.
2068 537 2141 613 Ge-

1205 632 1330 709 druett
1361 666 1408 711 zu
1434 638 1635 714 Neuestadt
1667 669 1719 714 aa
1751 640 1815 714 der
1841 641 1987 725 Horeb,
2026 638 2142 713 durch

1211 736 1773 831 WilhelmHamisclstrben,
1799 738 2142 821 ImJahrMD.C.

1203 841 1238 910 8.
1273 844 1347 918 792
1364 869 1461 938 pagg.
1509 846 1669 943 (Recusa
1695 849 1781 922 ibid.
1806 848 1914 922 1603.
1947 849 2001 943 8.)

1253 1005 1410 1079 Consilia
1424 1011 1535 1080 latina
1552 1026 1672 1082 carent
1689 1012 1922 1103 praelatione5
1938 1015 2142 1111 germanico

1152 1108 1245 1179 libro
1272 1095 1564 1204 veropraeinissa
1587 1129 1638 1184 est
1661 1115 1807 1206 epistola
1839 1119 1883 1185 ad
1907 1111 2142 1186 Ioaehimum

1152 1223 1186 1278 et
1212 1205 1410 1282 Hearicum
1440 1206 1600 1283 Comites
1631 1206 1955 1311 Ortemburgeases
1989 1216 2142 1314 (Grasen

1152 1337 1231 1381 zum
1258 1310 1516 1411 Ortemburg),
1557 1319 1639 1387 data
1671 1316 1820 1388 Bremae
1858 1345 1977 1390 mense
2009 1318 2142 1390 Martio

1155 1414 1270 1500 1600,
1303 1442 1345 1488 ex
1370 1443 1439 1511 qua
1462 1443 1500 1486 ea
1525 1414 1594 1488 huc
1620 1421 1940 1511 transscripsimns‚
1977 1446 2067 1516 qcrae
2098 1422 2141 1491 ad

1151 1509 1337 1586 historiam
1351 1519 1559 1590 litterariam
1577 1535 1749 1612 spectant:

1199 1646 1433 1732 -‚,Glcicluvie
1449 1647 1507 1720 ich
1521 1645 1616 1721 mich
1633 1650 1774 1746 (scribit
1788 1651 1964 1748 Pezelins)
1978 1678 2043 1722 vor
2065 1655 2143 1722 die-

1182 1774 1285 1832 ·„scr
1297 1743 1377 1821 Zeit
1390 1753 1553 1821 hessissen
1577 1793 1629 1805 -
1653 1749 1748 1826 Phil.
1762 1751 2007 1824 Melanthonis
2023 1754 2141 1824 Latei-

1202 1848 1352 1935 „nische
1369 1849 1548 1925 Schriften
1573 1855 1638 1923 mit
1661 1870 1762 1944 guter
1771 1852 1979 1946 Erkla'rung
2000 1859 2064 1925 aut
2083 1857 2141 1926 dic

1155 2013 1159 2021 .
1203 1950 1497 2037 „Nachkorumen
1523 1981 1565 2025 zu
1588 1957 1756 2046 bringen,
1797 1958 1869 2026 wie
1893 1954 1950 2027 ich
1974 1958 2142 2048 unliiugst

1200 2051 1319 2138 „auch
1334 2058 1430 2126 seius
1445 2054 1709 2148 Explicationes
1722 2056 1999 2148 Evangeliorum
2014 2058 2142 2128 Domi-

1199 2157 1396 2240 „nicalium
1429 2160 1504 2229 und
1525 2156 1683 2229 Consilia
1707 2174 1741 2229 et
1764 2158 1899 2230 Iudicia
1924 2156 2140 2250 Theologica

1203 2258 1268 2341 „iu
1285 2255 1466 2349 Orduung
1486 2256 1671 2349 gebracht,
1695 2263 1770 2330 und
1795 2258 1908 2331 durch
1926 2265 1998 2331 deu
2015 2259 2139 2332 Druck

1199 2358 1403 2450 „ausgehen
1419 2362 1552 2447 lasseu3
1579 2363 1652 2431 also
1667 2358 1759 2431 habe
1775 2358 1834 2432 ich
1849 2358 1948 2433 nieht
1965 2366 2141 2432 unterlas-

1200 2487 1286 2543 „sen
1305 2465 1457 2546 vrollen,
1482 2459 1608 2534 etliche
1622 2463 1984 2534 siirnemeBedeulreu
1998 2490 2070 2533 von
2086 2467 2141 2534 al-

1199 2560 1374 2645 „lerhand
1391 2560 1652 2653 theologischen
1662 2561 1798 2636 Sachcn
1812 2562 1911 2636 nicht
1922 2562 2016 2636 ohne
2027 2563 2138 2661 Miihc

1139 2710 1142 2715 ·
1199 2668 1303 2747 „und
1329 2666 1511 2737 Urrkosten
1535 2692 1576 2735 zu
1605 2668 1795 2751 sammeln,
1827 2668 1866 2736 in
1888 2664 2070 2756 Ordnung
2096 2660 2138 2738 zu

1163 2844 1168 2851 ,
1201 2768 1382 2857 „bringcn
1399 2770 1474 2837 und
1491 2762 1604 2837 durch
1624 2770 1694 2837 den
1709 2767 1832 2837 Druck
1856 2772 1935 2839 dem
1961 2765 2139 2860 gutherzi-

1199 2892 1292 2958 „gen
1309 2869 1415 2939 Leser
1432 2864 1686 2942 mitzutheilen.
1713 2907 1761 2921 -
1784 2910 1835 2921 -
1891 2869 2002 2941 Unter
2021 2873 2137 2940 denen

1197 2971 1271 3054 „ist
1293 2967 1383 3040 auch
1407 2974 1469 3040 das
1491 2965 1686 3040 Schneiben
1702 2968 1804 3042 Doct.
1821 2970 1971 3041 Martini
1986 2967 2137 3043 Lutberi

1197 3098 1271 3154 „arar
1297 3075 1366 3141 den
1385 3070 1620 3142 Chursiirsteu
1645 3098 1686 3140 zu
1702 3067 1859 3141 Sachsen
1883 3069 1938 3169 [d.
1967 3073 2024 3146 17.
2045 3070 2138 3162 Aug.

1199 3169 1371 3269 „1535],
1397 3177 1521 3243 dcsscn
1545 3172 1724 3243 vidimirte
1742 3170 1907 3267 Copeyen
1923 3171 2021 3243 Euer
2036 3172 2137 3243 Gna-

1196 3279 1294 3360 „deu
1314 3273 1408 3345 Grai
1422 3270 1584 3345 Joarhim
1605 3289 1711 3345 untcr
1733 3270 1849 3343 ihrem
1866 3271 2043 3346 Petschast
2066 3278 2137 3344 mir

1195 3402 1290 3461 „vor
1306 3373 1456 3446 etlichen
1472 3370 1607 3447 Jahren
1625 3378 1836 3445 znkommen
1856 3377 1988 3460 lassen,
2011 3378 2135 3446 dcsscn

1197 3474 1485 3570 „Autographon
1509 3480 1596 3547 oder
1614 3493 1704 3548 erste
1726 3472 1958 3549 llarulscbrift
1978 3479 2035 3547 bei
2052 3475 2135 3551 Eu.

1194 3576 1297 3664 „Gn.
1313 3574 1494 3650 versvahrt
1514 3580 1688 3651 vvirds-
1707 3622 1755 3636 ·—-
1778 3619 1814 3631 -
1866 3578 1915 3649 So
1931 3579 2025 3648 vvird
2042 3575 2135 3650 auch

1196 3677 1268 3766 „R
1282 3677 1325 3754 E.
1348 3678 1395 3754 G.
1413 3679 1459 3754 G.
1483 3706 1526 3750 zu
1549 3681 1647 3750 lesen
1671 3680 1741 3749 lieb
1768 3703 1871 3773 seyn‚
1904 3705 1978 3748 vvas
2007 3702 2134 3770 wegeu

1195 3787 1284 3867 „des
1308 3777 1660 3854 Schmalkaldischcu
1680 3780 1805 3867 Krirgs
1832 3782 1867 3849 in
1889 3778 2133 3851 Teutschland

1195 3887 1294 3968 „und
1324 3886 1441 3953 vielen
1466 3883 1752 3971 ‹lenkwiircligen
1776 3875 2035 3971 Handlungen‚
2073 3887 2137 3952 auf

1194 3988 1292 4071 „den
1327 3986 1377 4055 im
1412 3981 1525 4055 Reich
1560 3984 1788 4073 augcstellten
1819 3981 2017 4075 Colloquiis
2057 3989 2132 4055 und

1195 4084 1459 4175 „lteiehsugcn
1491 4109 1555 4156 vor
1579 4084 1771 4155 Bedenkcn
1798 4110 1880 4153 rom
1903 4084 2022 4154 llerrn
2046 4083 2132 4155 Phi-

1196 4190 1320 4281 „lippo
1337 4189 1453 4257 virleu
1470 4182 1590 4256 hohen
1607 4185 1793 4278 Hiiupteru
1812 4189 1875 4255 der
1890 4182 2132 4257 Christenheit

1194 4285 1417 4380 „getreulich
1439 4290 1618 4378 angezeigt
1641 4289 1788 4357 worden
1820 4288 1912 4360 sind.
1974 4287 2133 4359 Sonder-

1195 4389 1295 4479 „lich
1311 4395 1396 4463 aber
1411 4392 1506 4461 vvird
1520 4388 1595 4460 ΕΕ.
1612 4388 1695 4460 GG.
1720 4385 1969 4478 wohlgesallcn
1991 4389 2050 4458 die
2063 4388 2132 4460 Be-

1194 4508 1453 4583 „antwortung
1476 4495 1539 4562 aral
1557 4493 1616 4560 die
1635 4489 1793 4579 Fragen,
1834 4516 1871 4559 so
1899 4516 1980 4559 vom
2006 4489 2131 4561 Kaiser

1196 4595 1474 4680 „Maximiliano
1493 4597 1573 4665 dem
1591 4591 1635 4663 ll'.
1654 4585 1767 4661 durch
1787 4595 1871 4660 dero
1894 4590 2130 4684 Hofprediger

1173 4697 1441 4787 ⁴‚,vorgestellt,
1480 4696 1583 4765 dariu
1615 4696 1678 4763 der
1706 4691 1836 4762 Grund
1869 4689 2131 4782 evangelischer

1195 4855 1217 4884 ‚,
1226 4796 1341 4870 Lehre
1355 4798 1429 4868 sein
1442 4798 1530 4867 kurz
1541 4797 1699 4886 gelasset,
1716 4797 1790 4865 und
1804 4795 1861 4864 die
1877 4790 2128 4866 vornehmsten

1192 4898 1381 4986 „lrrthum
1402 4901 1466 4970 der
1480 4897 1647 4990 Papisten
1667 4897 1846 4986 angezeigt
1870 4900 2019 4967 worden
2038 4898 2129 4968 siml.

1193 5001 1262 5089 „ln
1286 5026 1421 5074 massen
1443 4996 1535 5070 auch
1550 5000 1609 5069 die
1628 4993 1921 5073 unterschiedcne
1938 4993 2044 5068 Theil
2067 5001 2129 5069 der

1192 5103 1390 5189 „Antwort
1427 5126 1500 5173 von
1537 5103 1607 5170 den
1644 5094 1873 5191 Piipstischen
1909 5116 2142 5189 angcmaster*

1191 5202 1443 5291 „Herrschalt‚
1468 5205 1542 5274 rand
1558 5205 1622 5273 der
1635 5195 1869 5271 kaiserlichen
1883 5195 2063 5272 llochheit
2079 5205 2127 5271 im

1190 5303 1420 5393 „Teutsehen
1452 5299 1589 5389 Reieh,
1631 5297 1733 5372 decer
1754 5298 1921 5395 Autogra
1948 5296 2019 5383 ha,
2058 5303 2128 5372 wie

1190 5415 1315 5492 „auca
1344 5404 1452 5483 cteta
1480 5399 1599 5480 under
1626 5398 1841 5488 Bedmtm.
1877 5327 1946 5475 ici
1970 5403 2028 5475 bei
2055 5405 2127 5475 mir
