4500 5782
60 222 135 313 ³97

61 412 153 471 staro
176 398 329 496 reliquis
346 401 415 479 Ro.
433 397 663 495 Episcopum.
729 400 834 474 Nunc
854 403 950 474 nulli
974 416 1059 473 sont

59 496 233 594 Episcopi
259 505 332 573 uisi
354 498 485 597 a‘Papa
505 504 723 585 confirmati,
759 506 869 575 immo
894 530 935 576 ex
954 527 1056 595 grege

60 598 197 693 Papae,
222 628 266 674 ex
278 607 368 675 urbe
382 604 498 678 Roma
519 605 641 699 empti.
672 619 709 676 at
724 605 809 676 citra
823 605 921 679 Petri
935 620 1057 675 ancto-

60 704 203 778 ritatem
226 708 356 799 passim
384 709 515 778 multos
540 708 715 793 docuisse,
747 709 854 800 paulo
875 721 957 778 ante
977 733 1057 777 mo-

61 806 219 881 munus.

161 907 281 980 Locos
301 912 447 981 audistis
469 913 575 996 duos,
605 912 755 981 alterum
780 906 946 982 eChristi
968 934 1056 979 con-

61 1007 247 1097 tionibus,
286 1013 436 1082 alterum
464 1039 482 1082 e
510 1011 672 1082 Paulinis
699 1009 870 1104 Epistolis
894 1013 1055 1104 petitum,

61 1111 288 1206 quihussatis
303 1127 464 1185 testatum
478 1115 593 1187 uideri
601 1116 694 1198 volo,
708 1113 912 1187 Romanum
922 1112 1055 1206 Papam

62 1213 147 1310 iore,
162 1214 290 1285 divino
312 1239 385 1285 non
414 1240 487 1285 esse
511 1218 731 1309 superiorem
757 1216 837 1285 aliis
856 1213 1055 1308 Episcopis.

60 1310 284 1387 Calumniari
306 1334 469 1409 possunt,
504 1342 594 1410 quae
618 1318 790 1402 diximus,
816 1316 972 1402 inimici,
998 1341 1055 1386 re-

60 1416 178 1489 tutam
191 1441 268 1488 non
284 1435 443 1510 possunt.
494 1417 794 1513 Quandoquidem
813 1418 839 1486 ii
860 1419 949 1504 loci,
974 1418 1056 1512 qui-

61 1517 129 1589 hus
146 1519 318 1604 nitimur,
352 1520 584 1612 simpliciores
608 1535 709 1605 sum,
742 1545 849 1613 quam
872 1534 913 1591 ut
932 1520 971 1588 in
992 1545 1056 1587 va-

61 1618 132 1689 rias
152 1623 346 1692 sententias
367 1623 502 1714 possint
523 1618 689 1706 distrahi,
714 1623 926 1714 apertiores,
948 1645 1054 1716 quam

61 1722 122 1814 qui
141 1722 363 1793 dissimulari
386 1737 527 1818 queant.
592 1722 809 1794 Causseutur
833 1724 1056 1793 isti'seculo-

60 1844 141 1901 rum
162 1844 397 1910 consensum,
423 1826 733 1909 consuetudinem,
759 1821 947 1895 hominum
974 1825 1054 1916 opi-

60 1922 206 2010 niones3
242 1949 309 1994 uos
331 1928 473 1997 oracula
494 1928 606 1996 sancti
631 1927 775 2018 spiritus
804 1926 1053 2009 caussabimur,

60 2026 192 2120 quibus
207 2050 274 2119 par
287 2023 508 2111 esthumana
530 2028 652 2097 omnia
673 2030 806 2097 cedere.
854 2024 960 2111 Esto,
984 2028 1053 2095 im-

652 209 1091 307 narsr‘onaaou
1142 224 1251 300 nin.
1285 226 1331 299 n.
1387 198 1516 300 1⁵21}

2029 238 2242 339 sss&

1112 399 1278 471 idolatria
1303 396 1507 474 Romanam
1526 400 1821 492 superstitionem.
1885 403 2042 483 Proinde
2064 364 2106 485 ut

1111 501 1333 591 intelligatis,
1370 500 1434 595 qui
1461 501 1570 571 fuerit
1591 501 1794 574 dominatus
1816 507 2018 596 pontificius
2034 508 2103 609 ⁸²⁶)
2188 528 2192 541 ¹

1109 604 1180 674 iam
1203 628 1223 672 a
1245 603 1373 674 seculis
1400 603 1538 697 aliquot
1562 617 1597 672 et
1621 627 1727 705 quam
1745 602 1838 675 nihil
1855 608 2105 685 releratChri-

1109 706 1174 792 sti,
1199 705 1321 796 paucis
1343 729 1546 796 percurram
1567 728 1623 773 res
1646 707 1853 797 pontificias.
1904 709 1996 782 Nam
2016 718 2102 810 quia

1107 821 1161 878 tot
1178 807 1347 896 gentium,
1365 821 1417 876 tot
1430 818 1583 875 actatum
1593 809 1889 898 conspirationem
1903 813 2039 886 inimici
2055 819 2100 889 de

1108 932 1217 998 regno
1232 908 1412 998 pontificio
1430 921 1653 992 caussantur,
1679 910 1800 980 retulit
1813 936 1997 1004 exponere,
2020 921 2101 1011 qui.

1107 1012 1174 1080 bus
1195 1010 1331 1113 artibus
1352 1008 1422 1077 sihi
1443 1010 1592 1078 fecerint
1620 1010 1752 1080 bonam
1771 1010 1937 1105 Europae
1965 1030 2101 1108 partem

1106 1112 1309 1181 obnoxiam.

1208 1210 1321 1283 Paulo
1339 1209 1618 1282 auteNicaenam
1629 1210 1815 1308 Synodum
1832 1217 1898 1288 suit
1917 1218 2101 1295 urbisRo-

1106 1338 1184 1384 mae
1198 1308 1537 1406 EpiscopusVictor.
1577 1313 1628 1399 ls,
1655 1316 1694 1383 ni
1710 1317 1829 1402 fallor,
1851 1322 2012 1391 omniurn
2024 1326 2100 1415 pri..

1106 1439 1187 1485 mus
1219 1429 1367 1485 conatus
1392 1429 1443 1484 est
1461 1411 1568 1486 Asiae
1593 1417 1687 1505 leges
1708 1418 1823 1488 dicere
1848 1421 2007 1516 adeoque
2020 1423 2100 1497 Ro-

1106 1542 1249 1587 monam
1277 1514 1474 1587 Ecclesiam
1501 1518 1708 1588 auctoritate
1737 1543 1882 1610 augere,
1922 1527 2099 1598 derebus

1106 1614 1319 1690 Christianis
1336 1602 1478 1711 quidvis
1493 1621 1689 1705 statuendi,
1712 1621 1913 1713 imperandi
1930 1629 2098 1699 omnihus

1105 1721 1264 1789 universi
1278 1721 1375 1789 orbis
1388 1717 1567 1792 Ecclesiis.
1601 1719 1683 1792 Non
1702 1721 1798 1809 dico,
1818 1748 1889 1818 quo
1904 1726 1942 1796 id
1959 1729 2098 1818 spiritu,

1107 1845 1239 1906 errore,
1251 1846 1298 1891 an
1312 1821 1506 1891 ambitione
1519 1822 1697 1896 acciderit.
1724 1821 1827 1896 Certe
1834 1822 1981 1898 humani
1991 1832 2099 1923 quid-

1106 1924 1188 1992 dam
1209 1947 1350 2014 passum
1369 1919 1586 2015 Episcopum
1606 1920 1829 2012 Romanum,
1853 1941 1930 1999 tum
1949 1930 2097 2021 Lugdu·

1106 2025 1226 2093 nensis
1237 2021 1414 2094 Ecclesiae
1428 2021 1625 2117 Episcopus
1635 2024 1818 2113 Irenaeus,
1842 2042 1918 2100 tum
1936 2055 1993 2100 res
2010 2035 2102 2125 ipsa,

59 2128 192 2219 pararit
206 2125 399 2200 Romanus
420 2126 616 2222 Episcopus
635 2127 835 2199 Galliarum
855 2143 889 2198 et
903 2127 1054 2198 Germa·
1106 2127 1150 2195 de
1171 2151 1241 2220 qua
1263 2127 1449 2217 agebatur,
1473 2127 1600 2215 arguit.
1651 2125 1834 2217 Agebatur
1853 2133 1949 2202 enim
1967 2133 2097 2207 dePa·

60 2225 390 2303 niammEcclesiis.
428 2227 479 2303 At
492 2256 557 2300 nos
575 2224 620 2300 de
634 2231 711 2300 iure
724 2231 943 2323 quaerimus,
964 2254 1052 2299 num
1106 2223 1244 2296 schatos
1262 2229 1336 2311 die,
1358 2252 1413 2295 res
1431 2229 1535 2318 plane
1551 2229 1596 2297 ab
1610 2224 1806 2319 Evangelio
1826 2233 1952 2308 aliena.
2002 2235 2096 2309 Nam

59 2330 184 2401 divino
207 2331 287 2401 iure
307 2346 468 2424 oporteat
482 2331 646 2404 Romano
662 2330 827 2402 Pontifici
850 2332 1054 2415 serviamus,
1105 2353 1186 2397 cum
1214 2329 1253 2397 in
1274 2325 1545 2399 Christianismo
1576 2330 1731 2400 cuiusvis
1758 2335 1907 2404 arbitrio
1937 2340 2095 2429 permitti
2174 2346 2188 2370 ⁰

60 2454 132 2527 qno
151 2456 237 2503 eum
259 2457 334 2502 non
355 2456 537 2525 cogamur,
568 2435 656 2529 quid
676 2434 808 2518 obstat,
837 2433 1053 2528 quominus
1104 2431 1258 2512 debeant
1296 2430 1526 2516 cerimoniae,
1573 2425 1697 2502 Asiam
1732 2430 1931 2527 Episcopus
1970 2437 2096 2513 Victor

58 2530 198 2628 Papae,
226 2536 323 2627 quod
346 2536 525 2620 dedimus,
550 2536 607 2606 ius
631 2536 841 2608 adimamus.
898 2532 992 2605 Nam
1013 2535 1051 2603 in
1104 2533 1244 2621 adigere
1274 2546 1422 2601 conatus
1450 2545 1503 2602 est
1534 2533 1580 2601 ad
1609 2533 1700 2605 ritus
1725 2531 1884 2606 Romani
1918 2537 2094 2633 paschatis

59 2629 128 2707 hoc
142 2634 362 2706 vindicanda
382 2651 433 2707 est
449 2637 594 2708 libertas
606 2634 869 2722 Ecclesiastica,
894 2661 940 2706 ne
954 2636 1052 2707 illius
1104 2632 1259 2725 primum
1291 2647 1412 2704 contra
1440 2628 1692 2724 Evangelicam
1725 2641 1957 2728 sententiam,
2003 2668 2095 2738 quae

59 2736 199 2829 lqihus
229 2738 364 2808 diutius
392 2740 627 2810 conscientiae
655 2740 864 2809 divexentur
902 2753 937 2810 et
969 2763 1052 2808 cru·
1105 2736 1231 2828 cuique
1258 2757 1338 2804 suas
1364 2735 1573 2804 cerimonias
1596 2739 1785 2828 permittit,
1816 2742 1946 2813 deinde
1970 2761 2094 2818 contra

59 2840 211 2913 cientur.
270 2837 403 2911 Parum
431 2843 562 2910 referre
587 2854 690 2933 putat
712 2833 922 2926 Lutherus,
953 2841 1050 2934 quod
1103 2851 1258 2908 veterem
1271 2834 1378 2906 Asiae
1399 2839 1707 2924 consuetudinem,
1732 2843 1833 2912 cuius
1852 2836 2012 2915 auctores
2028 2843 2094 2918 ha-

57 2963 142 3034 opes
164 2938 324 3026 nostrae,
349 2943 519 3032 pecuniae
531 2939 717 3035 Europeae
731 2939 773 3037 ³²)
794 2939 949 3013 Romam
968 2943 1052 3012 mit·
1102 2938 1227 3009 lauerat
1247 2933 1448 3030 Apostolos.
1499 2937 1623 3033 Neque
1645 2966 1729 3012 vero
1749 2944 1955 3037 simpliciter
1969 2944 2092 3021 Asiam

58 3035 197 3115 untur.
262 3039 342 3112 Hoc
365 3044 479 3129 dolet,
511 3045 649 3133 legibus
667 3041 862 3114 Pontificiis
882 3038 917 3113 dt
940 3066 1049 3133 regno
1101 3041 1328 3109 adoriebatur
1341 3038 1481 3125 victor,
1505 3043 1566 3110 sed
1582 3066 1675 3111 novo
1693 3057 1727 3113 et
1741 3045 1901 3117 inaudito
1922 3052 2092 3142 exemplo,

56 3140 235 3236 Paptssico
251 3145 386 3213 animas
401 3139 601 3231 hominum,
622 3169 695 3214 non
712 3147 792 3216 dico
807 3146 846 3213 in
860 3146 1051 3214 discrimen
1101 3142 1188 3209 diris
1205 3136 1497 3213 etAnathemate.
1542 3138 1676 3212 Annon
1692 3145 1858 3216 videntur
1881 3144 1966 3218 haec
1988 3175 2092 3243 prae-

56 3242 207 3331 fiduci,
244 3247 307 3314 sed
329 3247 434 3338 plane
455 3247 570 3339 perdi.
631 3244 809 3317 Pecuniae
837 3247 970 3317 iactura
994 3247 1050 3314 vel
1100 3242 1199 3312 ludia
1223 3242 1330 3311 luisse
1353 3242 1450 3312 illius
1470 3237 1699 3330 Antichristi,
1724 3247 1785 3339 qui
1807 3245 2010 3321 Romanam
2035 3274 2091 3323 ce.

56 3347 190 3439 negligi
217 3360 333 3439 potest
362 3350 420 3417 vel
450 3349 590 3433 sarciri,
622 3349 764 3418 animae
783 3350 953 3418 iacturam
986 3346 1048 3440 qui
1100 3346 1181 3412 dem
1201 3344 1308 3436 paulo
1330 3357 1411 3436 post
1441 3358 1515 3413 erat
1544 3349 1801 3437 occupaturus?
1858 3347 1994 3422 Annon
2017 3368 2092 3426 erat

56 3447 222 3539 negligit,
253 3449 284 3516 is
303 3474 379 3517 non
401 3474 528 3541 parum
546 3453 720 3540 prudeus,
747 3451 807 3519 sed
826 3474 952 3542 parum
968 3450 1050 3541 pius
1099 3440 1167 3515 hor
1182 3446 1380 3537 iniquitatis
1394 3446 1619 3539 mysterium,
1644 3451 1860 3540 quodetiam
1879 3451 1982 3523 Pauli
2001 3469 2092 3526 tem-

56 3560 117 3623 tat-
170 3548 313 3620 Viderit
335 3575 399 3640 pro
420 3574 493 3619 sese
515 3551 681 3644 quisque,
706 3577 793 3621 num
815 3574 915 3621 suam
940 3575 1049 3643 pecu·
1100 3548 1246 3639 poribus
1274 3571 1350 3615 rem
1378 3543 1618 3617 Christianam
1647 3550 1859 3621 infestabat?
1910 3550 2091 3645 Agebatur

55 3650 155 3723 niam
166 3648 335 3724 Romano
351 3653 436 3722 luxu
450 3654 551 3743 perdi
564 3654 660 3725 velit.
713 3650 761 3723 At
780 3678 855 3722 non
877 3667 928 3722 est
950 3653 1048 3742 vulgi
1099 3650 1143 3717 de
1165 3649 1384 3733 cerimoniis,
1410 3664 1445 3719 et
1465 3650 1635 3738 agebatur
1656 3650 1723 3722 isto
1742 3651 1907 3725 Romano
1928 3659 2089 3746 fulmine,

56 3764 190 3845 eaptus,
211 3754 258 3822 de
279 3755 386 3822 rebus
400 3755 552 3845 pietatis,
577 3756 621 3823 de
640 3757 814 3847 mysteriis
831 3755 937 3824 sacris
953 3755 1048 3823 iudi-
1099 3751 1348 3834 devotionibus
1374 3774 1437 3819 seu
1460 3752 1767 3826 exsecrationibus.
1820 3754 1961 3843 Quibus
1981 3763 2089 3852 pesti..

55 3875 145 3927 aare.
204 3853 323 3948 Atque
343 3857 483 3924 utinam
504 3864 604 3928 es'set.
661 3854 731 3925 Hic
754 3870 906 3926 vestram
931 3856 1048 3940 fidem,
1098 3854 1164 3921 bus
1180 3853 1287 3943 paulo
1298 3864 1377 3943 post
1392 3847 1633 3923 Antichristus
1647 3869 1721 3926 erat
1743 3857 1781 3924 in
1802 3859 1926 3927 orbem
1948 3863 2090 3953 degras-

55 3948 112 4025 bic
137 3968 256 4026 vestra
283 3957 397 4026 studia
423 3956 589 4047 implorat
609 3949 820 4043 Latinus,
856 3958 1047 4047 implorant
1097 3969 1246 4027 saturus.
1299 3952 1397 4041 Quid
1415 3954 1509 4022 enim
1526 3952 1853 4028 iamaCarolorum
1869 3965 2088 4053 temporibus

54 4080 179 4127 mones
194 4057 261 4148 pii,
288 4057 349 4126 alii
367 4059 495 4148 apertis
511 4059 676 4142 vocibus,
703 4060 765 4128 alii
779 4059 961 4141 lamentis,
984 4058 1047 4127 alii
1096 4052 1233 4126 Romae
1260 4055 1439 4147 reliquum
1464 4068 1516 4125 est
1541 4072 1680 4147 praeter
1698 4060 1907 4130 cerimonias
1930 4077 1965 4132 et
1985 4065 2088 4154 trigi-

53 4158 319 4228 miserabilibus
334 4148 540 4248 ¹gemitibus,
564 4174 598 4230 et
615 4161 683 4251 ipsi
696 4162 801 4231 etiam
815 4162 853 4229 in
869 4160 970 4230 cunis
984 4184 1048 4229 va·
1098 4158 1185 4225 dum
1207 4156 1297 4225 illud
1321 4156 1488 4223 sulmeul.
1534 4155 1603 4227 Sed
1627 4162 1837 4253 contempsit
1861 4165 2087 4234 devotionem
2146 4202 2184 4241 .-

54 4258 128 4350 gllu
146 4259 319 4344 infantes,
345 4262 406 4352 qui
428 4285 527 4330 suam
548 4262 651 4330 vobis
673 4264 841 4346 salutem,
866 4286 946 4331 cum
971 4285 1045 4331 non
1096 4255 1297 4328 Romanam
1325 4253 1428 4339 Asia,
1467 4270 1501 4324 et
1530 4261 1754 4329 temerarium
1784 4287 1908 4332 ausum
1932 4264 2088 4347 Victoris¹

52 4359 497 4453 possintvoceacverhis,
525 4364 646 4453 vagitu
668 4365 927 4433 commendant.
978 4361 1046 4431 Vel
1096 4354 1324 4450 reprehendit
1352 4359 1479 4426 acriter
1507 4354 1693 4441 lrenaeus,
1737 4363 1800 4454 qui
1820 4364 1876 4433 vir
1899 4376 1993 4437 u'nus
2013 4370 2086 4441 illis

53 4463 200 4535 tandem
228 4462 482 4548 recordamini,
510 4488 573 4532 vos
603 4480 637 4534 ct
658 4460 881 4536 Christianos
903 4487 976 4532 esse
1011 4477 1046 4533 et
1096 4460 1314 4550 temporibus
1336 4453 1427 4526 mihi
1446 4459 1604 4554 reliquus
1626 4462 1734 4531 fuisse
1760 4453 1903 4537 videtur
1928 4469 1966 4537 in
1992 4454 2088 4542 occi-

51 4564 233 4658 principes
249 4559 445 4633 Christiani
463 4565 606 4656 populi,
632 4581 666 4635 et
690 4568 735 4636 ab
753 4562 966 4636 Antichristi
989 4583 1046 4659 ty·
1096 4561 1211 4631 dentis
1223 4557 1398 4643 Ecclesia,
1422 4560 1485 4653 qui
1501 4585 1584 4631 vere
1598 4558 1804 4655 Apostolico
1824 4569 1951 4658 spiritu
1967 4574 2085 4646 suerit.

50 4664 206 4738 nunide
232 4665 379 4733 miseras
402 4662 666 4736 Christianismi
694 4669 864 4762 reliquias
891 4668 1044 4738 asserite.
1094 4660 1177 4731 Non
1201 4683 1267 4749 ago
1289 4683 1403 4743 nunc,
1439 4686 1507 4755 qua
1528 4664 1711 4734 occasione
1731 4690 1816 4736 usus
1830 4666 1955 4744 Victor
1979 4672 2095 4744 Asiae-

51 4763 202 4839 Fallunt
221 4766 335 4851 enim,
366 4768 429 4859 qui
451 4768 553 4837 vobis
575 4770 741 4838 adversus
764 4771 975 4853 sacerdotes,
1002 4781 1044 4837 ut
1095 4764 1187 4852 leges
1209 4763 1325 4830 dicere
1347 4776 1493 4832 conatus
1516 4763 1578 4848 sit,
1611 4766 1686 4835 sive
1709 4771 1804 4861 quod
1826 4770 1914 4842 salso
1938 4776 2083 4865 putarit,

49 4864 121 4961 ipsi
154 4868 369 4961 loquuntur,
399 4868 506 4937 licere
537 4866 629 4939 nihil
655 4872 792 4943 volunt.
855 4870 946 4940 Nam
981 4869 1045 4962 qui
1094 4886 1202 4957 penes
1217 4860 1423 4935 Romanum
1442 4862 1648 4935 Pontificem
1672 4874 1790 4939 rertlm
1812 4894 1983 4942 summam
1999 4898 2083 4958 esse,

50 4968 199 5061 spiritus
225 4969 398 5038 animavit
425 4966 514 5041 lehn
534 4973 701 5041 adversus
729 4973 924 5043 sacerdotes
945 4968 1044 5056 Baal,
1094 4966 1167 5036 sive
1189 4965 1395 5036 auctoritate
1415 4967 1515 5035 urbis
1539 4991 1623 5036 suae
1636 4966 1677 5064 ³³)
1698 4972 1818 5044 fretus.
1878 4989 1969 5044 certe
1995 5000 2083 5045 con-

49 5069 148 5142 idem
164 5092 262 5141 nunc
274 5094 415 5164 quoque
432 5068 636 5144 cohortatur
646 5096 710 5143 vos
724 5074 838 5164 prisco
852 5074 915 5141 illo
928 5096 1043 5141 exem-

51 5171 131 5267 plo,
163 5185 206 5244 ut
228 5172 439 5263 extinguatis
465 5175 563 5243 illam
584 5177 696 5245 multo
717 5166 902 5246 terriorem
924 5172 1042 5243 Baalis

1089 5165 1358 5185 m

1143 5261 1212 5328 82b)
1231 5264 1397 5345 pontificius]
1422 5261 1517 5326 Liber,
1540 5263 1587 5332 qui
1609 5284 1635 5317 s.
1656 5265 1722 5319 1521
1742 5265 1836 5319 lormis
1857 5277 1948 5324 octor.
1962 5271 2079 5343 prodiit:
2145 5244 2150 5256 .

1195 5333 1378 5402 pontificibus.

99 5390 150 5458 82)
166 5389 322 5463 Europus]
335 5388 376 5445 Μ.
394 5410 474 5463 oppa
496 5393 632 5466 Europae.

50 5469 353 5538 thraseasoan.
375 5471 456 5534 Vos.
478 5472 502 5537 l.

1144 5398 1190 5466 33)
1209 5402 1284 5454 urbis
1298 5405 1371 5467 suae]
1393 5400 1460 5453 Mel.
1473 5418 1555 5472 opp:
1574 5401 1635 5454 urlri
1652 5419 1724 5456 suae.

1208 5475 1257 5543 22
