4500 5782
178 236 251 322 on
760 207 1199 318 murenarum
1248 236 1364 317 mu..
1391 236 1458 319 111.
1511 233 1645 316 1524.
1734 177 1750 221 ⁷
2147 242 2213 318 su

177 418 375 493 stantiensi.
425 411 638 508 Exemplum
658 415 749 485 clam
767 417 812 485 ad
833 438 890 486 me
913 414 1090 508 perlatum
1113 425 1174 484 est.
1226 412 1610 506 movebantlapidem,
1623 425 1665 484 ut
1679 413 1869 506 perderent
1880 409 2098 503 ΕείιιιιιιιιιιἸ
2114 438 2213 511 qum

175 520 279 595 Nihil
295 520 372 591 vidi
387 518 532 602 vanius,
558 513 650 587 nihil
666 519 873 607 gloriosius,
904 514 999 588 nihil
1014 517 1175 588 virulen-
1227 520 1324 612 quod
1346 519 1465 590 attacti
1488 529 1604 586 essent
1622 512 1727 586 libris
1748 517 1855 602 meis,
1894 531 1976 588 nnn
1994 520 2103 612 qnod.
2117 520 2214 590 cells·

178 628 259 697 tius.
311 621 405 693 Sunt
419 621 472 691 ibi
487 621 669 690 interdum
683 623 804 690 decem
819 645 959 706 versus,
988 620 1175 714 inquibus
1226 621 1324 710 gium
1352 621 1444 693 illud
1474 618 1765 690 florentissimum
1787 618 1987 690 invexerint
2007 618 2213 705 hoveden,

177 752 225 797 ne
241 725 374 819 syllaba
391 722 536 815 quidem
552 747 635 792 vera
650 737 711 796 est.
763 722 863 793 Idem
879 723 990 794 edidit
1010 722 1174 792 libellum
1227 746 1373 818 eamque
1388 725 1570 813 regionem
1592 735 1702 792 totam
1718 722 2215 814 infecerim-lingnisacborit

178 832 223 899 de
241 825 502 898 Parisiensibus
526 837 561 894 ct
574 823 759 898 Pontifice.
811 825 997 914 Quantum
1019 827 1093 897 illic
1116 825 1174 893 in·
1225 824 1348 897 literis.
1399 826 1460 897 Sic
1482 826 1578 895 enim
1599 824 1655 893 illi
1677 822 1887 918 loquuntur.
1943 823 1996 895 Hi
2015 820 2213 897 monachis

177 929 395 1012 ficetiarum,
436 939 609 1019 quantum
632 929 771 1018 ineptae
795 930 1026 1014 virulentiae,
1065 949 1173 1023 quam
1224 929 1393 999 omnibus
1407 938 1668 1021 persuaserant,
1697 951 1754 997 me
1775 927 2034 998 iuratissinmm
2051 919 2214 1000 essebu-

177 1031 284 1102 multi
306 1028 520 1098 nominatim
541 1030 718 1100 traducti?
768 1027 817 1101 Et
840 1045 959 1102 tamen
980 1034 1055 1125 ipsc
1077 1029 1173 1100 solus
1225 1023 1339 1105 thero.
1392 1028 1514 1125 ltaque
1529 1029 1634 1099 amici
1648 1026 1810 1098 videntes
1823 1053 1880 1098 me
1894 1030 2102 1120 periclitari,
2126 1052 2246 1123 spw

178 1154 253 1204 nou
269 1129 419 1224 apponit
433 1154 564 1200 nomen
578 1154 694 1201 suum.
742 1128 855 1218 Idem,
877 1135 1048 1215 mundio,
1075 1131 1174 1203 anxit
1224 1134 1417 1223 praebuere
1437 1131 1606 1203 Pontifici
1628 1144 1663 1200 et
1683 1129 1932 1222 Principibus,
1961 1133 2061 1218 fore,
2092 1147 2134 1205 ut
2155 1133 2213 1204 ui·
2243 1136 2246 1149 '

179 1234 349 1306 stolidum
371 1227 502 1301 Alberr‘
521 1233 712 1319 iudicium,
745 1238 842 1329 quod
864 1238 1028 1306 noudum
1051 1237 1173 1305 videre
1225 1236 1313 1328 quid
1335 1237 1475 1305 ederem
1499 1235 1537 1303 in
1558 1226 1780 1303 Lemurum.
1837 1230 1930 1303 Eam
1957 1256 2061 1326 spem
2089 1250 2129 1308 et
2147 1234 2213 1328 ipse
2244 1278 2246 1283 ·

101 1363 105 1369 ·
178 1338 292 1408 licuit.
350 1335 430 1404 Visi
457 1348 540 1406 sunt
561 1334 790 1407 Constantiae
813 1352 847 1407 et
869 1340 931 1408 alii
952 1339 1023 1408 duo
1048 1337 1173 1422 libelli,
1224 1362 1290 1429 pro
1305 1354 1463 1429 tempore
1478 1336 1563 1410 alui.
1613 1333 1662 1412 Et
1678 1336 1824 1406 interim
1844 1336 1904 1406 isti
1925 1360 2005 1406 nou
2027 1350 2212 1431 exspectato

71 1437 73 1441 ’
179 1461 268 1535 quos
284 1439 322 1508 in
337 1460 394 1507 me
410 1439 558 1530 scripsit.
607 1435 656 1508 Et
672 1442 856 1530 profitetur
878 1450 1013 1511 uovnm'
1035 1442 1173 1530 dogma,
1224 1440 1346 1511 libello
1362 1452 1552 1531 coeperant
1572 1461 1630 1508 me
1650 1438 1784 1508 libellis
1804 1437 1985 1510 lacessere.
2036 1434 2141 1510 Nihil
2154 1440 2246 1530 igi·¹

177 1546 227 1613 sic
251 1541 504 1623 traducendos,
538 1541 601 1632 qui
626 1542 803 1612 obsistunt
824 1540 1039 1634 Evangelio,
1080 1544 1174 1611 inter
1225 1556 1284 1612 tur
1304 1545 1472 1627 restabat,
1509 1541 1579 1610 nisi
1610 1552 1650 1610 ut
1681 1542 1839 1627 ederem,
1879 1542 1978 1635 quod
1999 1542 2211 1634 scripseram,

176 1666 268 1741 quos
300 1665 356 1711 me
390 1655 570 1727 numerat,
607 1657 641 1714 et
669 1642 813 1714 Balaam
841 1648 973 1738 passim
1007 1645 1172 1737 appellat,
1225 1645 1361 1737 alioqui
1376 1638 1640 1715 etMonarchas
1657 1639 1860 1713 habuissem
1880 1643 2060 1730 infensos,
2092 1644 2212 1738 quibus

177 1747 275 1842 quod
297 1738 491 1815 Adrianus
513 1742 618 1818 Pout.
640 1744 800 1817 invitarit
825 1771 897 1833 me,
933 1762 974 1818 ut
995 1749 1172 1817 mitterem
1224 1748 1321 1816 visus
1334 1747 1480 1816 fuissem
1494 1745 1632 1815 dedisse
1644 1746 1772 1830 verba,
1798 1758 1833 1815 et
1846 1745 1906 1814 isti
1920 1745 2215 1815 tumultuosiclt-

178 1847 380 1919 consilium.
432 1845 519 1916 Misi
541 1860 696 1938 partem,
724 1852 784 1919 sed
808 1850 999 1942 displicuit.
1051 1844 1173 1920 Obtu-
1225 1861 1380 1919 massent
1393 1873 1451 1918 me
1466 1863 1560 1919 metu
1578 1871 1754 1939 premere,
1786 1859 1821 1915 et
1838 1847 1994 1916 atrocius
2006 1846 2213 1940 aliquidu-

177 1951 219 2020 lit
243 1951 473 2033 decanatum,
506 1949 713 2041 simpliciter
733 1953 911 2038 recusavi3
953 1954 1068 2024 voluit
1089 1952 1174 2021 mit·
1223 1965 1419 2043 spectantes
1434 1949 1663 2044 impotentius
1676 1948 1878 2022 saevissent.
1911 1947 2111 2034 Postremo,
2132 1971 2213 2042 quo·

177 2066 252 2122 tere
267 2053 474 2143 pecuniam,
498 2052 659 2143 rescripsi
676 2076 721 2122 ne
736 2055 890 2124 mitteret
905 2056 1062 2128 obolum.
1114 2052 1173 2123 Sic
1225 2056 1322 2124 niam
1345 2054 1491 2145 epistola
1513 2045 1677 2123 Lulherr'
1696 2051 1766 2119 iam
1790 2063 1840 2120 est
1864 2051 1903 2119 in
1925 2050 2112 2134 manibus,
2152 2073 2213 2143 qut

178 2180 257 2226 sum
270 2152 469 2225 Balaamus.
520 2157 564 2221 Et
578 2154 641 2246 qui
658 2156 743 2224 tales
760 2170 859 2239 suut,
894 2158 1092 2248 postulant,
1122 2169 1173 2240 ut,
1225 2156 1412 2248 pollicetur
1425 2179 1462 2224 se
1477 2148 1720 2224 cohibiturum
1735 2151 1910 2224 calamum
1925 2154 1964 2222 in
1979 2177 2059 2237 me,
2089 2153 2213 2222 eicon*

178 2255 365 2326 contemtis
387 2254 555 2324 omnibus
578 2258 803 2344 doctoribus,
840 2259 990 2329 fidamus
1012 2261 1172 2350 ipsorum
1225 2258 1419 2351 quiescam,
1452 2257 1594 2328 viderer
1610 2267 1767 2348 expacto
1784 2278 1859 2323 non
1878 2258 1994 2326 edere.
2048 2251 2108 2324 Ad
2126 2249 2214 2335 haer,

178 2358 339 2450 spiritui,
365 2380 475 2451 quum
497 2357 642 2428 iuterim
664 2358 732 2451 ipsi
753 2361 847 2431 inter
869 2384 905 2430 se
926 2384 1001 2431 non
1023 2383 1173 2431 consen·
1225 2361 1287 2454 qui
1303 2357 1441 2431 Romae
1455 2359 1666 2451 profitentur
1680 2357 1800 2426 literas
1816 2352 1991 2440 ethnicas,
2025 2355 2095 2447 ipsi
2117 2355 2214 2426 ἐθνι-

176 2461 279 2533 tiant.
331 2457 406 2546 Qui
421 2460 553 2550 possim
568 2453 659 2531 mihi
674 2464 905 2553 persuadere,
930 2464 1011 2533 illos
1028 2463 1084 2555 agi
1100 2463 1174 2556 spi·
1224 2455 1393 2556 eolesam,
1417 2462 1507 2530 mire
1521 2462 1680 2531 fremunt
1694 2460 1732 2527 in
1749 2480 1828 2543 me,
1852 2459 2074 2542 invidentes,
2104 2470 2214 2550 ntup-

177 2564 251 2634 ritu
272 2555 425 2646 Christi,
460 2585 611 2652 quorum
634 2588 750 2633 mores
770 2579 910 2635 tantum
931 2566 1172 2658 discrepante
1223 2576 1323 2658 paret
1339 2560 1541 2636 Germanis.
1592 2560 1716 2656 ltaque
1732 2561 1762 2629 si
1778 2557 1870 2630 nihil
1886 2561 2095 2644 edidissem,
2119 2578 2213 2650 prae-

179 2664 341 2736 doctrina
354 2658 514 2734 Christi?
563 2659 665 2733 Olim
681 2663 917 2756 Evangelium
934 2692 975 2738 ex
996 2669 1173 2751 ferocibus
1224 2666 1380 2756 buissem
1401 2688 1524 2734 ansam
1546 2678 1581 2736 et
1605 2659 1800 2752 'l'heologis
1821 2676 1856 2733 et
1875 2654 2068 2732 monachis
2093 2674 2129 2732 et
2148 2661 2213 2730 illis

84 2758 87 2763 ’
178 2766 349 2837 reddebat
363 2765 484 2851 mites,
506 2791 548 2834 ex
561 2769 749 2858 rapacibus
763 2768 957 2859 benignos,
988 2795 1030 2843 ex
1046 2771 1173 2840 turbu·
1225 2768 1512 2841 Romanensibns
1534 2767 1669 2858 ligulis,
1703 2784 1858 2859 quornm
1872 2758 2011 2856 Alphe,
2045 2762 2211 2841 ui’lsllor¹

178 2868 286 2939 lentis
302 2868 484 2960 pacifices,
519 2891 559 2936 ex
581 2871 763 2940 maledicis
784 2872 990 2942 benedices:
1025 2869 1067 2942 hi
1089 2874 1172 2942 red·
1226 2884 1276 2941 est
1290 2868 1352 2954 N.‚
1368 2884 1409 2941 ut
1423 2869 1562 2940 facilius
1580 2866 2075 2961 persuaderentP0ntilicibus
2090 2888 2131 2935 ac
2143 2884 2212 2934 mo

178 2975 315 3042 duntur
332 2970 478 3054 furiosi,
508 2971 653 3062 rapiunt
669 2997 732 3065 per
745 2975 908 3044 fraudem
923 2975 1055 3060 aliena,
1086 2998 1174 3045 con·
1225 2967 1386 3059 narchis,
1419 2973 1516 3066 quod
1532 2972 1743 3063 persuadere
1758 2970 1996 3053 conabantur3
2032 2982 2209 3060 postremo,

179 3076 291 3144 citant
305 3072 439 3164 ubique
455 3075 645 3159 tumultus,
670 3077 888 3146 maledicunt
903 3079 1008 3149 etiam
1023 3080 1067 3166 dc
1083 3079 1173 3148 bene
1226 3073 1290 3146 hos
1330 3075 1486 3146 furiosos
1510 3070 1745 3162 Evangelicos
1770 3066 1974 3142 habuissem
2009 3070 2216 3164 iniquiores..

178 3175 409 3245 merentibus.
465 3172 586 3244 Novos
607 3172 827 3271 hypocritas,
866 3204 978 3250 novos
1002 3193 1172 3275 tyrannos
1224 3178 1316 3249 Nam
1337 3177 1412 3270 ipse
1432 3200 1508 3245 rem
1530 3174 1677 3246 tractavi
1700 3173 1969 3245 modestissime.
2033 3168 2084 3242 Et
2104 3185 2207 3241 niun

179 3279 303 3360 video,
342 3301 382 3344 ac
404 3299 449 3344 ne
470 3278 598 3346 micam
621 3279 765 3371 quidem
788 3278 996 3373 Evangelici
1016 3283 1171 3374 spiritus.
1225 3280 1320 3375 quod
1337 3280 1463 3362 scribo,
1478 3277 1683 3348 nonscribo
1698 3272 2205 3351 adversusanimtsemmtim
2244 3280 2246 3291 '

75 3468 80 3477 Ι
180 3379 218 3451 Si
254 3369 422 3446 Lutheru
455 3402 567 3449 essem
600 3381 882 3468 addictissimus,
921 3386 1032 3475 magis
1067 3384 1172 3453 etiam
1225 3405 1428 3477 quanquam
1443 3381 1488 3449 ab
1503 3375 1569 3449 hac
1584 3400 1727 3474 quoque
1741 3378 1894 3448 libenter
1908 3376 2139 3460 discessurus,
2155 3374 2203 3442 ubi

180 3482 266 3550 istos
289 3479 462 3559 odissem,
499 3501 605 3572 quam·
625 3503 722 3554 nuuc
743 3485 823 3569 odi,
857 3485 904 3555 ob
925 3480 1173 3576 Evangelium,
1225 3483 1497 3576 persuadebitur
1511 3484 1606 3576 quod
1623 3483 1753 3551 rectius
1769 3493 1830 3550 est.
1881 3476 1953 3550 Sed
1968 3478 2132 3562 iuterim,
2161 3477 2204 3543 in-

181 3584 276 3677 quod
294 3583 366 3650 suis
381 3582 539 3651 moribus
553 3586 708 3657 reddunt
723 3587 959 3667 invidiosum,
992 3590 1039 3658 ob
1061 3588 1173 3657 bonas
1225 3587 1322 3682 quis,
1349 3586 1450 3654 addis
1465 3586 1602 3653 animos
1621 3582 1798 3678 tyrannis,
1830 3593 1872 3650 ut
1887 3580 2058 3650 saeviant.
2108 3574 2203 3650 Neruo

180 3686 311 3768 literas,
334 3707 421 3776 quas
436 3684 673 3774 exstinguunt.
707 3686 891 3776 Quantum
905 3690 1172 3761 manifestorum
1225 3687 1430 3779 diligentius
1452 3681 1657 3757 dehortatus
1681 3698 1733 3754 est
1755 3708 1774 3752 a
1797 3682 1962 3768 saevitia,
2000 3702 2110 3751 nenio
2130 3675 2202 3748 libe·

68 3874 71 3879 Ι
181 3786 450 3856 mendaciorum
466 3801 516 3856 est
532 3788 569 3855 in
587 3788 707 3859 libello
732 3795 800 3861 τοῦ
821 3784 1048 3885 ψωρώδους,
1084 3816 1173 3884 quae
1225 3791 1319 3875 rius,
1359 3810 1465 3882 quam
1488 3811 1562 3879 ego.
1627 3783 1675 3857 Et
1697 3785 1728 3853 si
1749 3785 1940 3877 papisticae
1966 3797 2082 3853 sectae
2109 3798 2200 3851 eoem

181 3889 238 3957 vir
252 3884 487 3977 Evangelicus
509 3890 630 3959 scribit
652 3905 773 3961 contra
799 3915 896 3961 suam
913 3895 1174 3978 conscientiam,
1226 3890 1496 3976 addictissimus,
1521 3904 1640 3960 tamen
1654 3889 1894 3957 dissuaderem
1909 3879 2103 3969 saevitiam,
2125 3881 2200 3978 quod

182 3991 319 4060 nonob
341 3989 456 4073 aliud,
489 3991 559 4059 nisi
582 4003 622 4061 ut
645 4007 736 4064 urat.
786 3990 835 4062 Et
848 3990 916 4064 hoc
931 4009 1072 4067 senatus
1088 4020 1174 4065 con·
1227 3991 1291 4064 hae
1308 3995 1366 4063 via
1382 3992 1487 4062 latius
1503 3991 1688 4083 spargitur.
1739 3988 1896 4059 Proinde
1911 3987 2133 4081 perspiciens
2151 3981 2200 4053 hoc

181 4094 315 4164 sultum
336 4092 429 4163 inter
446 4093 531 4161 istos
545 4092 667 4163 Patres
680 4097 813 4165 factum
830 4085 898 4181 est,
931 4109 971 4166 ut
984 4094 1174 4168 Erasmurn
1228 4097 1406 4180 lulianus,
1451 4095 1565 4165 vetuit
1598 4092 1712 4162 occidi
1745 4086 1978 4164 Christianos.
2043 4084 2200 4171 Theologi

180 4194 312 4266 libellis
343 4194 509 4269 obruant.
568 4194 709 4283 Quibus
731 4197 760 4265 si
782 4198 1032 4289 respondeam,
1071 4223 1174 4292 prae·
1226 4198 1433 4281 credebant,
1466 4197 1497 4265 si
1518 4194 1705 4264 Bruxellae
1726 4192 1998 4263 combussissent
2020 4210 2137 4260 unum
2155 4201 2200 4256 aut
2244 4280 2246 4287 Ι

182 4298 316 4367 clarum
349 4295 504 4380 lacinus,
535 4310 576 4367 ut
607 4299 873 4371 sceleratissima
903 4301 1175 4387 conflictatione,
1226 4302 1394 4380 alterum,
1427 4299 1504 4367 fore
1525 4309 1565 4366 ut
1587 4317 1711 4365 omnes
1735 4296 2027 4378 emendarentur3
2063 4314 2105 4361 ea
2123 4308 2201 4359 utort
2244 4294 2246 4299 ’

182 4398 317 4468 alamus
333 4397 468 4489 aliquot
484 4398 646 4468 sordidos
666 4425 705 4470 ac
725 4401 906 4471 famelicos
925 4399 1174 4495 typographos,
1226 4403 1356 4473 multos
1370 4394 1699 4471 fecitLutheranos.
1749 4395 1821 4466 Sed
1841 4394 1900 4465 isti
1923 4395 2073 4487 quidam
2088 4389 2202 4463 vocife-

183 4512 257 4569 rion
275 4520 347 4567 uno
363 4498 490 4586 dignos
505 4503 708 4590 suspendio.
742 4502 925 4592 Quantum
943 4503 1174 4597 impietatum,
1226 4518 1370 4588 rantur,
1402 4502 1508 4572 obrui
1521 4497 1773 4589 Evangeliirm,
1806 4497 1836 4565 si
1853 4497 1933 4590 quis
1954 4495 2104 4567 obsistat
2124 4496 2203 4587 ipso

183 4613 358 4695 quantum
382 4603 646 4672 mendaciorum
670 4619 721 4675 est
746 4605 784 4674 in
806 4605 869 4676 illu
891 4606 1014 4678 libello
1034 4601 1174 4693 Alteri,
1225 4630 1306 4678 rum
1322 4604 1493 4674 vesaniae.
1544 4601 1627 4672 Non
1642 4603 1686 4671 ad
1703 4595 1771 4669 hoc
1786 4599 1878 4669 valet
1892 4594 2147 4687 Evangelinm‚
2172 4606 2204 4661 ut

183 4704 213 4772 si
231 4703 308 4770 levc
322 4702 476 4788 videtur,
502 4705 598 4796 qu'od
613 4704 835 4802 Hieronymo
851 4707 900 4778 sic
917 4722 1093 4781 contemto
1110 4710 1175 4778 ada
1225 4730 1408 4801 peccemus
1430 4705 1595 4796 impune,
1628 4705 1690 4772 sed
1714 4724 1759 4771 ne
1774 4722 1974 4794 peccemus,
1997 4697 2107 4768 etiam
2128 4698 2156 4769 si
2168 4696 2204 4762 li·

184 4804 237 4875 dit
252 4803 356 4874 etiam
372 4805 537 4896 perfidiae
553 4805 711 4878 crimen?
740 4807 817 4900 Ego
833 4806 1005 4901 prohibeo
1021 4810 1174 4902 nuptias,
1225 4823 1299 4880 ceat
1314 4808 1472 4901 impune.

185 4930 248 4997 ego
272 4905 384 4976 defeci
406 4909 450 4976 ad
473 4904 649 5003 Papistas,
686 4911 748 5006 qui
769 4928 855 4982 voco
877 4910 958 4981 illos
979 4910 1027 4986 R.
1046 4912 1087 4985 P.
1110 4935 1173 5002 ego
1328 4908 1463 4980 Verum
1482 4904 1579 4977 hisce
1602 4908 1646 4975 de
1665 4906 1771 4975 rebus
1791 4903 1873 4996 plus
1896 4903 1991 4975 satis.
2049 4901 2152 4973 Misit
2169 4901 2205 4970 ad

185 5031 289 5077 curro
306 5032 386 5078 cum
399 5010 498 5093 sure,
531 5033 593 5100 ego
613 5012 748 5084 bellum
771 5038 853 5104 gero
869 5037 949 5084 cum
966 5010 1171 5105 Evangelio.
1225 5038 1282 5083 me
1302 5005 1526 5107 Cumpegr'us
1548 5005 1656 5081 Card.
1677 5007 1734 5078 vir
1760 5008 1919 5099 profecto
1946 5004 2123 5094 singulerl
2150 4999 2209 5073 hu·

186 5108 257 5179 Sed
272 5109 418 5180 facessat
431 5107 517 5182 haec
533 5114 686 5205 querela.
1225 5116 1411 5199 munitate,
1442 5114 1505 5206 qui
1526 5134 1667 5181 mecum
1688 5121 1805 5199 ageret
1826 5109 1871 5177 tle
1892 5106 2035 5190 mulli&
2069 5120 2108 5177 ‘l
2127 5106 2209 5175 5⁰¹⁰*

286 5208 478 5283 Miraberis
507 5237 570 5283 cur
593 5217 769 5285 emiserim
792 5216 954 5288 libellum
975 5213 1177 5287 Delibero
1226 5232 1339 5289 cetera
1366 5217 1409 5285 de
1433 5228 1467 5285 te
1486 5214 1556 5285 alio
1581 5212 1750 5307 quopiam
1771 5210 1961 5280 evocando.
2018 5203 2210 5303 Respondi,

185 5305 354 5382 arbitrio.
408 5312 625 5386 sustuleram
641 5318 768 5410 triplex
789 5342 913 5414 agmen
936 5319 1175 5392 inimicorum.
1224 5339 1281 5389 mc
1296 5333 1417 5411 optare
1432 5316 1577 5412 quidem
1593 5329 1694 5384 tuum
1710 5312 1804 5385 istud
1826 5311 2010 5405 ingenium
2031 5332 2109 5381 esse
2128 5309 2212 5380 libe·

187 5406 364 5503 Theologi
381 5430 415 5485 et
430 5418 604 5489 bonarum
620 5420 800 5492 literarum
816 5444 933 5493 osores
947 5423 1086 5494 nullum
1102 5445 1176 5492 non
1225 5444 1305 5492 rum
1322 5420 1457 5492 abistis
1472 5417 1778 5503 contentionibus,
1801 5414 1862 5486 sed
1877 5416 2065 5505 drepente
2086 5424 2128 5485 te'
2142 5432 2212 5484 sut·
