<?xml version="1.0" encoding="UTF-8"?>
<!DOCTYPE html PUBLIC "-//W3C//DTD XHTML 1.0 Transitional//EN"
    "http://www.w3.org/TR/xhtml1/DTD/xhtml1-transitional.dtd">
<html xmlns="http://www.w3.org/1999/xhtml" xml:lang="en" lang="en">
 <head>
  <title>
</title>
<meta http-equiv="Content-Type" content="text/html;charset=utf-8" />
  <meta name='ocr-system' content='tesseract 3.04.00' />
  <meta name='ocr-capabilities' content='ocr_page ocr_carea ocr_par ocr_line ocrx_word'/>
</head>
<body>
  <div class='ocr_page' id='page_1' title='image "./corpusreformato07melagoog/corpusreformato07melagoog_0498.png"; bbox 0 0 4500 5782; ppageno 0'>
   <div class='ocr_carea' id='block_1_1' title="bbox 89 250 266 503">
    <p class='ocr_par' dir='ltr' id='par_1_1' title="bbox 89 250 266 503">
     <span class='ocr_line' id='line_1_1' title="bbox 89 250 158 329; baseline 0.029 -1"><span class='ocrx_word' id='word_1_1' title='bbox 89 250 158 329; x_wconf 77' lang='lat' dir='ltr'><strong>tot</strong></span> 
     </span>
     <span class='ocr_line' id='line_1_2' title="bbox 91 426 266 503; baseline 0.023 -5"><span class='ocrx_word' id='word_1_2' title='bbox 91 426 162 502; x_wconf 85' lang='lat' dir='ltr'><strong>No.</strong></span> <span class='ocrx_word' id='word_1_3' title='bbox 177 426 266 503; x_wconf 78' lang='lat' dir='ltr'><strong>est.</strong></span> 
     </span>
    </p>
   </div>
   <div class='ocr_carea' id='block_1_2' title="bbox 89 521 262 556">
    <p class='ocr_par' dir='ltr' id='par_1_2' title="bbox 89 521 262 556">
     <span class='ocr_line' id='line_1_3' title="bbox 89 521 262 556; baseline 0.017 -7"><span class='ocrx_word' id='word_1_4' title='bbox 89 521 262 556; x_wconf 52' lang='lat' dir='ltr'><em>m</em></span> 
     </span>
    </p>
   </div>
   <div class='ocr_carea' id='block_1_3' title="bbox 320 594 797 685">
    <p class='ocr_par' dir='ltr' id='par_1_3' title="bbox 320 594 797 685">
     <span class='ocr_line' id='line_1_4' title="bbox 320 594 797 685; baseline 0.002 -2"><span class='ocrx_word' id='word_1_5' title='bbox 320 594 501 685; x_wconf 64' lang='grc' dir='ltr'><strong>Ἰωσῆ.</strong></span> <span class='ocrx_word' id='word_1_6' title='bbox 540 594 797 684; x_wconf 71' lang='lat' dir='ltr'><strong>camerario.</strong></span> 
     </span>
    </p>
   </div>
   <div class='ocr_carea' id='block_1_4' title="bbox 915 438 1047 507">
    <p class='ocr_par' dir='ltr' id='par_1_4' title="bbox 915 438 1047 507">
     <span class='ocr_line' id='line_1_5' title="bbox 915 438 1047 507; baseline -0.015 -1"><span class='ocrx_word' id='word_1_7' title='bbox 915 447 972 507; x_wconf 80' lang='lat' dir='ltr'><strong>te.</strong></span> <span class='ocrx_word' id='word_1_8' title='bbox 985 438 1047 504; x_wconf 82' lang='lat' dir='ltr'><strong>Iol.</strong></span> 
     </span>
    </p>
   </div>
   <div class='ocr_carea' id='block_1_5' title="bbox 894 529 1066 559">
    <p class='ocr_par' dir='ltr' id='par_1_5' title="bbox 894 529 1066 559">
     <span class='ocr_line' id='line_1_6' title="bbox 894 529 1066 559; baseline 0.012 -2"><span class='ocrx_word' id='word_1_9' title='bbox 894 529 1066 559; x_wconf 56' lang='grc' dir='ltr'>Μ</span> 
     </span>
    </p>
   </div>
   <div class='ocr_carea' id='block_1_6' title="bbox 146 784 546 860">
    <p class='ocr_par' dir='ltr' id='par_1_6' title="bbox 146 784 546 860">
     <span class='ocr_line' id='line_1_7' title="bbox 146 784 546 860; baseline -0.008 -19"><span class='ocrx_word' id='word_1_10' title='bbox 146 784 234 860; x_wconf 76' lang='lat' dir='ltr'><strong>Epist.</strong></span> <span class='ocrx_word' id='word_1_11' title='bbox 252 785 286 840; x_wconf 78' lang='lat' dir='ltr'><strong>sd</strong></span> <span class='ocrx_word' id='word_1_12' title='bbox 302 784 441 841; x_wconf 73' lang='lat' dir='ltr'><strong>camene.</strong></span> <span class='ocrx_word' id='word_1_13' title='bbox 460 805 487 858; x_wconf 89' lang='lat' dir='ltr'><strong>p.</strong></span> <span class='ocrx_word' id='word_1_14' title='bbox 499 784 546 839; x_wconf 74' lang='grc'><strong>45.</strong></span> 
     </span>
    </p>
   </div>
   <div class='ocr_carea' id='block_1_7' title="bbox 89 935 1070 1125">
    <p class='ocr_par' dir='ltr' id='par_1_7' title="bbox 89 935 1070 1125">
     <span class='ocr_line' id='line_1_8' title="bbox 89 935 1070 1037; baseline 0.002 -23"><span class='ocrx_word' id='word_1_15' title='bbox 89 938 328 1016; x_wconf 77' lang='lat' dir='ltr'><strong>loachimo</strong></span> <span class='ocrx_word' id='word_1_16' title='bbox 345 935 638 1024; x_wconf 81' lang='lat' dir='ltr'><strong>Camerario,</strong></span> <span class='ocrx_word' id='word_1_17' title='bbox 665 939 934 1037; x_wconf 78' lang='lat' dir='ltr'><strong>Bambergensi</strong></span> <span class='ocrx_word' id='word_1_18' title='bbox 951 943 1070 1016; x_wconf 81' lang='lat' dir='ltr'><strong>amico</strong></span> 
     </span>
     <span class='ocr_line' id='line_1_9' title="bbox 166 1066 697 1125; baseline 0.002 -12"><span class='ocrx_word' id='word_1_19' title='bbox 166 1066 169 1071; x_wconf 89' lang='lat'>·</span> <span class='ocrx_word' id='word_1_20' title='bbox 455 1068 524 1114; x_wconf 83' lang='lat' dir='ltr'><strong>sao</strong></span> <span class='ocrx_word' id='word_1_21' title='bbox 540 1069 697 1125; x_wconf 71' lang='lat' dir='ltr'><strong>suniero,</strong></span> 
     </span>
    </p>
   </div>
   <div class='ocr_carea' id='block_1_8' title="bbox 88 1170 1068 4333">
    <p class='ocr_par' dir='ltr' id='par_1_8' title="bbox 88 1170 1068 4227">
     <span class='ocr_line' id='line_1_10' title="bbox 89 1170 1068 1292; baseline -0.001 -27"><span class='ocrx_word' id='word_1_22' title='bbox 89 1170 118 1265; x_wconf 72' lang='lat'><strong>3.</strong></span> <span class='ocrx_word' id='word_1_23' title='bbox 136 1190 185 1268; x_wconf 91' lang='lat' dir='ltr'><strong>D.</strong></span> <span class='ocrx_word' id='word_1_24' title='bbox 236 1188 408 1292; x_wconf 77' lang='lat' dir='ltr'><em>Apellam</em></span> <span class='ocrx_word' id='word_1_25' title='bbox 432 1195 590 1264; x_wconf 88' lang='lat' dir='ltr'><strong>existimo</strong></span> <span class='ocrx_word' id='word_1_26' title='bbox 618 1195 686 1263; x_wconf 85' lang='lat' dir='ltr'><strong>iam</strong></span> <span class='ocrx_word' id='word_1_27' title='bbox 709 1196 753 1262; x_wconf 87' lang='lat' dir='ltr'><strong>ad</strong></span> <span class='ocrx_word' id='word_1_28' title='bbox 774 1217 838 1261; x_wconf 89' lang='lat' dir='ltr'><strong>vos</strong></span> <span class='ocrx_word' id='word_1_29' title='bbox 855 1194 1068 1284; x_wconf 89' lang='lat' dir='ltr'><strong>pervenisse,</strong></span> 
     </span>
     <span class='ocr_line' id='line_1_11' title="bbox 89 1289 1067 1390; baseline -0.002 -25"><span class='ocrx_word' id='word_1_30' title='bbox 89 1319 115 1365; x_wconf 89' lang='lat' dir='ltr'><strong>n</strong></span> <span class='ocrx_word' id='word_1_31' title='bbox 135 1319 210 1390; x_wconf 91' lang='lat' dir='ltr'><strong>quo</strong></span> <span class='ocrx_word' id='word_1_32' title='bbox 231 1298 454 1389; x_wconf 82' lang='lat' dir='ltr'><strong>excipiendo,</strong></span> <span class='ocrx_word' id='word_1_33' title='bbox 474 1297 526 1365; x_wconf 88' lang='lat' dir='ltr'><strong>mi</strong></span> <span class='ocrx_word' id='word_1_34' title='bbox 541 1289 747 1379; x_wconf 81' lang='lat' dir='ltr'><strong>Ioachime&#39;,</strong></span> <span class='ocrx_word' id='word_1_35' title='bbox 774 1294 915 1364; x_wconf 88' lang='lat' dir='ltr'><strong>nullum</strong></span> <span class='ocrx_word' id='word_1_36' title='bbox 933 1309 965 1364; x_wconf 91' lang='lat' dir='ltr'><strong>te</strong></span> <span class='ocrx_word' id='word_1_37' title='bbox 989 1297 1067 1364; x_wconf 86' lang='lat' dir='ltr'><strong>offi-</strong></span> 
     </span>
     <span class='ocr_line' id='line_1_12' title="bbox 89 1394 1067 1490; baseline -0.003 -22"><span class='ocrx_word' id='word_1_38' title='bbox 89 1396 121 1468; x_wconf 73' lang='lat' dir='ltr'><strong>ii</strong></span> <span class='ocrx_word' id='word_1_39' title='bbox 136 1420 251 1487; x_wconf 80' lang='lat' dir='ltr'><strong>genus</strong></span> <span class='ocrx_word' id='word_1_40' title='bbox 264 1398 539 1490; x_wconf 78' lang='lat' dir='ltr'><strong>praetermittere</strong></span> <span class='ocrx_word' id='word_1_41' title='bbox 555 1398 675 1466; x_wconf 90' lang='lat' dir='ltr'><strong>velim.</strong></span> <span class='ocrx_word' id='word_1_42' title='bbox 723 1394 788 1465; x_wconf 86' lang='lat' dir='ltr'><strong>Est</strong></span> <span class='ocrx_word' id='word_1_43' title='bbox 803 1397 913 1482; x_wconf 82' lang='lat' dir='ltr'><strong>enirn,</strong></span> <span class='ocrx_word' id='word_1_44' title='bbox 935 1410 974 1466; x_wconf 92' lang='lat' dir='ltr'><strong>ut</strong></span> <span class='ocrx_word' id='word_1_45' title='bbox 988 1398 1067 1484; x_wconf 89' lang='lat' dir='ltr'><strong>scis,</strong></span> 
     </span>
     <span class='ocr_line' id='line_1_13' title="bbox 89 1492 1065 1592; baseline -0.001 -24"><span class='ocrx_word' id='word_1_46' title='bbox 89 1512 111 1571; x_wconf 76' lang='lat' dir='ltr'><strong>et</strong></span> <span class='ocrx_word' id='word_1_47' title='bbox 137 1492 319 1586; x_wconf 84' lang='lat' dir='ltr'><strong>eruditus,</strong></span> <span class='ocrx_word' id='word_1_48' title='bbox 353 1515 387 1569; x_wconf 91' lang='lat' dir='ltr'><strong>et</strong></span> <span class='ocrx_word' id='word_1_49' title='bbox 409 1500 581 1568; x_wconf 88' lang='lat' dir='ltr'><strong>invidiam</strong></span> <span class='ocrx_word' id='word_1_50' title='bbox 606 1501 785 1592; x_wconf 86' lang='lat' dir='ltr'><strong>quandam</strong></span> <span class='ocrx_word' id='word_1_51' title='bbox 806 1522 825 1567; x_wconf 89' lang='lat' dir='ltr'><strong>a</strong></span> <span class='ocrx_word' id='word_1_52' title='bbox 848 1522 911 1567; x_wconf 92' lang='lat' dir='ltr'><strong>suo</strong></span> <span class='ocrx_word' id='word_1_53' title='bbox 940 1499 1065 1568; x_wconf 82' lang='lat' dir='ltr'><strong>ordine</strong></span> 
     </span>
     <span class='ocr_line' id='line_1_14' title="bbox 89 1598 1065 1695; baseline 0 -26"><span class='ocrx_word' id='word_1_54' title='bbox 89 1614 223 1695; x_wconf 81' lang='lat' dir='ltr'><strong>sropter</strong></span> <span class='ocrx_word' id='word_1_55' title='bbox 237 1617 375 1671; x_wconf 86' lang='lat' dir='ltr'><strong>nostras</strong></span> <span class='ocrx_word' id='word_1_56' title='bbox 392 1602 509 1670; x_wconf 83' lang='lat' dir='ltr'><strong>literas</strong></span> <span class='ocrx_word' id='word_1_57' title='bbox 524 1602 682 1669; x_wconf 86' lang='lat' dir='ltr'><strong>sustinet.</strong></span> <span class='ocrx_word' id='word_1_58' title='bbox 733 1598 804 1669; x_wconf 87' lang='lat' dir='ltr'><strong>Sed</strong></span> <span class='ocrx_word' id='word_1_59' title='bbox 819 1599 945 1669; x_wconf 85' lang='lat' dir='ltr'><strong>accidit</strong></span> <span class='ocrx_word' id='word_1_60' title='bbox 962 1600 993 1667; x_wconf 91' lang='lat' dir='ltr'><strong>ei</strong></span> <span class='ocrx_word' id='word_1_61' title='bbox 1010 1622 1065 1669; x_wconf 87' lang='lat' dir='ltr'><strong>res</strong></span> 
     </span>
     <span class='ocr_line' id='line_1_15' title="bbox 89 1698 1063 1796; baseline -0.003 -23"><span class='ocrx_word' id='word_1_62' title='bbox 89 1702 202 1775; x_wconf 77' lang='lat' dir='ltr'><strong>e&#39;erba</strong></span> <span class='ocrx_word' id='word_1_63' title='bbox 219 1698 287 1772; x_wconf 89' lang='lat' dir='ltr'><strong>hoc</strong></span> <span class='ocrx_word' id='word_1_64' title='bbox 304 1716 482 1796; x_wconf 91' lang='lat' dir='ltr'><strong>tempore,</strong></span> <span class='ocrx_word' id='word_1_65' title='bbox 504 1703 649 1772; x_wconf 85' lang='lat' dir='ltr'><strong>filiolam</strong></span> <span class='ocrx_word' id='word_1_66' title='bbox 673 1701 800 1770; x_wconf 92' lang='lat' dir='ltr'><strong>amisit.</strong></span> <span class='ocrx_word' id='word_1_67' title='bbox 852 1699 892 1769; x_wconf 89' lang='lat' dir='ltr'><strong>ld</strong></span> <span class='ocrx_word' id='word_1_68' title='bbox 918 1702 1063 1770; x_wconf 90' lang='lat' dir='ltr'><strong>adeum</strong></span> 
     </span>
     <span class='ocr_line' id='line_1_16' title="bbox 89 1796 1065 1897; baseline -0.007 -20"><span class='ocrx_word' id='word_1_69' title='bbox 89 1804 197 1877; x_wconf 80' lang='lat' dir='ltr'><strong>cribit</strong></span> <span class='ocrx_word' id='word_1_70' title='bbox 221 1796 423 1877; x_wconf 81' lang='lat' dir='ltr'><strong>Lulherus.</strong></span> <span class='ocrx_word' id='word_1_71' title='bbox 475 1801 573 1894; x_wconf 88' lang='lat' dir='ltr'><strong>lpse,</strong></span> <span class='ocrx_word' id='word_1_72' title='bbox 598 1803 687 1897; x_wconf 87' lang='lat' dir='ltr'><strong>quia</strong></span> <span class='ocrx_word' id='word_1_73' title='bbox 710 1802 781 1870; x_wconf 89' lang='lat' dir='ltr'><strong>scio</strong></span> <span class='ocrx_word' id='word_1_74' title='bbox 805 1803 964 1871; x_wconf 90' lang='lat' dir='ltr'><strong>animum</strong></span> <span class='ocrx_word' id='word_1_75' title='bbox 989 1803 1065 1872; x_wconf 88' lang='lat' dir='ltr'><strong>eius</strong></span> 
     </span>
     <span class='ocr_line' id='line_1_17' title="bbox 89 1905 1064 1977; baseline -0.004 0"><span class='ocrx_word' id='word_1_76' title='bbox 89 1906 213 1977; x_wconf 87' lang='lat' dir='ltr'><strong>otiam</strong></span> <span class='ocrx_word' id='word_1_77' title='bbox 229 1907 428 1976; x_wconf 87' lang='lat' dir='ltr'><strong>domesticis</strong></span> <span class='ocrx_word' id='word_1_78' title='bbox 446 1905 631 1974; x_wconf 81' lang='lat' dir='ltr'><strong>funeribus</strong></span> <span class='ocrx_word' id='word_1_79' title='bbox 653 1906 897 1974; x_wconf 80' lang='lat' dir='ltr'><strong>labefactatum</strong></span> <span class='ocrx_word' id='word_1_80' title='bbox 916 1927 990 1973; x_wconf 91' lang='lat' dir='ltr'><strong>non</strong></span> <span class='ocrx_word' id='word_1_81' title='bbox 1009 1928 1064 1973; x_wconf 89' lang='lat' dir='ltr'><strong>sa-</strong></span> 
     </span>
     <span class='ocr_line' id='line_1_18' title="bbox 89 2002 1064 2097; baseline -0.002 -20"><span class='ocrx_word' id='word_1_82' title='bbox 89 2007 118 2077; x_wconf 86' lang='lat' dir='ltr'><strong>is</strong></span> <span class='ocrx_word' id='word_1_83' title='bbox 137 2002 272 2077; x_wconf 84' lang='lat' dir='ltr'><strong>habere</strong></span> <span class='ocrx_word' id='word_1_84' title='bbox 294 2008 425 2077; x_wconf 90' lang='lat' dir='ltr'><strong>virium</strong></span> <span class='ocrx_word' id='word_1_85' title='bbox 443 2009 487 2075; x_wconf 91' lang='lat' dir='ltr'><strong>ad</strong></span> <span class='ocrx_word' id='word_1_86' title='bbox 503 2006 726 2075; x_wconf 80' lang='lat' dir='ltr'><strong>acerbitatem</strong></span> <span class='ocrx_word' id='word_1_87' title='bbox 748 2005 864 2074; x_wconf 86' lang='lat' dir='ltr'><strong>luctus</strong></span> <span class='ocrx_word' id='word_1_88' title='bbox 885 2007 1064 2097; x_wconf 76' lang='lat' dir='ltr'><strong>perferen-</strong></span> 
     </span>
     <span class='ocr_line' id='line_1_19' title="bbox 89 2104 1064 2200; baseline -0.002 -21"><span class='ocrx_word' id='word_1_89' title='bbox 89 2110 168 2195; x_wconf 77' lang='lat' dir='ltr'><strong>tem,</strong></span> <span class='ocrx_word' id='word_1_90' title='bbox 193 2122 228 2179; x_wconf 90' lang='lat' dir='ltr'><strong>te</strong></span> <span class='ocrx_word' id='word_1_91' title='bbox 242 2131 329 2199; x_wconf 83' lang='lat' dir='ltr'><strong>rogo</strong></span> <span class='ocrx_word' id='word_1_92' title='bbox 346 2133 409 2200; x_wconf 88' lang='lat' dir='ltr'><strong>per</strong></span> <span class='ocrx_word' id='word_1_93' title='bbox 423 2104 616 2192; x_wconf 82' lang='lat' dir='ltr'><strong>Christum,</strong></span> <span class='ocrx_word' id='word_1_94' title='bbox 638 2121 678 2175; x_wconf 92' lang='lat' dir='ltr'><strong>ut</strong></span> <span class='ocrx_word' id='word_1_95' title='bbox 698 2107 820 2176; x_wconf 89' lang='lat' dir='ltr'><strong>levetis</strong></span> <span class='ocrx_word' id='word_1_96' title='bbox 836 2107 971 2192; x_wconf 83' lang='lat' dir='ltr'><strong>officiis,</strong></span> <span class='ocrx_word' id='word_1_97' title='bbox 989 2122 1064 2180; x_wconf 92' lang='lat' dir='ltr'><strong>stu-</strong></span> 
     </span>
     <span class='ocr_line' id='line_1_20' title="bbox 89 2208 1063 2303; baseline -0.005 -20"><span class='ocrx_word' id='word_1_98' title='bbox 89 2208 144 2283; x_wconf 82' lang='lat' dir='ltr'><strong>tiis</strong></span> <span class='ocrx_word' id='word_1_99' title='bbox 171 2224 207 2282; x_wconf 86' lang='lat' dir='ltr'><strong>et</strong></span> <span class='ocrx_word' id='word_1_100' title='bbox 232 2211 503 2303; x_wconf 86' lang='lat' dir='ltr'><strong>quibuscunque</strong></span> <span class='ocrx_word' id='word_1_101' title='bbox 526 2210 671 2300; x_wconf 89' lang='lat' dir='ltr'><strong>potestis</strong></span> <span class='ocrx_word' id='word_1_102' title='bbox 689 2208 823 2277; x_wconf 87' lang='lat' dir='ltr'><strong>solatiis</strong></span> <span class='ocrx_word' id='word_1_103' title='bbox 839 2208 935 2277; x_wconf 87' lang='lat' dir='ltr'><strong>illius</strong></span> <span class='ocrx_word' id='word_1_104' title='bbox 958 2211 1063 2278; x_wconf 92' lang='lat' dir='ltr'><strong>dolo—</strong></span> 
     </span>
     <span class='ocr_line' id='line_1_21' title="bbox 89 2310 1063 2401; baseline -0.005 -18"><span class='ocrx_word' id='word_1_105' title='bbox 89 2334 162 2383; x_wconf 82' lang='lat' dir='ltr'><strong>em.</strong></span> <span class='ocrx_word' id='word_1_106' title='bbox 213 2310 284 2381; x_wconf 85' lang='lat' dir='ltr'><strong>Hic</strong></span> <span class='ocrx_word' id='word_1_107' title='bbox 299 2337 318 2380; x_wconf 90' lang='lat' dir='ltr'><strong>a</strong></span> <span class='ocrx_word' id='word_1_108' title='bbox 335 2311 465 2381; x_wconf 88' lang='lat' dir='ltr'><strong>nostris</strong></span> <span class='ocrx_word' id='word_1_109' title='bbox 483 2311 604 2379; x_wconf 89' lang='lat' dir='ltr'><strong>amicis</strong></span> <span class='ocrx_word' id='word_1_110' title='bbox 620 2311 724 2379; x_wconf 80' lang='lat' dir='ltr'><strong>datvm</strong></span> <span class='ocrx_word' id='word_1_111' title='bbox 739 2334 862 2401; x_wconf 89' lang='lat' dir='ltr'><strong>opera,</strong></span> <span class='ocrx_word' id='word_1_112' title='bbox 888 2325 928 2380; x_wconf 93' lang='lat' dir='ltr'><strong>ut</strong></span> <span class='ocrx_word' id='word_1_113' title='bbox 943 2311 1063 2380; x_wconf 84' lang='lat' dir='ltr'><strong>uxoris</strong></span> 
     </span>
     <span class='ocr_line' id='line_1_22' title="bbox 89 2409 1064 2504; baseline -0.005 -19"><span class='ocrx_word' id='word_1_114' title='bbox 89 2410 216 2485; x_wconf 70' lang='lat' dir='ltr'><strong>inimus</strong></span> <span class='ocrx_word' id='word_1_115' title='bbox 237 2409 406 2483; x_wconf 92' lang='lat' dir='ltr'><strong>nonnihil</strong></span> <span class='ocrx_word' id='word_1_116' title='bbox 427 2425 621 2496; x_wconf 87' lang='lat' dir='ltr'><strong>recreetur,</strong></span> <span class='ocrx_word' id='word_1_117' title='bbox 646 2414 689 2480; x_wconf 90' lang='lat' dir='ltr'><strong>de</strong></span> <span class='ocrx_word' id='word_1_118' title='bbox 711 2436 780 2504; x_wconf 92' lang='lat' dir='ltr'><strong>qua</strong></span> <span class='ocrx_word' id='word_1_119' title='bbox 802 2435 847 2479; x_wconf 92' lang='lat' dir='ltr'><strong>ne</strong></span> <span class='ocrx_word' id='word_1_120' title='bbox 863 2412 908 2481; x_wconf 91' lang='lat' dir='ltr'><strong>sit</strong></span> <span class='ocrx_word' id='word_1_121' title='bbox 931 2413 1064 2481; x_wconf 90' lang='lat' dir='ltr'><strong>sollici-</strong></span> 
     </span>
     <span class='ocr_line' id='line_1_23' title="bbox 89 2514 1062 2607; baseline -0.006 -20"><span class='ocrx_word' id='word_1_122' title='bbox 89 2539 150 2600; x_wconf 86' lang='lat' dir='ltr'><strong>ns,</strong></span> <span class='ocrx_word' id='word_1_123' title='bbox 174 2514 261 2585; x_wconf 84' lang='lat' dir='ltr'><strong>sciat</strong></span> <span class='ocrx_word' id='word_1_124' title='bbox 284 2539 360 2583; x_wconf 90' lang='lat' dir='ltr'><strong>eam</strong></span> <span class='ocrx_word' id='word_1_125' title='bbox 381 2527 475 2583; x_wconf 86' lang='lat' dir='ltr'><strong>recte</strong></span> <span class='ocrx_word' id='word_1_126' title='bbox 493 2514 624 2598; x_wconf 88' lang='lat' dir='ltr'><strong>valere,</strong></span> <span class='ocrx_word' id='word_1_127' title='bbox 649 2516 1005 2607; x_wconf 88' lang='lat' dir='ltr'><strong>praeterquamquod</strong></span> <span class='ocrx_word' id='word_1_128' title='bbox 1024 2515 1062 2582; x_wconf 91' lang='lat' dir='ltr'><strong>in</strong></span> 
     </span>
     <span class='ocr_line' id='line_1_24' title="bbox 89 2610 1064 2707; baseline -0.004 -20"><span class='ocrx_word' id='word_1_129' title='bbox 89 2620 251 2689; x_wconf 76' lang='lat' dir='ltr'><strong>nstu&#39;est.</strong></span> <span class='ocrx_word' id='word_1_130' title='bbox 301 2614 375 2686; x_wconf 90' lang='lat' dir='ltr'><strong>Nos</strong></span> <span class='ocrx_word' id='word_1_131' title='bbox 392 2614 460 2707; x_wconf 87' lang='lat' dir='ltr'><strong>ipsi</strong></span> <span class='ocrx_word' id='word_1_132' title='bbox 480 2616 608 2683; x_wconf 87' lang='lat' dir='ltr'><strong>misere</strong></span> <span class='ocrx_word' id='word_1_133' title='bbox 631 2617 798 2688; x_wconf 87' lang='lat' dir='ltr'><strong>valemus.</strong></span> <span class='ocrx_word' id='word_1_134' title='bbox 850 2610 964 2683; x_wconf 90' lang='lat' dir='ltr'><strong>Ome</strong></span> <span class='ocrx_word' id='word_1_135' title='bbox 989 2640 1064 2684; x_wconf 91' lang='lat' dir='ltr'><strong>sce-</strong></span> 
     </span>
     <span class='ocr_line' id='line_1_25' title="bbox 89 2717 1062 2811; baseline -0.005 -22"><span class='ocrx_word' id='word_1_136' title='bbox 89 2730 158 2789; x_wconf 84' lang='lat' dir='ltr'><strong>este</strong></span> <span class='ocrx_word' id='word_1_137' title='bbox 179 2718 346 2802; x_wconf 87' lang='lat' dir='ltr'><strong>stultum,</strong></span> <span class='ocrx_word' id='word_1_138' title='bbox 373 2718 434 2811; x_wconf 89' lang='lat' dir='ltr'><strong>qui</strong></span> <span class='ocrx_word' id='word_1_139' title='bbox 452 2734 574 2807; x_wconf 87' lang='lat' dir='ltr'><strong>passus</strong></span> <span class='ocrx_word' id='word_1_140' title='bbox 593 2740 669 2784; x_wconf 91' lang='lat' dir='ltr'><strong>sum</strong></span> <span class='ocrx_word' id='word_1_141' title='bbox 689 2739 746 2782; x_wconf 93' lang='lat' dir='ltr'><strong>me</strong></span> <span class='ocrx_word' id='word_1_142' title='bbox 768 2740 787 2784; x_wconf 90' lang='lat' dir='ltr'><strong>a</strong></span> <span class='ocrx_word' id='word_1_143' title='bbox 811 2717 913 2785; x_wconf 89' lang='lat' dir='ltr'><strong>vobis</strong></span> <span class='ocrx_word' id='word_1_144' title='bbox 930 2717 1062 2802; x_wconf 86' lang='lat' dir='ltr'><strong>divelli,</strong></span> 
     </span>
     <span class='ocr_line' id='line_1_26' title="bbox 89 2818 1062 2917; baseline -0.004 -28"><span class='ocrx_word' id='word_1_145' title='bbox 89 2818 223 2917; x_wconf 80' lang='lat' dir='ltr'><strong>pribus,</strong></span> <span class='ocrx_word' id='word_1_146' title='bbox 247 2831 434 2912; x_wconf 88' lang='lat' dir='ltr'><strong>postquam</strong></span> <span class='ocrx_word' id='word_1_147' title='bbox 450 2818 592 2913; x_wconf 77' lang='lat' dir='ltr'><strong>discessi</strong></span> <span class='ocrx_word' id='word_1_148' title='bbox 605 2819 649 2886; x_wconf 88' lang='lat' dir='ltr'><strong>ab</strong></span> <span class='ocrx_word' id='word_1_149' title='bbox 664 2841 773 2886; x_wconf 77' lang='lat' dir='ltr'><strong>rixore</strong></span> <span class='ocrx_word' id='word_1_150' title='bbox 789 2831 823 2887; x_wconf 92' lang='lat' dir='ltr'><strong>et</strong></span> <span class='ocrx_word' id='word_1_151' title='bbox 841 2818 979 2902; x_wconf 90' lang='lat' dir='ltr'><strong>liberis,</strong></span> <span class='ocrx_word' id='word_1_152' title='bbox 1005 2819 1062 2885; x_wconf 91' lang='lat' dir='ltr'><strong>ni-</strong></span> 
     </span>
     <span class='ocr_line' id='line_1_27' title="bbox 89 2912 1062 3010; baseline -0.002 -19"><span class='ocrx_word' id='word_1_153' title='bbox 89 2918 124 2991; x_wconf 80' lang='lat' dir='ltr'><strong>til</strong></span> <span class='ocrx_word' id='word_1_154' title='bbox 148 2920 340 2991; x_wconf 87' lang='lat' dir='ltr'><strong>iucundius</strong></span> <span class='ocrx_word' id='word_1_155' title='bbox 355 2915 485 2989; x_wconf 88' lang='lat' dir='ltr'><strong>habere</strong></span> <span class='ocrx_word' id='word_1_156' title='bbox 501 2920 643 3010; x_wconf 89' lang='lat' dir='ltr'><strong>possim.</strong></span> <span class='ocrx_word' id='word_1_157' title='bbox 694 2912 879 2986; x_wconf 83' lang='lat' dir='ltr'><strong>Stromero</strong></span> <span class='ocrx_word' id='word_1_158' title='bbox 900 2920 1062 2989; x_wconf 88' lang='lat' dir='ltr'><strong>libellum</strong></span> 
     </span>
     <span class='ocr_line' id='line_1_28' title="bbox 89 3020 1061 3113; baseline -0.003 -20"><span class='ocrx_word' id='word_1_159' title='bbox 89 3020 271 3093; x_wconf 70' lang='lat' dir='ltr'><strong>fitiorum</strong></span> <span class='ocrx_word' id='word_1_160' title='bbox 296 3022 414 3107; x_wconf 86' lang='lat' dir='ltr'><strong>mitto,</strong></span> <span class='ocrx_word' id='word_1_161' title='bbox 449 3044 613 3113; x_wconf 88' lang='lat' dir='ltr'><strong>eramque</strong></span> <span class='ocrx_word' id='word_1_162' title='bbox 633 3038 748 3088; x_wconf 76' lang='lat' dir='ltr'><strong>ineam</strong></span> <span class='ocrx_word' id='word_1_163' title='bbox 774 3022 1061 3111; x_wconf 87' lang='lat' dir='ltr'><strong>procrastinatio-</strong></span> 
     </span>
     <span class='ocr_line' id='line_1_29' title="bbox 89 3121 1061 3214; baseline -0.003 -20"><span class='ocrx_word' id='word_1_164' title='bbox 89 3146 154 3194; x_wconf 72' lang='lat' dir='ltr'><strong>nem</strong></span> <span class='ocrx_word' id='word_1_165' title='bbox 177 3137 406 3193; x_wconf 84' lang='lat' dir='ltr'><strong>excusaturus</strong></span> <span class='ocrx_word' id='word_1_166' title='bbox 425 3146 489 3213; x_wconf 93' lang='lat' dir='ltr'><strong>per</strong></span> <span class='ocrx_word' id='word_1_167' title='bbox 511 3122 714 3214; x_wconf 89' lang='lat' dir='ltr'><strong>epistolam,</strong></span> <span class='ocrx_word' id='word_1_168' title='bbox 755 3122 784 3189; x_wconf 90' lang='lat' dir='ltr'><strong>si</strong></span> <span class='ocrx_word' id='word_1_169' title='bbox 806 3121 944 3191; x_wconf 88' lang='lat' dir='ltr'><strong>sivisset</strong></span> <span class='ocrx_word' id='word_1_170' title='bbox 965 3124 1061 3191; x_wconf 88' lang='lat' dir='ltr'><strong>vale-</strong></span> 
     </span>
     <span class='ocr_line' id='line_1_30' title="bbox 89 3222 1062 3317; baseline -0.002 -21"><span class='ocrx_word' id='word_1_171' title='bbox 89 3226 171 3299; x_wconf 88' lang='lat' dir='ltr'><strong>ndo.</strong></span> <span class='ocrx_word' id='word_1_172' title='bbox 202 3256 205 3261; x_wconf 95' lang='lat'>·</span> <span class='ocrx_word' id='word_1_173' title='bbox 223 3223 359 3294; x_wconf 80' lang='lat' dir='ltr'><strong>Vereor</strong></span> <span class='ocrx_word' id='word_1_174' title='bbox 377 3224 490 3307; x_wconf 90' lang='lat' dir='ltr'><strong>enim,</strong></span> <span class='ocrx_word' id='word_1_175' title='bbox 510 3237 566 3307; x_wconf 91' lang='lat' dir='ltr'><strong>ut,</strong></span> <span class='ocrx_word' id='word_1_176' title='bbox 586 3222 668 3317; x_wconf 90' lang='lat' dir='ltr'><strong>quia</strong></span> <span class='ocrx_word' id='word_1_177' title='bbox 684 3223 796 3292; x_wconf 90' lang='lat' dir='ltr'><strong>serius</strong></span> <span class='ocrx_word' id='word_1_178' title='bbox 810 3224 979 3309; x_wconf 83' lang='lat' dir='ltr'><strong>mittitur,</strong></span> <span class='ocrx_word' id='word_1_179' title='bbox 1006 3247 1062 3294; x_wconf 89' lang='lat' dir='ltr'><strong>sa-</strong></span> 
     </span>
     <span class='ocr_line' id='line_1_31' title="bbox 89 3319 1063 3421; baseline 0 -24"><span class='ocrx_word' id='word_1_180' title='bbox 89 3327 236 3417; x_wconf 72' lang='lat' dir='ltr'><strong>ts-grata</strong></span> <span class='ocrx_word' id='word_1_181' title='bbox 259 3326 369 3416; x_wconf 81' lang='lat' dir='ltr'><strong>gratia</strong></span> <span class='ocrx_word' id='word_1_182' title='bbox 391 3326 508 3393; x_wconf 85' lang='lat' dir='ltr'><strong>lutura</strong></span> <span class='ocrx_word' id='word_1_183' title='bbox 530 3325 593 3404; x_wconf 91' lang='lat' dir='ltr'><strong>sit,</strong></span> <span class='ocrx_word' id='word_1_184' title='bbox 619 3319 694 3393; x_wconf 80' lang='grc' dir='ltr'><strong><em>ἐστὶ</em></strong></span> <span class='ocrx_word' id='word_1_185' title='bbox 708 3320 781 3421; x_wconf 67' lang='grc' dir='ltr'><strong>γὰρ</strong></span> <span class='ocrx_word' id='word_1_186' title='bbox 799 3321 822 3395; x_wconf 86' lang='grc' dir='ltr'><strong><em>ἆ</em></strong></span> <span class='ocrx_word' id='word_1_187' title='bbox 840 3320 1063 3421; x_wconf 75' lang='grc' dir='ltr'><em>βραδύπους</em></span> 
     </span>
     <span class='ocr_line' id='line_1_32' title="bbox 89 3419 1062 3524; baseline -0.001 -27"><span class='ocrx_word' id='word_1_188' title='bbox 89 3426 204 3524; x_wconf 52' lang='lat' dir='ltr'><strong>[rapte</strong></span> <span class='ocrx_word' id='word_1_189' title='bbox 212 3421 332 3523; x_wconf 80' lang='grc' dir='ltr'><strong>χάρις.</strong></span> <span class='ocrx_word' id='word_1_190' title='bbox 385 3424 443 3495; x_wconf 91' lang='lat' dir='ltr'><strong>Tu</strong></span> <span class='ocrx_word' id='word_1_191' title='bbox 461 3419 651 3517; x_wconf 79' lang='lat' dir='ltr'><strong>responde,</strong></span> <span class='ocrx_word' id='word_1_192' title='bbox 676 3449 721 3492; x_wconf 89' lang='lat' dir='ltr'><strong>an</strong></span> <span class='ocrx_word' id='word_1_193' title='bbox 737 3426 893 3497; x_wconf 86' lang='lat' dir='ltr'><strong>Francus</strong></span> <span class='ocrx_word' id='word_1_194' title='bbox 914 3429 1062 3498; x_wconf 89' lang='lat' dir='ltr'><strong>tabella-</strong></span> 
     </span>
     <span class='ocr_line' id='line_1_33' title="bbox 88 3523 1060 3612; baseline 0.001 -14"><span class='ocrx_word' id='word_1_195' title='bbox 88 3530 145 3601; x_wconf 91' lang='lat' dir='ltr'><strong>ius</strong></span> <span class='ocrx_word' id='word_1_196' title='bbox 175 3544 297 3599; x_wconf 89' lang='lat' dir='ltr'><strong>noster</strong></span> <span class='ocrx_word' id='word_1_197' title='bbox 326 3523 414 3596; x_wconf 87' lang='lat' dir='ltr'><strong>haec</strong></span> <span class='ocrx_word' id='word_1_198' title='bbox 442 3527 510 3596; x_wconf 90' lang='lat' dir='ltr'><strong>tibi</strong></span> <span class='ocrx_word' id='word_1_199' title='bbox 537 3523 752 3612; x_wconf 84' lang='lat' dir='ltr'><strong>exhibuerit,</strong></span> <span class='ocrx_word' id='word_1_200' title='bbox 792 3543 843 3599; x_wconf 91' lang='lat' dir='ltr'><strong>est</strong></span> <span class='ocrx_word' id='word_1_201' title='bbox 866 3531 961 3598; x_wconf 91' lang='lat' dir='ltr'><strong>enim</strong></span> <span class='ocrx_word' id='word_1_202' title='bbox 987 3556 1060 3599; x_wconf 88' lang='lat' dir='ltr'><strong>non</strong></span> 
     </span>
     <span class='ocr_line' id='line_1_34' title="bbox 89 3627 1059 3723; baseline 0.003 -25"><span class='ocrx_word' id='word_1_203' title='bbox 89 3630 225 3723; x_wconf 83' lang='lat' dir='ltr'><strong>ptimae</strong></span> <span class='ocrx_word' id='word_1_204' title='bbox 240 3630 324 3699; x_wconf 84' lang='lat' dir='ltr'><strong>fidei</strong></span> <span class='ocrx_word' id='word_1_205' title='bbox 340 3628 499 3697; x_wconf 88' lang='lat' dir='ltr'><strong>nuntius.</strong></span> <span class='ocrx_word' id='word_1_206' title='bbox 543 3627 651 3696; x_wconf 88' lang='lat' dir='ltr'><strong>Mitto</strong></span> <span class='ocrx_word' id='word_1_207' title='bbox 669 3640 703 3697; x_wconf 89' lang='lat' dir='ltr'><strong>et</strong></span> <span class='ocrx_word' id='word_1_208' title='bbox 719 3630 922 3699; x_wconf 82' lang='lat' dir='ltr'><strong>fasciculum</strong></span> <span class='ocrx_word' id='word_1_209' title='bbox 940 3631 1059 3701; x_wconf 88' lang='lat' dir='ltr'><strong>litera-</strong></span> 
     </span>
     <span class='ocr_line' id='line_1_35' title="bbox 89 3731 1061 3825; baseline 0 -23"><span class='ocrx_word' id='word_1_210' title='bbox 89 3756 172 3817; x_wconf 84' lang='lat' dir='ltr'><strong>um,</strong></span> <span class='ocrx_word' id='word_1_211' title='bbox 199 3756 304 3825; x_wconf 88' lang='lat' dir='ltr'><strong>quem</strong></span> <span class='ocrx_word' id='word_1_212' title='bbox 322 3752 451 3823; x_wconf 88' lang='lat' dir='ltr'><strong>quaeso</strong></span> <span class='ocrx_word' id='word_1_213' title='bbox 471 3743 512 3798; x_wconf 92' lang='lat' dir='ltr'><strong>ut</strong></span> <span class='ocrx_word' id='word_1_214' title='bbox 529 3752 630 3797; x_wconf 92' lang='lat' dir='ltr'><strong>cures</strong></span> <span class='ocrx_word' id='word_1_215' title='bbox 652 3731 753 3798; x_wconf 89' lang='lat' dir='ltr'><strong>reddi</strong></span> <span class='ocrx_word' id='word_1_216' title='bbox 776 3732 830 3821; x_wconf 86' lang='lat' dir='ltr'><strong>illi</strong></span> <span class='ocrx_word' id='word_1_217' title='bbox 854 3733 911 3801; x_wconf 90' lang='lat' dir='ltr'><strong>cui</strong></span> <span class='ocrx_word' id='word_1_218' title='bbox 934 3733 1061 3803; x_wconf 85' lang='lat' dir='ltr'><strong>inscri-</strong></span> 
     </span>
     <span class='ocr_line' id='line_1_36' title="bbox 89 3830 1061 3922; baseline 0.001 -19"><span class='ocrx_word' id='word_1_219' title='bbox 89 3846 150 3904; x_wconf 86' lang='lat' dir='ltr'><strong>tus</strong></span> <span class='ocrx_word' id='word_1_220' title='bbox 165 3845 298 3919; x_wconf 84' lang='lat' dir='ltr'><strong>est,&#39;et</strong></span> <span class='ocrx_word' id='word_1_221' title='bbox 315 3831 412 3920; x_wconf 81' lang='lat' dir='ltr'><strong>exige</strong></span> <span class='ocrx_word' id='word_1_222' title='bbox 426 3830 471 3899; x_wconf 91' lang='lat' dir='ltr'><strong>ab</strong></span> <span class='ocrx_word' id='word_1_223' title='bbox 492 3831 555 3898; x_wconf 88' lang='lat' dir='ltr'><strong>illo</strong></span> <span class='ocrx_word' id='word_1_224' title='bbox 579 3854 804 3921; x_wconf 84' lang='lat' dir='ltr'><strong>responsum3</strong></span> <span class='ocrx_word' id='word_1_225' title='bbox 832 3834 948 3922; x_wconf 75' lang='lat' dir='ltr'><strong>agitur</strong></span> <span class='ocrx_word' id='word_1_226' title='bbox 966 3837 1061 3904; x_wconf 90' lang='lat' dir='ltr'><strong>enim</strong></span> 
     </span>
     <span class='ocr_line' id='line_1_37' title="bbox 92 3927 1060 4026; baseline 0.005 -21"><span class='ocrx_word' id='word_1_227' title='bbox 92 3958 112 4005; x_wconf 86' lang='lat' dir='ltr'><strong>e</strong></span> <span class='ocrx_word' id='word_1_228' title='bbox 127 3933 239 4005; x_wconf 90' lang='lat' dir='ltr'><strong>Gallo</strong></span> <span class='ocrx_word' id='word_1_229' title='bbox 256 3930 409 4026; x_wconf 85' lang='lat' dir='ltr'><strong>quodam</strong></span> <span class='ocrx_word' id='word_1_230' title='bbox 424 3932 599 4016; x_wconf 87' lang='lat' dir='ltr'><strong>iuvando,</strong></span> <span class='ocrx_word' id='word_1_231' title='bbox 621 3933 688 4024; x_wconf 91' lang='lat' dir='ltr'><strong>-qui</strong></span> <span class='ocrx_word' id='word_1_232' title='bbox 706 3927 764 4002; x_wconf 90' lang='lat' dir='ltr'><strong>hic</strong></span> <span class='ocrx_word' id='word_1_233' title='bbox 782 3948 924 4004; x_wconf 89' lang='lat' dir='ltr'><strong>strenue</strong></span> <span class='ocrx_word' id='word_1_234' title='bbox 941 3938 1060 4012; x_wconf 78' lang='lat' dir='ltr'><strong>esttrit.</strong></span> 
     </span>
     <span class='ocr_line' id='line_1_38' title="bbox 89 4027 1061 4109; baseline 0.004 -4"><span class='ocrx_word' id='word_1_235' title='bbox 89 4032 274 4106; x_wconf 61' lang='lat' dir='ltr'><strong>bobonum</strong></span> <span class='ocrx_word' id='word_1_236' title='bbox 299 4048 334 4105; x_wconf 89' lang='lat' dir='ltr'><strong>et</strong></span> <span class='ocrx_word' id='word_1_237' title='bbox 345 4027 494 4101; x_wconf 84' lang='lat' dir='ltr'><strong>Micam</strong></span> <span class='ocrx_word' id='word_1_238' title='bbox 516 4049 549 4102; x_wconf 88' lang='lat' dir='ltr'><strong>et</strong></span> <span class='ocrx_word' id='word_1_239' title='bbox 562 4028 752 4101; x_wconf 84' lang='lat' dir='ltr'><strong>Daremm</strong></span> <span class='ocrx_word' id='word_1_240' title='bbox 769 4037 856 4105; x_wconf 86' lang='lat' dir='ltr'><strong>meis</strong></span> <span class='ocrx_word' id='word_1_241' title='bbox 871 4038 988 4107; x_wconf 89' lang='lat' dir='ltr'><strong>verbis</strong></span> <span class='ocrx_word' id='word_1_242' title='bbox 1002 4064 1061 4109; x_wconf 88' lang='lat' dir='ltr'><strong>re-</strong></span> 
     </span>
     <span class='ocr_line' id='line_1_39' title="bbox 89 4133 936 4227; baseline 0.001 -20"><span class='ocrx_word' id='word_1_243' title='bbox 89 4136 412 4209; x_wconf 83' lang='lat' dir='ltr'><strong>·erenter&#39;salutato.</strong></span> <span class='ocrx_word' id='word_1_244' title='bbox 463 4133 569 4219; x_wconf 78' lang='lat' dir='ltr'><strong>Vale,</strong></span> <span class='ocrx_word' id='word_1_245' title='bbox 594 4135 687 4226; x_wconf 91' lang='lat' dir='ltr'><strong>prid.</strong></span> <span class='ocrx_word' id='word_1_246' title='bbox 705 4135 936 4227; x_wconf 81' lang='lat' dir='ltr'><strong>Margaretae.</strong></span> 
     </span>
    </p>

    <p class='ocr_par' dir='ltr' id='par_1_9' title="bbox 121 4235 1011 4333">
     <span class='ocr_line' id='line_1_40' title="bbox 121 4235 1011 4333; baseline 0.006 -23"><span class='ocrx_word' id='word_1_247' title='bbox 121 4276 125 4281; x_wconf 96' lang='lat'>·</span> <span class='ocrx_word' id='word_1_248' title='bbox 812 4235 1011 4333; x_wconf 87' lang='lat' dir='ltr'><strong>Philippus.</strong></span> 
     </span>
    </p>
   </div>
   <div class='ocr_carea' id='block_1_9' title="bbox 724 4574 1060 4666">
    <p class='ocr_par' dir='ltr' id='par_1_10' title="bbox 724 4574 1060 4666">
     <span class='ocr_line' id='line_1_41' title="bbox 724 4574 1060 4666; baseline 0.033 -30"><span class='ocrx_word' id='word_1_249' title='bbox 724 4592 728 4599; x_wconf 90' lang='lat'>&#39;</span> <span class='ocrx_word' id='word_1_250' title='bbox 798 4574 876 4658; x_wconf 83' lang='lat' dir='ltr'><strong>(lere</strong></span> <span class='ocrx_word' id='word_1_251' title='bbox 891 4584 969 4648; x_wconf 87' lang='lat' dir='ltr'><strong>med.</strong></span> <span class='ocrx_word' id='word_1_252' title='bbox 985 4579 1060 4666; x_wconf 87' lang='lat' dir='ltr'><strong>lut.)</strong></span> 
     </span>
    </p>
   </div>
   <div class='ocr_carea' id='block_1_10' title="bbox 350 4676 1059 4829">
    <p class='ocr_par' dir='ltr' id='par_1_11' title="bbox 350 4676 1059 4829">
     <span class='ocr_line' id='line_1_42' title="bbox 791 4676 1059 4713; baseline 0.007 -1"><span class='ocrx_word' id='word_1_253' title='bbox 791 4676 1059 4713; x_wconf 49' lang='lat' dir='ltr'><strong>w</strong></span> 
     </span>
     <span class='ocr_line' id='line_1_43' title="bbox 350 4734 794 4829; baseline 0.011 -14"><span class='ocrx_word' id='word_1_254' title='bbox 350 4735 497 4818; x_wconf 81' lang='lat' dir='ltr'><strong>Ioaele.</strong></span> <span class='ocrx_word' id='word_1_255' title='bbox 527 4734 794 4829; x_wconf 62' lang='lat' dir='ltr'><strong>Camerario„</strong></span> 
     </span>
    </p>
   </div>
   <div class='ocr_carea' id='block_1_11' title="bbox 89 4570 252 4644">
    <p class='ocr_par' dir='ltr' id='par_1_12' title="bbox 89 4570 252 4644">
     <span class='ocr_line' id='line_1_44' title="bbox 89 4570 252 4644; baseline -0.006 -1"><span class='ocrx_word' id='word_1_256' title='bbox 89 4572 146 4644; x_wconf 66' lang='lat' dir='ltr'><strong>No.</strong></span> <span class='ocrx_word' id='word_1_257' title='bbox 162 4570 252 4642; x_wconf 74' lang='lat'><strong>392.</strong></span> 
     </span>
    </p>
   </div>
   <div class='ocr_carea' id='block_1_12' title="bbox 89 4664 249 4701">
    <p class='ocr_par' dir='ltr' id='par_1_13' title="bbox 89 4664 249 4701">
     <span class='ocr_line' id='line_1_45' title="bbox 89 4664 249 4701; baseline 0.019 -9"><span class='ocrx_word' id='word_1_258' title='bbox 89 4664 249 4701; x_wconf 53' lang='lat' dir='ltr'><strong>”a</strong></span> 
     </span>
    </p>
   </div>
   <div class='ocr_carea' id='block_1_13' title="bbox 137 4909 530 4986">
    <p class='ocr_par' dir='ltr' id='par_1_14' title="bbox 137 4909 530 4986">
     <span class='ocr_line' id='line_1_46' title="bbox 137 4909 530 4986; baseline -0.005 -21"><span class='ocrx_word' id='word_1_259' title='bbox 137 4911 223 4986; x_wconf 81' lang='lat' dir='ltr'><strong>Epist.</strong></span> <span class='ocrx_word' id='word_1_260' title='bbox 240 4910 275 4967; x_wconf 80' lang='lat' dir='ltr'><strong>sd</strong></span> <span class='ocrx_word' id='word_1_261' title='bbox 290 4910 427 4965; x_wconf 78' lang='lat' dir='ltr'><strong>Gamerae.</strong></span> <span class='ocrx_word' id='word_1_262' title='bbox 444 4927 473 4980; x_wconf 86' lang='lat' dir='ltr'><strong>p.</strong></span> <span class='ocrx_word' id='word_1_263' title='bbox 485 4909 530 4964; x_wconf 84' lang='lat' dir='ltr'><strong>ts.</strong></span> 
     </span>
    </p>
   </div>
   <div class='ocr_carea' id='block_1_14' title="bbox 89 5039 1059 5229">
    <p class='ocr_par' dir='ltr' id='par_1_15' title="bbox 89 5039 1059 5229">
     <span class='ocr_line' id='line_1_47' title="bbox 89 5039 1059 5145; baseline 0.01 -26"><span class='ocrx_word' id='word_1_264' title='bbox 89 5040 318 5119; x_wconf 75' lang='lat' dir='ltr'><strong>&#39;oachimo</strong></span> <span class='ocrx_word' id='word_1_265' title='bbox 341 5039 628 5131; x_wconf 83' lang='lat' dir='ltr'><strong>Camerario,</strong></span> <span class='ocrx_word' id='word_1_266' title='bbox 653 5040 925 5145; x_wconf 77' lang='lat' dir='ltr'><strong>Bambergensi</strong></span> <span class='ocrx_word' id='word_1_267' title='bbox 941 5058 1059 5129; x_wconf 86' lang='lat' dir='ltr'><strong>amico</strong></span> 
     </span>
     <span class='ocr_line' id='line_1_48' title="bbox 410 5171 685 5229; baseline 0 -13"><span class='ocrx_word' id='word_1_268' title='bbox 410 5172 413 5177; x_wconf 89' lang='lat'><strong>·</strong></span> <span class='ocrx_word' id='word_1_269' title='bbox 445 5171 685 5229; x_wconf 84' lang='lat' dir='ltr'><strong>suosummo,</strong></span> 
     </span>
    </p>
   </div>
   <div class='ocr_carea' id='block_1_15' title="bbox 89 5278 1059 5505">
    <p class='ocr_par' dir='ltr' id='par_1_16' title="bbox 89 5278 1059 5505">
     <span class='ocr_line' id='line_1_49' title="bbox 89 5278 1059 5398; baseline 0.014 -32"><span class='ocrx_word' id='word_1_270' title='bbox 89 5278 112 5369; x_wconf 74' lang='lat' dir='ltr'><strong>i.</strong></span> <span class='ocrx_word' id='word_1_271' title='bbox 130 5294 181 5368; x_wconf 86' lang='lat' dir='ltr'><strong>D.</strong></span> <span class='ocrx_word' id='word_1_272' title='bbox 241 5294 349 5364; x_wconf 90' lang='lat' dir='ltr'><strong>Mitto</strong></span> <span class='ocrx_word' id='word_1_273' title='bbox 369 5294 437 5365; x_wconf 92' lang='lat' dir='ltr'><strong>tibi</strong></span> <span class='ocrx_word' id='word_1_274' title='bbox 460 5296 580 5365; x_wconf 88' lang='lat' dir='ltr'><strong>literas</strong></span> <span class='ocrx_word' id='word_1_275' title='bbox 600 5299 645 5366; x_wconf 82' lang='lat' dir='ltr'><strong>ad</strong></span> <span class='ocrx_word' id='word_1_276' title='bbox 666 5292 948 5398; x_wconf 69' lang='lat' dir='ltr'><strong>Sigismunelum</strong></span> <span class='ocrx_word' id='word_1_277' title='bbox 973 5312 1059 5380; x_wconf 86' lang='lat' dir='ltr'><strong>scri-</strong></span> 
     </span>
     <span class='ocr_line' id='line_1_50' title="bbox 89 5398 1058 5505; baseline 0.01 -36"><span class='ocrx_word' id='word_1_278' title='bbox 89 5413 163 5485; x_wconf 85' lang='lat' dir='ltr'><strong>tas,</strong></span> <span class='ocrx_word' id='word_1_279' title='bbox 189 5421 276 5493; x_wconf 89' lang='lat' dir='ltr'><strong>quas</strong></span> <span class='ocrx_word' id='word_1_280' title='bbox 293 5398 373 5467; x_wconf 90' lang='lat' dir='ltr'><strong>ideo</strong></span> <span class='ocrx_word' id='word_1_281' title='bbox 390 5420 465 5469; x_wconf 83' lang='lat' dir='ltr'><strong>nou</strong></span> <span class='ocrx_word' id='word_1_282' title='bbox 484 5398 690 5489; x_wconf 78' lang='lat' dir='ltr'><strong>obsignavi,</strong></span> <span class='ocrx_word' id='word_1_283' title='bbox 713 5415 755 5473; x_wconf 92' lang='lat' dir='ltr'><strong>ut</strong></span> <span class='ocrx_word' id='word_1_284' title='bbox 768 5404 919 5495; x_wconf 75' lang='lat' dir='ltr'><strong>legeres,</strong></span> <span class='ocrx_word' id='word_1_285' title='bbox 942 5423 978 5481; x_wconf 86' lang='lat' dir='ltr'><strong>et</strong></span> <span class='ocrx_word' id='word_1_286' title='bbox 993 5437 1058 5505; x_wconf 76' lang='lat' dir='ltr'><strong>pm</strong></span> 
     </span>
    </p>
   </div>
   <div class='ocr_carea' id='block_1_16' title="bbox 661 205 1532 351">
    <p class='ocr_par' dir='ltr' id='par_1_17' title="bbox 661 205 1532 351">
     <span class='ocr_line' id='line_1_51' title="bbox 661 205 1532 351; baseline 0.021 -18"><span class='ocrx_word' id='word_1_287' title='bbox 661 255 1102 339; x_wconf 80' lang='lat' dir='ltr'><strong>EPISTOLARUM</strong></span> <span class='ocrx_word' id='word_1_288' title='bbox 1148 266 1350 345; x_wconf 77' lang='lat' dir='ltr'><strong>Ltttltt</strong></span> <span class='ocrx_word' id='word_1_289' title='bbox 1406 205 1532 351; x_wconf 58' lang='lat'><strong>1526.</strong></span> 
     </span>
    </p>
   </div>
   <div class='ocr_carea' id='block_1_17' title="bbox 1123 272 2116 542">
    <p class='ocr_par' dir='ltr' id='par_1_18' title="bbox 1123 272 2116 542">
     <span class='ocr_line' id='line_1_52' title="bbox 2038 272 2116 361; baseline 0.026 -1"><span class='ocrx_word' id='word_1_290' title='bbox 2038 272 2116 361; x_wconf 72' lang='lat'><strong>800</strong></span> 
     </span>
     <span class='ocr_line' id='line_1_53' title="bbox 1123 444 2110 542; baseline 0.03 -34"><span class='ocrx_word' id='word_1_291' title='bbox 1123 452 1183 509; x_wconf 83' lang='lat' dir='ltr'><strong>tua</strong></span> <span class='ocrx_word' id='word_1_292' title='bbox 1211 444 1400 532; x_wconf 84' lang='lat' dir='ltr'><strong>prudentia</strong></span> <span class='ocrx_word' id='word_1_293' title='bbox 1430 460 1614 533; x_wconf 84' lang='lat' dir='ltr'><strong>statueres,</strong></span> <span class='ocrx_word' id='word_1_294' title='bbox 1656 462 1776 529; x_wconf 84' lang='lat' dir='ltr'><strong>utrum</strong></span> <span class='ocrx_word' id='word_1_295' title='bbox 1805 456 1998 530; x_wconf 79' lang='lat' dir='ltr'><strong>mittendae</strong></span> <span class='ocrx_word' id='word_1_296' title='bbox 2026 465 2110 542; x_wconf 81' lang='lat' dir='ltr'><strong>siut.</strong></span> 
     </span>
    </p>
   </div>
   <div class='ocr_carea' id='block_1_18' title="bbox 1120 536 2213 739">
    <p class='ocr_par' dir='ltr' id='par_1_19' title="bbox 1120 536 2213 739">
     <span class='ocr_line' id='line_1_54' title="bbox 1122 536 2184 649; baseline 0.025 -41"><span class='ocrx_word' id='word_1_297' title='bbox 1122 536 1176 609; x_wconf 86' lang='lat' dir='ltr'><strong>De</strong></span> <span class='ocrx_word' id='word_1_298' title='bbox 1199 565 1238 612; x_wconf 89' lang='lat' dir='ltr'><strong>ea</strong></span> <span class='ocrx_word' id='word_1_299' title='bbox 1259 545 1325 615; x_wconf 89' lang='lat' dir='ltr'><strong>tibi</strong></span> <span class='ocrx_word' id='word_1_300' title='bbox 1347 570 1385 615; x_wconf 88' lang='lat' dir='ltr'><strong>re</strong></span> <span class='ocrx_word' id='word_1_301' title='bbox 1408 573 1489 617; x_wconf 85' lang='lat' dir='ltr'><strong>eum</strong></span> <span class='ocrx_word' id='word_1_302' title='bbox 1508 545 1738 646; x_wconf 78' lang='lat' dir='ltr'><strong>Hieronymo</strong></span> <span class='ocrx_word' id='word_1_303' title='bbox 1765 552 2017 633; x_wconf 81' lang='lat' dir='ltr'><strong>conserendum</strong></span> <span class='ocrx_word' id='word_1_304' title='bbox 2045 580 2108 644; x_wconf 81' lang='lat' dir='ltr'><strong>est.</strong></span> <span class='ocrx_word' id='word_1_305' title='bbox 2179 632 2184 649; x_wconf 82' lang='lat'><strong>,</strong></span> 
     </span>
     <span class='ocr_line' id='line_1_55' title="bbox 1120 636 2213 739; baseline 0.016 -24"><span class='ocrx_word' id='word_1_306' title='bbox 1120 636 1246 736; x_wconf 77' lang='lat' dir='ltr'><strong>Nigro</strong></span> <span class='ocrx_word' id='word_1_307' title='bbox 1272 650 1434 718; x_wconf 89' lang='lat' dir='ltr'><strong>nondum</strong></span> <span class='ocrx_word' id='word_1_308' title='bbox 1463 650 1544 719; x_wconf 90' lang='lat' dir='ltr'><strong>misi</strong></span> <span class='ocrx_word' id='word_1_309' title='bbox 1573 665 1650 727; x_wconf 88' lang='lat' dir='ltr'><strong>tuas</strong></span> <span class='ocrx_word' id='word_1_310' title='bbox 1677 655 1807 732; x_wconf 78' lang='lat' dir='ltr'><strong>literas.</strong></span> <span class='ocrx_word' id='word_1_311' title='bbox 1864 657 1985 735; x_wconf 88' lang='lat' dir='ltr'><strong>Nostri</strong></span> <span class='ocrx_word' id='word_1_312' title='bbox 2010 669 2107 739; x_wconf 86' lang='lat' dir='ltr'><strong>enim</strong></span> <span class='ocrx_word' id='word_1_313' title='bbox 2174 672 2213 695; x_wconf 78' lang='lat'><strong>&#39;¹</strong></span> 
     </span>
    </p>
   </div>
   <div class='ocr_carea' id='block_1_19' title="bbox 1012 746 2108 851">
    <p class='ocr_par' dir='ltr' id='par_1_20' title="bbox 1012 746 2108 851">
     <span class='ocr_line' id='line_1_56' title="bbox 1012 746 2108 851; baseline 0.036 -46"><span class='ocrx_word' id='word_1_314' title='bbox 1012 796 1016 805; x_wconf 91' lang='lat'><strong>.</strong></span> <span class='ocrx_word' id='word_1_315' title='bbox 1122 746 1238 815; x_wconf 88' lang='lat' dir='ltr'><strong>nescio</strong></span> <span class='ocrx_word' id='word_1_316' title='bbox 1256 749 1342 842; x_wconf 91' lang='lat' dir='ltr'><strong>quid</strong></span> <span class='ocrx_word' id='word_1_317' title='bbox 1361 751 1501 820; x_wconf 87' lang='lat' dir='ltr'><strong>consilii</strong></span> <span class='ocrx_word' id='word_1_318' title='bbox 1519 747 1669 839; x_wconf 86' lang='lat' dir='ltr'><strong>habent,</strong></span> <span class='ocrx_word' id='word_1_319' title='bbox 1695 759 1758 849; x_wconf 88' lang='lat' dir='ltr'><strong>qui</strong></span> <span class='ocrx_word' id='word_1_320' title='bbox 1778 758 1969 851; x_wconf 89' lang='lat' dir='ltr'><strong>probibent</strong></span> <span class='ocrx_word' id='word_1_321' title='bbox 1989 764 2108 843; x_wconf 79' lang='lat' dir='ltr'><strong>adhuc</strong></span> 
     </span>
    </p>
   </div>
   <div class='ocr_carea' id='block_1_20' title="bbox 1120 843 2108 1147">
    <p class='ocr_par' dir='ltr' id='par_1_21' title="bbox 1120 843 2108 1147">
     <span class='ocr_line' id='line_1_57' title="bbox 1121 843 2108 947; baseline 0.03 -34"><span class='ocrx_word' id='word_1_322' title='bbox 1121 870 1178 914; x_wconf 90' lang='lat' dir='ltr'><strong>me</strong></span> <span class='ocrx_word' id='word_1_323' title='bbox 1199 843 1381 920; x_wconf 89' lang='lat' dir='ltr'><strong>hominem</strong></span> <span class='ocrx_word' id='word_1_324' title='bbox 1405 877 1589 924; x_wconf 85' lang='lat' dir='ltr'><strong>accersere.</strong></span> <span class='ocrx_word' id='word_1_325' title='bbox 1637 854 1715 947; x_wconf 77' lang='lat' dir='ltr'><strong>Ego</strong></span> <span class='ocrx_word' id='word_1_326' title='bbox 1739 865 1918 933; x_wconf 85' lang='lat' dir='ltr'><strong>tamenin</strong></span> <span class='ocrx_word' id='word_1_327' title='bbox 1942 862 2006 939; x_wconf 87' lang='lat' dir='ltr'><strong>hac</strong></span> <span class='ocrx_word' id='word_1_328' title='bbox 2026 894 2108 943; x_wconf 85' lang='lat' dir='ltr'><strong>sen-</strong></span> 
     </span>
     <span class='ocr_line' id='line_1_58' title="bbox 1121 946 2108 1047; baseline 0.028 -31"><span class='ocrx_word' id='word_1_329' title='bbox 1121 946 1377 1021; x_wconf 88' lang='lat' dir='ltr'><strong>tentia.adhuc</strong></span> <span class='ocrx_word' id='word_1_330' title='bbox 1405 978 1503 1040; x_wconf 89' lang='lat' dir='ltr'><strong>sum,</strong></span> <span class='ocrx_word' id='word_1_331' title='bbox 1541 969 1582 1025; x_wconf 94' lang='lat' dir='ltr'><strong>ut</strong></span> <span class='ocrx_word' id='word_1_332' title='bbox 1604 974 1724 1047; x_wconf 90' lang='lat' dir='ltr'><strong>putem</strong></span> <span class='ocrx_word' id='word_1_333' title='bbox 1750 970 1997 1039; x_wconf 85' lang='lat' dir='ltr'><strong>accersendum</strong></span> <span class='ocrx_word' id='word_1_334' title='bbox 2023 996 2108 1045; x_wconf 81' lang='lat' dir='ltr'><strong>esse.</strong></span> 
     </span>
     <span class='ocr_line' id='line_1_59' title="bbox 1120 1044 2106 1147; baseline 0.028 -31"><span class='ocrx_word' id='word_1_335' title='bbox 1120 1044 1201 1118; x_wconf 91' lang='lat' dir='ltr'><strong>Non</strong></span> <span class='ocrx_word' id='word_1_336' title='bbox 1231 1054 1386 1143; x_wconf 87' lang='lat' dir='ltr'><strong>possum</strong></span> <span class='ocrx_word' id='word_1_337' title='bbox 1406 1057 1508 1147; x_wconf 90' lang='lat' dir='ltr'><strong>plura</strong></span> <span class='ocrx_word' id='word_1_338' title='bbox 1539 1058 1709 1145; x_wconf 85' lang='lat' dir='ltr'><strong>scribere,</strong></span> <span class='ocrx_word' id='word_1_339' title='bbox 1750 1089 1846 1137; x_wconf 87' lang='lat' dir='ltr'><strong>nunc</strong></span> <span class='ocrx_word' id='word_1_340' title='bbox 1873 1071 1970 1138; x_wconf 87' lang='lat' dir='ltr'><strong>enim</strong></span> <span class='ocrx_word' id='word_1_341' title='bbox 1999 1075 2106 1145; x_wconf 87' lang='lat' dir='ltr'><strong>domo</strong></span> 
     </span>
    </p>
   </div>
   <div class='ocr_carea' id='block_1_21' title="bbox 1120 1157 2107 1331">
    <p class='ocr_par' dir='ltr' id='par_1_22' title="bbox 1120 1157 2107 1331">
     <span class='ocr_line' id='line_1_60' title="bbox 1120 1157 2107 1263; baseline 0.028 -45"><span class='ocrx_word' id='word_1_342' title='bbox 1120 1175 1248 1222; x_wconf 86' lang='lat' dir='ltr'><strong>evocor</strong></span> <span class='ocrx_word' id='word_1_343' title='bbox 1267 1157 1312 1225; x_wconf 87' lang='lat' dir='ltr'><strong>ad</strong></span> <span class='ocrx_word' id='word_1_344' title='bbox 1335 1157 1451 1226; x_wconf 88' lang='lat' dir='ltr'><strong>nescio</strong></span> <span class='ocrx_word' id='word_1_345' title='bbox 1472 1183 1561 1250; x_wconf 89' lang='lat' dir='ltr'><strong>qnae</strong></span> <span class='ocrx_word' id='word_1_346' title='bbox 1579 1163 1729 1251; x_wconf 78' lang='lat' dir='ltr'><strong>negotia.</strong></span> <span class='ocrx_word' id='word_1_347' title='bbox 1791 1170 1877 1240; x_wconf 82' lang='lat' dir='ltr'><strong>Vale</strong></span> <span class='ocrx_word' id='word_1_348' title='bbox 1896 1172 2107 1263; x_wconf 84' lang='lat' dir='ltr'><strong>felicissime,</strong></span> 
     </span>
     <span class='ocr_line' id='line_1_61' title="bbox 1120 1276 1578 1331; baseline 0.017 -8"><span class='ocrx_word' id='word_1_349' title='bbox 1120 1276 1285 1325; x_wconf 85' lang='lat' dir='ltr'><strong>unacum</strong></span> <span class='ocrx_word' id='word_1_350' title='bbox 1302 1281 1422 1327; x_wconf 80' lang='lat' dir='ltr'><strong>amrcss</strong></span> <span class='ocrx_word' id='word_1_351' title='bbox 1437 1276 1578 1331; x_wconf 77' lang='lat' dir='ltr'><strong>nostres.</strong></span> 
     </span>
    </p>
   </div>
   <div class='ocr_carea' id='block_1_22' title="bbox 1118 1458 2102 1663">
    <p class='ocr_par' dir='ltr' id='par_1_23' title="bbox 1118 1458 2102 1663">
     <span class='ocr_line' id='line_1_62' title="bbox 1118 1458 2102 1504; baseline 0.018 -17"><span class='ocrx_word' id='word_1_352' title='bbox 1118 1458 2102 1504; x_wconf 59' lang='lat'><strong>———--—-—-—-.„„</strong></span> 
     </span>
     <span class='ocr_line' id='line_1_63' title="bbox 1126 1583 1298 1663; baseline 0.047 -8"><span class='ocrx_word' id='word_1_353' title='bbox 1126 1583 1193 1656; x_wconf 90' lang='lat' dir='ltr'><strong>No.</strong></span> <span class='ocrx_word' id='word_1_354' title='bbox 1211 1587 1298 1663; x_wconf 81' lang='lat'><strong>393.</strong></span> 
     </span>
    </p>
   </div>
   <div class='ocr_carea' id='block_1_23' title="bbox 1122 1680 1294 1713">
    <p class='ocr_par' dir='ltr' id='par_1_24' title="bbox 1122 1680 1294 1713">
     <span class='ocr_line' id='line_1_64' title="bbox 1122 1680 1294 1713; baseline 0.029 -4"><span class='ocrx_word' id='word_1_355' title='bbox 1122 1680 1294 1713; x_wconf 55' lang='grc' dir='ltr'>Μ</span> 
     </span>
    </p>
   </div>
   <div class='ocr_carea' id='block_1_24' title="bbox 1771 1616 2099 1753">
    <p class='ocr_par' dir='ltr' id='par_1_25' title="bbox 1771 1616 2099 1753">
     <span class='ocr_line' id='line_1_65' title="bbox 1796 1616 2076 1705; baseline 0.032 -30"><span class='ocrx_word' id='word_1_356' title='bbox 1796 1616 1880 1696; x_wconf 78' lang='lat' dir='ltr'><strong>(iere</strong></span> <span class='ocrx_word' id='word_1_357' title='bbox 1897 1621 1976 1681; x_wconf 82' lang='lat' dir='ltr'><strong>med.</strong></span> <span class='ocrx_word' id='word_1_358' title='bbox 1992 1618 2076 1705; x_wconf 87' lang='lat' dir='ltr'><strong>Iul.)</strong></span> 
     </span>
     <span class='ocr_line' id='line_1_66' title="bbox 1771 1710 2099 1753; baseline 0.018 -5"><span class='ocrx_word' id='word_1_359' title='bbox 1771 1710 2099 1753; x_wconf 51' lang='lat' dir='ltr'><em>m</em></span> 
     </span>
    </p>
   </div>
   <div class='ocr_carea' id='block_1_25' title="bbox 1410 1777 1807 1893">
    <p class='ocr_par' dir='ltr' id='par_1_26' title="bbox 1410 1777 1807 1893">
     <span class='ocr_line' id='line_1_67' title="bbox 1410 1777 1807 1893; baseline 0.028 -31"><span class='ocrx_word' id='word_1_360' title='bbox 1410 1777 1588 1893; x_wconf 80' lang='lat' dir='ltr'><strong>Sigism.</strong></span> <span class='ocrx_word' id='word_1_361' title='bbox 1621 1782 1807 1876; x_wconf 77' lang='lat' dir='ltr'><strong>Gelenio.</strong></span> 
     </span>
    </p>
   </div>
   <div class='ocr_carea' id='block_1_26' title="bbox 1183 1968 1584 2050">
    <p class='ocr_par' dir='ltr' id='par_1_27' title="bbox 1183 1968 1584 2050">
     <span class='ocr_line' id='line_1_68' title="bbox 1183 1968 1584 2050; baseline 0.03 -29"><span class='ocrx_word' id='word_1_362' title='bbox 1183 1968 1269 2041; x_wconf 82' lang='lat' dir='ltr'><strong>Epist.</strong></span> <span class='ocrx_word' id='word_1_363' title='bbox 1286 1971 1319 2026; x_wconf 79' lang='lat' dir='ltr'><strong>sd</strong></span> <span class='ocrx_word' id='word_1_364' title='bbox 1333 1971 1474 2032; x_wconf 74' lang='lat' dir='ltr'><strong>Camerar.</strong></span> <span class='ocrx_word' id='word_1_365' title='bbox 1490 1996 1518 2050; x_wconf 91' lang='lat' dir='ltr'><strong>p.</strong></span> <span class='ocrx_word' id='word_1_366' title='bbox 1530 1977 1584 2033; x_wconf 76' lang='grc' dir='ltr'><strong>49.Ι</strong></span> 
     </span>
    </p>
   </div>
   <div class='ocr_carea' id='block_1_27' title="bbox 1132 2124 2074 2244">
    <p class='ocr_par' dir='ltr' id='par_1_28' title="bbox 1132 2124 2074 2244">
     <span class='ocr_line' id='line_1_69' title="bbox 1132 2124 2074 2244; baseline 0.038 -48"><span class='ocrx_word' id='word_1_367' title='bbox 1132 2124 1361 2201; x_wconf 85' lang='lat' dir='ltr'><strong>Doclissimo</strong></span> <span class='ocrx_word' id='word_1_368' title='bbox 1377 2131 1454 2203; x_wconf 76' lang='lat' dir='ltr'><strong>ciro</strong></span> <span class='ocrx_word' id='word_1_369' title='bbox 1466 2130 1520 2210; x_wconf 93' lang='lat' dir='ltr'><strong>D.</strong></span> <span class='ocrx_word' id='word_1_370' title='bbox 1538 2132 1569 2206; x_wconf 89' lang='lat' dir='ltr'><em>S</em></span> <span class='ocrx_word' id='word_1_371' title='bbox 1577 2135 1715 2231; x_wconf 80' lang='lat' dir='ltr'><strong>igism</strong></span> <span class='ocrx_word' id='word_1_372' title='bbox 1726 2140 1849 2216; x_wconf 86' lang='lat' dir='ltr'><strong>undo</strong></span> <span class='ocrx_word' id='word_1_373' title='bbox 1867 2132 2074 2244; x_wconf 67' lang='lat' dir='ltr'><strong>Gelasio,</strong></span> 
     </span>
    </p>
   </div>
   <div class='ocr_carea' id='block_1_28' title="bbox 1110 2254 2209 5602">
    <p class='ocr_par' dir='ltr' id='par_1_29' title="bbox 1110 2254 2209 5602">
     <span class='ocr_line' id='line_1_70' title="bbox 1115 2254 2103 2382; baseline 0.038 -37"><span class='ocrx_word' id='word_1_374' title='bbox 1115 2254 1160 2345; x_wconf 81' lang='lat' dir='ltr'><strong>S.</strong></span> <span class='ocrx_word' id='word_1_375' title='bbox 1175 2274 1221 2351; x_wconf 93' lang='lat' dir='ltr'><strong>D.</strong></span> <span class='ocrx_word' id='word_1_376' title='bbox 1272 2278 1446 2352; x_wconf 87' lang='lat' dir='ltr'><strong>Reddidit</strong></span> <span class='ocrx_word' id='word_1_377' title='bbox 1468 2281 1559 2355; x_wconf 89' lang='lat' dir='ltr'><strong>mihi</strong></span> <span class='ocrx_word' id='word_1_378' title='bbox 1580 2287 1699 2358; x_wconf 82' lang='lat' dir='ltr'><strong>literas</strong></span> <span class='ocrx_word' id='word_1_379' title='bbox 1719 2303 1797 2363; x_wconf 85' lang='lat' dir='ltr'><strong>tuas</strong></span> <span class='ocrx_word' id='word_1_380' title='bbox 1818 2300 2018 2377; x_wconf 87' lang='lat' dir='ltr'><strong>adolescens</strong></span> <span class='ocrx_word' id='word_1_381' title='bbox 2041 2311 2103 2382; x_wconf 89' lang='lat' dir='ltr'><strong>ille</strong></span> 
     </span>
     <span class='ocr_line' id='line_1_71' title="bbox 1115 2382 2102 2499; baseline 0.04 -53"><span class='ocrx_word' id='word_1_382' title='bbox 1115 2402 1155 2447; x_wconf 80' lang='lat' dir='ltr'><strong>ex</strong></span> <span class='ocrx_word' id='word_1_383' title='bbox 1173 2382 1327 2471; x_wconf 88' lang='lat' dir='ltr'><strong>equestri</strong></span> <span class='ocrx_word' id='word_1_384' title='bbox 1340 2386 1475 2471; x_wconf 87' lang='lat' dir='ltr'><strong>ordine,</strong></span> <span class='ocrx_word' id='word_1_385' title='bbox 1501 2388 1560 2457; x_wconf 88' lang='lat' dir='ltr'><strong>cui</strong></span> <span class='ocrx_word' id='word_1_386' title='bbox 1574 2393 1797 2480; x_wconf 81' lang='lat' dir='ltr'><strong>perferendas</strong></span> <span class='ocrx_word' id='word_1_387' title='bbox 1813 2401 1855 2467; x_wconf 90' lang='lat' dir='ltr'><strong>ad</strong></span> <span class='ocrx_word' id='word_1_388' title='bbox 1872 2426 1929 2473; x_wconf 90' lang='lat' dir='ltr'><strong>me</strong></span> <span class='ocrx_word' id='word_1_389' title='bbox 1943 2410 2102 2499; x_wconf 88' lang='lat' dir='ltr'><strong>dederas,</strong></span> 
     </span>
     <span class='ocr_line' id='line_1_72' title="bbox 1115 2480 2102 2585; baseline 0.036 -36"><span class='ocrx_word' id='word_1_390' title='bbox 1115 2480 1303 2573; x_wconf 89' lang='lat' dir='ltr'><strong>inquibus</strong></span> <span class='ocrx_word' id='word_1_391' title='bbox 1326 2487 1369 2553; x_wconf 91' lang='lat' dir='ltr'><strong>de</strong></span> <span class='ocrx_word' id='word_1_392' title='bbox 1391 2488 1613 2576; x_wconf 90' lang='lat' dir='ltr'><strong>conditione,</strong></span> <span class='ocrx_word' id='word_1_393' title='bbox 1645 2518 1750 2585; x_wconf 90' lang='lat' dir='ltr'><strong>quam</strong></span> <span class='ocrx_word' id='word_1_394' title='bbox 1773 2499 1841 2568; x_wconf 89' lang='lat' dir='ltr'><strong>tibi</strong></span> <span class='ocrx_word' id='word_1_395' title='bbox 1860 2502 2011 2580; x_wconf 88' lang='lat' dir='ltr'><strong>Senatus</strong></span> <span class='ocrx_word' id='word_1_396' title='bbox 2026 2512 2102 2584; x_wconf 90' lang='lat' dir='ltr'><strong>No-</strong></span> 
     </span>
     <span class='ocr_line' id='line_1_73' title="bbox 1114 2582 2100 2687; baseline 0.038 -37"><span class='ocrx_word' id='word_1_397' title='bbox 1114 2582 1325 2673; x_wconf 81' lang='lat' dir='ltr'><strong>ribergensis</strong></span> <span class='ocrx_word' id='word_1_398' title='bbox 1345 2589 1487 2674; x_wconf 87' lang='lat' dir='ltr'><strong>detulit,</strong></span> <span class='ocrx_word' id='word_1_399' title='bbox 1512 2596 1712 2684; x_wconf 86' lang='lat' dir='ltr'><strong>respondes.</strong></span> <span class='ocrx_word' id='word_1_400' title='bbox 1763 2596 1876 2673; x_wconf 88' lang='lat' dir='ltr'><strong>Porro</strong></span> <span class='ocrx_word' id='word_1_401' title='bbox 1895 2632 1969 2680; x_wconf 92' lang='lat' dir='ltr'><strong>non</strong></span> <span class='ocrx_word' id='word_1_402' title='bbox 1994 2619 2100 2687; x_wconf 83' lang='lat' dir='ltr'><strong>mocio</strong></span> 
     </span>
     <span class='ocr_line' id='line_1_74' title="bbox 1114 2679 2102 2807; baseline 0.028 -57"><span class='ocrx_word' id='word_1_403' title='bbox 1114 2679 1202 2752; x_wconf 90' lang='lat' dir='ltr'><strong>mihi</strong></span> <span class='ocrx_word' id='word_1_404' title='bbox 1220 2700 1252 2755; x_wconf 91' lang='lat' dir='ltr'><strong>et</strong></span> <span class='ocrx_word' id='word_1_405' title='bbox 1266 2688 1388 2756; x_wconf 81' lang='lat' dir='ltr'><strong>auricis</strong></span> <span class='ocrx_word' id='word_1_406' title='bbox 1404 2692 1547 2776; x_wconf 87' lang='lat' dir='ltr'><strong>nostris,</strong></span> <span class='ocrx_word' id='word_1_407' title='bbox 1572 2697 1633 2764; x_wconf 88' lang='lat' dir='ltr'><strong>sed</strong></span> <span class='ocrx_word' id='word_1_408' title='bbox 1647 2698 1782 2789; x_wconf 90' lang='lat' dir='ltr'><strong>optimo</strong></span> <span class='ocrx_word' id='word_1_409' title='bbox 1799 2706 1926 2798; x_wconf 90' lang='lat' dir='ltr'><strong>cuique</strong></span> <span class='ocrx_word' id='word_1_410' title='bbox 1942 2738 1983 2782; x_wconf 79' lang='lat' dir='ltr'><strong>ex</strong></span> <span class='ocrx_word' id='word_1_411' title='bbox 1999 2717 2102 2807; x_wconf 75' lang='lat' dir='ltr'><strong>prin.</strong></span> 
     </span>
     <span class='ocr_line' id='line_1_75' title="bbox 1115 2785 2100 2893; baseline 0.038 -40"><span class='ocrx_word' id='word_1_412' title='bbox 1115 2785 1251 2876; x_wconf 87' lang='lat' dir='ltr'><strong>cipibus</strong></span> <span class='ocrx_word' id='word_1_413' title='bbox 1266 2788 1575 2884; x_wconf 83' lang='lat' dir='ltr'><strong>virisNoribergae</strong></span> <span class='ocrx_word' id='word_1_414' title='bbox 1590 2802 1754 2869; x_wconf 89' lang='lat' dir='ltr'><strong>acerbum</strong></span> <span class='ocrx_word' id='word_1_415' title='bbox 1771 2804 1852 2893; x_wconf 81' lang='lat' dir='ltr'><strong>tuit,</strong></span> <span class='ocrx_word' id='word_1_416' title='bbox 1874 2834 1951 2880; x_wconf 90' lang='lat' dir='ltr'><strong>eam</strong></span> <span class='ocrx_word' id='word_1_417' title='bbox 1965 2828 2000 2885; x_wconf 90' lang='lat' dir='ltr'><strong>te</strong></span> <span class='ocrx_word' id='word_1_418' title='bbox 2015 2808 2100 2888; x_wconf 86' lang='lat' dir='ltr'><strong>con-</strong></span> 
     </span>
     <span class='ocr_line' id='line_1_76' title="bbox 1114 2887 2099 2992; baseline 0.037 -37"><span class='ocrx_word' id='word_1_419' title='bbox 1114 2887 1286 2957; x_wconf 90' lang='lat' dir='ltr'><strong>ditionem</strong></span> <span class='ocrx_word' id='word_1_420' title='bbox 1301 2914 1472 2966; x_wconf 88' lang='lat' dir='ltr'><strong>recusare.</strong></span> <span class='ocrx_word' id='word_1_421' title='bbox 1523 2895 1615 2966; x_wconf 88' lang='lat' dir='ltr'><strong>Nam</strong></span> <span class='ocrx_word' id='word_1_422' title='bbox 1637 2903 1719 2992; x_wconf 87' lang='lat' dir='ltr'><strong>quia</strong></span> <span class='ocrx_word' id='word_1_423' title='bbox 1744 2909 1980 2983; x_wconf 86' lang='lat' dir='ltr'><strong>eruditionem</strong></span> <span class='ocrx_word' id='word_1_424' title='bbox 2004 2932 2099 2989; x_wconf 88' lang='lat' dir='ltr'><strong>tuam</strong></span> 
     </span>
     <span class='ocr_line' id='line_1_77' title="bbox 1114 2991 2196 3099; baseline 0.035 -43"><span class='ocrx_word' id='word_1_425' title='bbox 1114 3002 1148 3058; x_wconf 90' lang='lat' dir='ltr'><strong>et</strong></span> <span class='ocrx_word' id='word_1_426' title='bbox 1170 2991 1255 3059; x_wconf 88' lang='lat' dir='ltr'><strong>alias</strong></span> <span class='ocrx_word' id='word_1_427' title='bbox 1280 2991 1413 3082; x_wconf 81' lang='lat' dir='ltr'><strong>ingenii</strong></span> <span class='ocrx_word' id='word_1_428' title='bbox 1436 2997 1534 3066; x_wconf 91' lang='lat' dir='ltr'><strong>dotes</strong></span> <span class='ocrx_word' id='word_1_429' title='bbox 1561 3022 1634 3069; x_wconf 89' lang='lat' dir='ltr'><strong>uon</strong></span> <span class='ocrx_word' id='word_1_430' title='bbox 1654 3004 1700 3072; x_wconf 87' lang='lat' dir='ltr'><strong>ab</strong></span> <span class='ocrx_word' id='word_1_431' title='bbox 1727 3028 1799 3074; x_wconf 94' lang='lat' dir='ltr'><strong>uno</strong></span> <span class='ocrx_word' id='word_1_432' title='bbox 1821 3016 2015 3099; x_wconf 85' lang='lat' dir='ltr'><strong>praedicari</strong></span> <span class='ocrx_word' id='word_1_433' title='bbox 2037 3044 2102 3092; x_wconf 89' lang='lat' dir='ltr'><strong>au·</strong></span> <span class='ocrx_word' id='word_1_434' title='bbox 2192 3038 2196 3055; x_wconf 84' lang='lat'><strong><em>&#39;</em></strong></span> 
     </span>
     <span class='ocr_line' id='line_1_78' title="bbox 1114 3088 2102 3209; baseline 0.034 -50"><span class='ocrx_word' id='word_1_435' title='bbox 1114 3090 1269 3174; x_wconf 81' lang='lat' dir='ltr'><strong>dietant,</strong></span> <span class='ocrx_word' id='word_1_436' title='bbox 1294 3093 1333 3160; x_wconf 91' lang='lat' dir='ltr'><strong>in</strong></span> <span class='ocrx_word' id='word_1_437' title='bbox 1349 3088 1439 3163; x_wconf 87' lang='lat' dir='ltr'><strong>hanc</strong></span> <span class='ocrx_word' id='word_1_438' title='bbox 1462 3121 1558 3188; x_wconf 91' lang='lat' dir='ltr'><strong>spem</strong></span> <span class='ocrx_word' id='word_1_439' title='bbox 1582 3117 1682 3173; x_wconf 90' lang='lat' dir='ltr'><strong>erant</strong></span> <span class='ocrx_word' id='word_1_440' title='bbox 1705 3104 1866 3197; x_wconf 88' lang='lat' dir='ltr'><strong>adducti,</strong></span> <span class='ocrx_word' id='word_1_441' title='bbox 1891 3129 1931 3185; x_wconf 91' lang='lat' dir='ltr'><strong>ut</strong></span> <span class='ocrx_word' id='word_1_442' title='bbox 1952 3122 2102 3209; x_wconf 90' lang='lat' dir='ltr'><strong>promit·</strong></span> 
     </span>
     <span class='ocr_line' id='line_1_79' title="bbox 1113 3193 2101 3311; baseline 0.034 -50"><span class='ocrx_word' id='word_1_443' title='bbox 1113 3205 1226 3262; x_wconf 87' lang='lat' dir='ltr'><strong>terent</strong></span> <span class='ocrx_word' id='word_1_444' title='bbox 1236 3193 1315 3278; x_wconf 92' lang='lat' dir='ltr'><strong>sibi,</strong></span> <span class='ocrx_word' id='word_1_445' title='bbox 1330 3196 1358 3263; x_wconf 90' lang='lat' dir='ltr'><strong>si</strong></span> <span class='ocrx_word' id='word_1_446' title='bbox 1369 3200 1577 3289; x_wconf 89' lang='lat' dir='ltr'><strong>suscepisses</strong></span> <span class='ocrx_word' id='word_1_447' title='bbox 1588 3198 1678 3273; x_wconf 87' lang='lat' dir='ltr'><strong>hanc</strong></span> <span class='ocrx_word' id='word_1_448' title='bbox 1687 3209 1917 3301; x_wconf 87' lang='lat' dir='ltr'><strong>provinciam,</strong></span> <span class='ocrx_word' id='word_1_449' title='bbox 1932 3244 2101 3311; x_wconf 84' lang='lat' dir='ltr'><strong>magnum</strong></span> 
     </span>
     <span class='ocr_line' id='line_1_80' title="bbox 1113 3300 2135 3397; baseline 0.037 -36"><span class='ocrx_word' id='word_1_450' title='bbox 1113 3307 1147 3362; x_wconf 89' lang='lat' dir='ltr'><strong>te</strong></span> <span class='ocrx_word' id='word_1_451' title='bbox 1163 3309 1381 3365; x_wconf 87' lang='lat' dir='ltr'><strong>momentum</strong></span> <span class='ocrx_word' id='word_1_452' title='bbox 1405 3300 1449 3366; x_wconf 89' lang='lat' dir='ltr'><strong>ad</strong></span> <span class='ocrx_word' id='word_1_453' title='bbox 1469 3303 1650 3374; x_wconf 86' lang='lat' dir='ltr'><strong>excitanda</strong></span> <span class='ocrx_word' id='word_1_454' title='bbox 1673 3310 1814 3397; x_wconf 90' lang='lat' dir='ltr'><strong>publica</strong></span> <span class='ocrx_word' id='word_1_455' title='bbox 1836 3319 1952 3389; x_wconf 89' lang='lat' dir='ltr'><strong>studia</strong></span> <span class='ocrx_word' id='word_1_456' title='bbox 1973 3323 2101 3397; x_wconf 87' lang='lat' dir='ltr'><strong>allatu·</strong></span> <span class='ocrx_word' id='word_1_457' title='bbox 2128 3300 2135 3315; x_wconf 82' lang='lat'><strong>.</strong></span> 
     </span>
     <span class='ocr_line' id='line_1_81' title="bbox 1113 3397 2100 3512; baseline 0.035 -48"><span class='ocrx_word' id='word_1_458' title='bbox 1113 3420 1193 3464; x_wconf 85' lang='lat' dir='ltr'><strong>nrm</strong></span> <span class='ocrx_word' id='word_1_459' title='bbox 1207 3397 1324 3469; x_wconf 86' lang='lat' dir='ltr'><strong>fuisse.</strong></span> <span class='ocrx_word' id='word_1_460' title='bbox 1375 3399 1499 3494; x_wconf 90' lang='lat' dir='ltr'><strong>Neque</strong></span> <span class='ocrx_word' id='word_1_461' title='bbox 1513 3417 1627 3474; x_wconf 91' lang='lat' dir='ltr'><strong>tamen</strong></span> <span class='ocrx_word' id='word_1_462' title='bbox 1648 3408 1836 3502; x_wconf 88' lang='lat' dir='ltr'><strong>desperant</strong></span> <span class='ocrx_word' id='word_1_463' title='bbox 1851 3433 1884 3488; x_wconf 94' lang='lat' dir='ltr'><strong>te</strong></span> <span class='ocrx_word' id='word_1_464' title='bbox 1900 3429 2100 3512; x_wconf 86' lang='lat' dir='ltr'><strong>permoveri</strong></span> 
     </span>
     <span class='ocr_line' id='line_1_82' title="bbox 1112 3497 2209 3616; baseline 0.036 -53"><span class='ocrx_word' id='word_1_465' title='bbox 1112 3520 1230 3587; x_wconf 92' lang='lat' dir='ltr'><strong>posse,</strong></span> <span class='ocrx_word' id='word_1_466' title='bbox 1254 3513 1295 3568; x_wconf 90' lang='lat' dir='ltr'><strong>ut</strong></span> <span class='ocrx_word' id='word_1_467' title='bbox 1311 3497 1588 3593; x_wconf 84' lang='lat' dir='ltr'><strong>teNoribergam</strong></span> <span class='ocrx_word' id='word_1_468' title='bbox 1612 3514 1781 3589; x_wconf 86' lang='lat' dir='ltr'><strong>conferas.</strong></span> <span class='ocrx_word' id='word_1_469' title='bbox 1835 3518 1957 3616; x_wconf 87' lang='lat' dir='ltr'><strong>ltaque</strong></span> <span class='ocrx_word' id='word_1_470' title='bbox 1978 3552 2100 3601; x_wconf 83' lang='lat' dir='ltr'><strong>rvrrsus</strong></span> <span class='ocrx_word' id='word_1_471' title='bbox 2200 3548 2209 3561; x_wconf 87' lang='grc'><strong>”</strong></span> 
     </span>
     <span class='ocr_line' id='line_1_83' title="bbox 1112 3600 2100 3719; baseline 0.036 -53"><span class='ocrx_word' id='word_1_472' title='bbox 1112 3600 1156 3666; x_wconf 90' lang='lat' dir='ltr'><strong>ad</strong></span> <span class='ocrx_word' id='word_1_473' title='bbox 1182 3613 1216 3669; x_wconf 90' lang='lat' dir='ltr'><strong>te</strong></span> <span class='ocrx_word' id='word_1_474' title='bbox 1237 3603 1359 3669; x_wconf 88' lang='lat' dir='ltr'><strong>eadem</strong></span> <span class='ocrx_word' id='word_1_475' title='bbox 1381 3606 1424 3672; x_wconf 88' lang='lat' dir='ltr'><strong>de</strong></span> <span class='ocrx_word' id='word_1_476' title='bbox 1450 3629 1488 3674; x_wconf 91' lang='lat' dir='ltr'><strong>re</strong></span> <span class='ocrx_word' id='word_1_477' title='bbox 1517 3609 1668 3680; x_wconf 88' lang='lat' dir='ltr'><strong>scribere</strong></span> <span class='ocrx_word' id='word_1_478' title='bbox 1693 3616 1808 3688; x_wconf 85' lang='lat' dir='ltr'><strong>iussus</strong></span> <span class='ocrx_word' id='word_1_479' title='bbox 1837 3646 1926 3696; x_wconf 89' lang='lat' dir='ltr'><strong>sum.</strong></span> <span class='ocrx_word' id='word_1_480' title='bbox 1991 3628 2100 3719; x_wconf 84' lang='lat' dir='ltr'><strong>Quod</strong></span> 
     </span>
     <span class='ocr_line' id='line_1_84' title="bbox 1112 3700 2166 3817; baseline 0.036 -49"><span class='ocrx_word' id='word_1_481' title='bbox 1112 3700 1207 3768; x_wconf 90' lang='lat' dir='ltr'><strong>enim</strong></span> <span class='ocrx_word' id='word_1_482' title='bbox 1222 3707 1418 3773; x_wconf 88' lang='lat' dir='ltr'><strong>verecunde</strong></span> <span class='ocrx_word' id='word_1_483' title='bbox 1433 3732 1574 3778; x_wconf 84' lang='lat' dir='ltr'><strong>excusas</strong></span> <span class='ocrx_word' id='word_1_484' title='bbox 1590 3710 1628 3780; x_wconf 88' lang='lat' dir='ltr'><strong>in</strong></span> <span class='ocrx_word' id='word_1_485' title='bbox 1647 3709 1701 3783; x_wconf 94' lang='lat' dir='ltr'><strong>his</strong></span> <span class='ocrx_word' id='word_1_486' title='bbox 1715 3718 1844 3804; x_wconf 88' lang='lat' dir='ltr'><strong>literis,</strong></span> <span class='ocrx_word' id='word_1_487' title='bbox 1869 3752 1956 3817; x_wconf 85' lang='lat' dir='ltr'><strong>quas</strong></span> <span class='ocrx_word' id='word_1_488' title='bbox 1972 3733 2019 3800; x_wconf 90' lang='lat' dir='ltr'><strong>ad</strong></span> <span class='ocrx_word' id='word_1_489' title='bbox 2042 3759 2100 3804; x_wconf 89' lang='lat' dir='ltr'><strong>me</strong></span> <span class='ocrx_word' id='word_1_490' title='bbox 2163 3774 2166 3783; x_wconf 96' lang='lat'>·</span> 
     </span>
     <span class='ocr_line' id='line_1_85' title="bbox 1112 3802 2100 3923; baseline 0.038 -55"><span class='ocrx_word' id='word_1_491' title='bbox 1112 3802 1297 3891; x_wconf 90' lang='lat' dir='ltr'><strong>scripsisti,</strong></span> <span class='ocrx_word' id='word_1_492' title='bbox 1337 3808 1455 3876; x_wconf 88' lang='lat' dir='ltr'><strong>oneris</strong></span> <span class='ocrx_word' id='word_1_493' title='bbox 1490 3815 1789 3907; x_wconf 84' lang='lat' dir='ltr'><strong>magnitudinem,</strong></span> <span class='ocrx_word' id='word_1_494' title='bbox 1830 3829 1995 3923; x_wconf 86' lang='lat' dir='ltr'><strong>quodque</strong></span> <span class='ocrx_word' id='word_1_495' title='bbox 2025 3858 2100 3905; x_wconf 92' lang='lat' dir='ltr'><strong>non</strong></span> 
     </span>
     <span class='ocr_line' id='line_1_86' title="bbox 1112 3897 2098 4026; baseline 0.039 -58"><span class='ocrx_word' id='word_1_496' title='bbox 1112 3897 1241 3972; x_wconf 87' lang='lat' dir='ltr'><strong>habeas</strong></span> <span class='ocrx_word' id='word_1_497' title='bbox 1256 3910 1548 3981; x_wconf 88' lang='lat' dir='ltr'><strong>consuetudinem</strong></span> <span class='ocrx_word' id='word_1_498' title='bbox 1564 3917 1734 4005; x_wconf 85' lang='lat' dir='ltr'><strong>docendi,</strong></span> <span class='ocrx_word' id='word_1_499' title='bbox 1759 3949 1833 3993; x_wconf 92' lang='lat' dir='ltr'><strong>non</strong></span> <span class='ocrx_word' id='word_1_500' title='bbox 1855 3932 1938 3998; x_wconf 91' lang='lat' dir='ltr'><strong>satis</strong></span> <span class='ocrx_word' id='word_1_501' title='bbox 1961 3958 2098 4026; x_wconf 82' lang='lat' dir='ltr'><strong>magna,</strong></span> 
     </span>
     <span class='ocr_line' id='line_1_87' title="bbox 1112 4008 2099 4119; baseline 0.036 -47"><span class='ocrx_word' id='word_1_502' title='bbox 1112 4029 1190 4074; x_wconf 88' lang='lat' dir='ltr'><strong>meo</strong></span> <span class='ocrx_word' id='word_1_503' title='bbox 1217 4008 1366 4093; x_wconf 89' lang='lat' dir='ltr'><strong>iudicio,</strong></span> <span class='ocrx_word' id='word_1_504' title='bbox 1393 4013 1482 4083; x_wconf 87' lang='lat' dir='ltr'><strong>ratio</strong></span> <span class='ocrx_word' id='word_1_505' title='bbox 1517 4028 1568 4085; x_wconf 88' lang='lat' dir='ltr'><strong>est</strong></span> <span class='ocrx_word' id='word_1_506' title='bbox 1597 4024 1781 4093; x_wconf 90' lang='lat' dir='ltr'><strong>recusandi</strong></span> <span class='ocrx_word' id='word_1_507' title='bbox 1811 4032 1954 4119; x_wconf 87' lang='lat' dir='ltr'><strong>negotii.</strong></span> <span class='ocrx_word' id='word_1_508' title='bbox 2002 4036 2099 4106; x_wconf 88' lang='lat' dir='ltr'><strong>&#39;Pri-</strong></span> 
     </span>
     <span class='ocr_line' id='line_1_88' title="bbox 1112 4109 2098 4210; baseline 0.032 -35"><span class='ocrx_word' id='word_1_509' title='bbox 1112 4132 1209 4176; x_wconf 86' lang='lat' dir='ltr'><strong>mum</strong></span> <span class='ocrx_word' id='word_1_510' title='bbox 1235 4109 1329 4178; x_wconf 91' lang='lat' dir='ltr'><strong>enim</strong></span> <span class='ocrx_word' id='word_1_511' title='bbox 1351 4137 1502 4205; x_wconf 89' lang='lat' dir='ltr'><strong>aequum</strong></span> <span class='ocrx_word' id='word_1_512' title='bbox 1519 4131 1570 4186; x_wconf 90' lang='lat' dir='ltr'><strong>cst</strong></span> <span class='ocrx_word' id='word_1_513' title='bbox 1591 4123 1761 4210; x_wconf 88' lang='lat' dir='ltr'><strong>tenebis,</strong></span> <span class='ocrx_word' id='word_1_514' title='bbox 1787 4123 1992 4203; x_wconf 90' lang='lat' dir='ltr'><strong>bominibus</strong></span> <span class='ocrx_word' id='word_1_515' title='bbox 2009 4138 2098 4206; x_wconf 85' lang='lat' dir='ltr'><strong>ami-</strong></span> 
     </span>
     <span class='ocr_line' id='line_1_89' title="bbox 1112 4208 2098 4333; baseline 0.035 -59"><span class='ocrx_word' id='word_1_516' title='bbox 1112 4208 1181 4292; x_wconf 89' lang='lat' dir='ltr'><strong>cis,</strong></span> <span class='ocrx_word' id='word_1_517' title='bbox 1221 4213 1264 4278; x_wconf 93' lang='lat' dir='ltr'><strong>de</strong></span> <span class='ocrx_word' id='word_1_518' title='bbox 1294 4211 1437 4301; x_wconf 83' lang='lat' dir='ltr'><strong>ingenio</strong></span> <span class='ocrx_word' id='word_1_519' title='bbox 1459 4231 1526 4287; x_wconf 77' lang='lat' dir='ltr'><strong>tue</strong></span> <span class='ocrx_word' id='word_1_520' title='bbox 1550 4220 1792 4296; x_wconf 78' lang='lat' dir='ltr'><strong>iudicantibus</strong></span> <span class='ocrx_word' id='word_1_521' title='bbox 1817 4235 1996 4321; x_wconf 85' lang='lat' dir='ltr'><strong>assentiri,</strong></span> <span class='ocrx_word' id='word_1_522' title='bbox 2037 4240 2098 4333; x_wconf 87' lang='lat' dir='ltr'><strong>qui</strong></span> 
     </span>
     <span class='ocr_line' id='line_1_90' title="bbox 1112 4315 2098 4432; baseline 0.037 -56"><span class='ocrx_word' id='word_1_523' title='bbox 1112 4324 1255 4401; x_wconf 91' lang='lat' dir='ltr'><strong>propter</strong></span> <span class='ocrx_word' id='word_1_524' title='bbox 1267 4315 1396 4384; x_wconf 87' lang='lat' dir='ltr'><strong>multas</strong></span> <span class='ocrx_word' id='word_1_525' title='bbox 1410 4321 1630 4407; x_wconf 82' lang='lat' dir='ltr'><strong>gravissimas</strong></span> <span class='ocrx_word' id='word_1_526' title='bbox 1647 4351 1767 4396; x_wconf 89' lang='lat' dir='ltr'><strong>causas</strong></span> <span class='ocrx_word' id='word_1_527' title='bbox 1784 4334 1953 4406; x_wconf 90' lang='lat' dir='ltr'><strong>sentimus</strong></span> <span class='ocrx_word' id='word_1_528' title='bbox 1974 4353 2007 4408; x_wconf 90' lang='lat' dir='ltr'><strong>te</strong></span> <span class='ocrx_word' id='word_1_529' title='bbox 2031 4364 2098 4432; x_wconf 90' lang='lat' dir='ltr'><strong>pu-</strong></span> 
     </span>
     <span class='ocr_line' id='line_1_91' title="bbox 1112 4412 2098 4513; baseline 0.033 -33"><span class='ocrx_word' id='word_1_530' title='bbox 1112 4412 1214 4481; x_wconf 87' lang='lat' dir='ltr'><strong>blicis</strong></span> <span class='ocrx_word' id='word_1_531' title='bbox 1227 4415 1354 4484; x_wconf 89' lang='lat' dir='ltr'><strong>studiis</strong></span> <span class='ocrx_word' id='word_1_532' title='bbox 1368 4443 1529 4508; x_wconf 84' lang='lat' dir='ltr'><strong>magnam</strong></span> <span class='ocrx_word' id='word_1_533' title='bbox 1547 4425 1735 4496; x_wconf 89' lang='lat' dir='ltr'><strong>utilitatem</strong></span> <span class='ocrx_word' id='word_1_534' title='bbox 1750 4428 1789 4499; x_wconf 75' lang='lat' dir='ltr'><strong>ea¹</strong></span> <span class='ocrx_word' id='word_1_535' title='bbox 1806 4432 1843 4502; x_wconf 95' lang='lat' dir='ltr'><strong>in</strong></span> <span class='ocrx_word' id='word_1_536' title='bbox 1863 4436 1952 4507; x_wconf 81' lang='lat' dir='ltr'><strong>utb&#39;e</strong></span> <span class='ocrx_word' id='word_1_537' title='bbox 1973 4440 2098 4513; x_wconf 81' lang='lat' dir='ltr'><strong>afferre</strong></span> 
     </span>
     <span class='ocr_line' id='line_1_92' title="bbox 1112 4513 2098 4632; baseline 0.035 -50"><span class='ocrx_word' id='word_1_538' title='bbox 1112 4537 1223 4604; x_wconf 87' lang='lat' dir='ltr'><strong>posse.</strong></span> <span class='ocrx_word' id='word_1_539' title='bbox 1272 4513 1412 4589; x_wconf 87' lang='lat' dir='ltr'><strong>Deinde</strong></span> <span class='ocrx_word' id='word_1_540' title='bbox 1428 4527 1562 4595; x_wconf 87' lang='lat' dir='ltr'><strong>candor</strong></span> <span class='ocrx_word' id='word_1_541' title='bbox 1577 4541 1629 4597; x_wconf 82' lang='lat' dir='ltr'><strong>est</strong></span> <span class='ocrx_word' id='word_1_542' title='bbox 1646 4530 1841 4604; x_wconf 87' lang='lat' dir='ltr'><strong>liberaliter</strong></span> <span class='ocrx_word' id='word_1_543' title='bbox 1854 4537 1892 4607; x_wconf 91' lang='lat' dir='ltr'><strong>in</strong></span> <span class='ocrx_word' id='word_1_544' title='bbox 1913 4543 2098 4632; x_wconf 85' lang='lat' dir='ltr'><strong>publicum</strong></span> 
     </span>
     <span class='ocr_line' id='line_1_93' title="bbox 1111 4616 2103 4722; baseline 0.036 -41"><span class='ocrx_word' id='word_1_545' title='bbox 1111 4616 1271 4684; x_wconf 82' lang='lat' dir='ltr'><strong>conicere</strong></span> <span class='ocrx_word' id='word_1_546' title='bbox 1300 4636 1472 4710; x_wconf 86' lang='lat' dir='ltr'><strong>quantum</strong></span> <span class='ocrx_word' id='word_1_547' title='bbox 1504 4628 1653 4719; x_wconf 89' lang='lat' dir='ltr'><strong>quisque</strong></span> <span class='ocrx_word' id='word_1_548' title='bbox 1692 4648 1826 4722; x_wconf 87' lang='lat' dir='ltr'><strong>potest,</strong></span> <span class='ocrx_word' id='word_1_549' title='bbox 1872 4641 1900 4707; x_wconf 93' lang='lat' dir='ltr'><strong>si</strong></span> <span class='ocrx_word' id='word_1_550' title='bbox 1940 4632 2103 4716; x_wconf 77' lang='lat' dir='ltr'><strong>nostram</strong></span> 
     </span>
     <span class='ocr_line' id='line_1_94' title="bbox 1111 4719 2099 4817; baseline 0.032 -32"><span class='ocrx_word' id='word_1_551' title='bbox 1111 4741 1254 4807; x_wconf 89' lang='lat' dir='ltr'><strong>operam</strong></span> <span class='ocrx_word' id='word_1_552' title='bbox 1275 4719 1407 4810; x_wconf 84' lang='lat' dir='ltr'><strong>flagitet</strong></span> <span class='ocrx_word' id='word_1_553' title='bbox 1431 4729 1640 4817; x_wconf 85' lang='lat' dir='ltr'><strong>respublica.</strong></span> <span class='ocrx_word' id='word_1_554' title='bbox 1698 4732 1807 4806; x_wconf 77' lang='lat' dir='ltr'><strong>Vides</strong></span> <span class='ocrx_word' id='word_1_555' title='bbox 1829 4757 1946 4811; x_wconf 90' lang='lat' dir='ltr'><strong>autem</strong></span> <span class='ocrx_word' id='word_1_556' title='bbox 1965 4758 1997 4814; x_wconf 91' lang='lat' dir='ltr'><strong>tc</strong></span> <span class='ocrx_word' id='word_1_557' title='bbox 2020 4761 2099 4817; x_wconf 92' lang='lat' dir='ltr'><strong>tan-</strong></span> 
     </span>
     <span class='ocr_line' id='line_1_95' title="bbox 1111 4825 2098 4931; baseline 0.034 -46"><span class='ocrx_word' id='word_1_558' title='bbox 1111 4842 1216 4910; x_wconf 89' lang='lat' dir='ltr'><strong>quam</strong></span> <span class='ocrx_word' id='word_1_559' title='bbox 1243 4844 1328 4890; x_wconf 91' lang='lat' dir='ltr'><strong>voce</strong></span> <span class='ocrx_word' id='word_1_560' title='bbox 1351 4825 1488 4917; x_wconf 90' lang='lat' dir='ltr'><strong>reipub.</strong></span> <span class='ocrx_word' id='word_1_561' title='bbox 1508 4834 1711 4922; x_wconf 85' lang='lat' dir='ltr'><strong>compellari</strong></span> <span class='ocrx_word' id='word_1_562' title='bbox 1737 4840 1771 4909; x_wconf 84' lang='lat' dir='ltr'><strong>et¹</strong></span> <span class='ocrx_word' id='word_1_563' title='bbox 1792 4844 1939 4931; x_wconf 72' lang='lat' dir='ltr'><strong>rogari,¹</strong></span> <span class='ocrx_word' id='word_1_564' title='bbox 1953 4848 2098 4919; x_wconf 79' lang='lat' dir='ltr'><strong>rit-iite-</strong></span> 
     </span>
     <span class='ocr_line' id='line_1_96' title="bbox 1110 4914 2096 5035; baseline 0.037 -50"><span class='ocrx_word' id='word_1_565' title='bbox 1110 4920 1226 4988; x_wconf 89' lang='lat' dir='ltr'><strong>rasin</strong></span> <span class='ocrx_word' id='word_1_566' title='bbox 1255 4914 1322 4992; x_wconf 94' lang='lat' dir='ltr'><strong>hoc</strong></span> <span class='ocrx_word' id='word_1_567' title='bbox 1348 4931 1503 4999; x_wconf 89' lang='lat' dir='ltr'><strong>tumultu</strong></span> <span class='ocrx_word' id='word_1_568' title='bbox 1532 4934 1629 5001; x_wconf 94' lang='lat' dir='ltr'><strong>orbis</strong></span> <span class='ocrx_word' id='word_1_569' title='bbox 1659 4948 1832 5010; x_wconf 90' lang='lat' dir='ltr'><strong>terrarum</strong></span> <span class='ocrx_word' id='word_1_570' title='bbox 1858 4947 2096 5035; x_wconf 85' lang='lat' dir='ltr'><strong>periclitantes</strong></span> 
     </span>
     <span class='ocr_line' id='line_1_97' title="bbox 1110 5021 2096 5138; baseline 0.033 -48"><span class='ocrx_word' id='word_1_571' title='bbox 1110 5021 1266 5096; x_wconf 87' lang='lat' dir='ltr'><strong>adiuves.</strong></span> <span class='ocrx_word' id='word_1_572' title='bbox 1315 5024 1438 5120; x_wconf 90' lang='lat' dir='ltr'><strong>Neque</strong></span> <span class='ocrx_word' id='word_1_573' title='bbox 1459 5056 1542 5102; x_wconf 92' lang='lat' dir='ltr'><strong>vero</strong></span> <span class='ocrx_word' id='word_1_574' title='bbox 1560 5037 1709 5105; x_wconf 87' lang='lat' dir='ltr'><strong>dubium</strong></span> <span class='ocrx_word' id='word_1_575' title='bbox 1727 5054 1798 5127; x_wconf 89' lang='lat' dir='ltr'><strong>est,</strong></span> <span class='ocrx_word' id='word_1_576' title='bbox 1823 5046 1911 5138; x_wconf 86' lang='lat' dir='ltr'><strong>quin</strong></span> <span class='ocrx_word' id='word_1_577' title='bbox 1925 5050 2002 5119; x_wconf 81' lang='lat' dir='ltr'><strong>vice</strong></span> <span class='ocrx_word' id='word_1_578' title='bbox 2015 5051 2096 5123; x_wconf 85' lang='lat' dir='ltr'><strong>lite·</strong></span> 
     </span>
     <span class='ocr_line' id='line_1_98' title="bbox 1110 5132 2096 5239; baseline 0.035 -49"><span class='ocrx_word' id='word_1_579' title='bbox 1110 5134 1237 5192; x_wconf 85' lang='lat' dir='ltr'><strong>raruni·</strong></span> <span class='ocrx_word' id='word_1_580' title='bbox 1254 5146 1506 5207; x_wconf 88' lang='lat' dir='ltr'><strong>commoveare.</strong></span> <span class='ocrx_word' id='word_1_581' title='bbox 1572 5136 1640 5207; x_wconf 90' lang='lat' dir='ltr'><strong>Sed</strong></span> <span class='ocrx_word' id='word_1_582' title='bbox 1671 5132 1739 5211; x_wconf 90' lang='lat' dir='ltr'><strong>hae</strong></span> <span class='ocrx_word' id='word_1_583' title='bbox 1758 5144 1807 5214; x_wconf 88' lang='lat' dir='ltr'><strong>ita</strong></span> <span class='ocrx_word' id='word_1_584' title='bbox 1831 5166 1980 5239; x_wconf 84' lang='lat' dir='ltr'><strong>possunt</strong></span> <span class='ocrx_word' id='word_1_585' title='bbox 2002 5156 2096 5223; x_wconf 87' lang='lat' dir='ltr'><strong>revi-</strong></span> 
     </span>
     <span class='ocr_line' id='line_1_99' title="bbox 1110 5224 2093 5332; baseline 0.04 -42"><span class='ocrx_word' id='word_1_586' title='bbox 1110 5224 1258 5311; x_wconf 85' lang='lat' dir='ltr'><strong>viscere,</strong></span> <span class='ocrx_word' id='word_1_587' title='bbox 1282 5227 1313 5295; x_wconf 91' lang='lat' dir='ltr'><strong>si</strong></span> <span class='ocrx_word' id='word_1_588' title='bbox 1328 5241 1387 5299; x_wconf 90' lang='lat' dir='ltr'><strong>tua</strong></span> <span class='ocrx_word' id='word_1_589' title='bbox 1404 5235 1526 5329; x_wconf 90' lang='lat' dir='ltr'><strong>tuique</strong></span> <span class='ocrx_word' id='word_1_590' title='bbox 1542 5238 1711 5309; x_wconf 88' lang='lat' dir='ltr'><strong>similium</strong></span> <span class='ocrx_word' id='word_1_591' title='bbox 1730 5245 1902 5318; x_wconf 81' lang='lat' dir='ltr'><strong>industria</strong></span> <span class='ocrx_word' id='word_1_592' title='bbox 1917 5251 2093 5332; x_wconf 55' lang='lat' dir='ltr'><strong>terrentur.</strong></span> 
     </span>
     <span class='ocr_line' id='line_1_100' title="bbox 1110 5322 2093 5433; baseline 0.039 -41"><span class='ocrx_word' id='word_1_593' title='bbox 1110 5322 1230 5413; x_wconf 86' lang='lat' dir='ltr'><strong>Quare</strong></span> <span class='ocrx_word' id='word_1_594' title='bbox 1246 5342 1280 5399; x_wconf 88' lang='lat' dir='ltr'><strong>te</strong></span> <span class='ocrx_word' id='word_1_595' title='bbox 1296 5327 1467 5405; x_wconf 91' lang='lat' dir='ltr'><strong>adhortor</strong></span> <span class='ocrx_word' id='word_1_596' title='bbox 1483 5342 1527 5409; x_wconf 87' lang='lat' dir='ltr'><strong>ad</strong></span> <span class='ocrx_word' id='word_1_597' title='bbox 1549 5342 1805 5433; x_wconf 86' lang='lat' dir='ltr'><strong>suscipiendam</strong></span> <span class='ocrx_word' id='word_1_598' title='bbox 1831 5343 1921 5425; x_wconf 71' lang='lat' dir='ltr'><strong>herne</strong></span> <span class='ocrx_word' id='word_1_599' title='bbox 1944 5357 2093 5428; x_wconf 87' lang='lat' dir='ltr'><strong>docendi</strong></span> 
     </span>
     <span class='ocr_line' id='line_1_101' title="bbox 1111 5429 2094 5602; baseline 0.036 -106"><span class='ocrx_word' id='word_1_600' title='bbox 1111 5429 1339 5602; x_wconf 58' lang='lat' dir='ltr'><strong>proviqqiaqn.</strong></span> <span class='ocrx_word' id='word_1_601' title='bbox 1393 5435 1500 5510; x_wconf 91' lang='lat' dir='ltr'><strong>Nulla</strong></span> <span class='ocrx_word' id='word_1_602' title='bbox 1514 5443 1610 5514; x_wconf 88' lang='lat' dir='ltr'><strong>enim</strong></span> <span class='ocrx_word' id='word_1_603' title='bbox 1623 5445 1692 5514; x_wconf 76' lang='lat' dir='ltr'><strong>alia</strong></span> <span class='ocrx_word' id='word_1_604' title='bbox 1705 5445 1745 5517; x_wconf 89' lang='lat' dir='ltr'><strong>in</strong></span> <span class='ocrx_word' id='word_1_605' title='bbox 1759 5458 1801 5522; x_wconf 78' lang='lat' dir='ltr'><strong>re&#39;</strong></span> <span class='ocrx_word' id='word_1_606' title='bbox 1819 5440 1945 5527; x_wconf 80' lang='lat' dir='ltr'><strong>melitis</strong></span> <span class='ocrx_word' id='word_1_607' title='bbox 1955 5464 2094 5531; x_wconf 84' lang='lat' dir='ltr'><strong>&#39;mereri</strong></span> 
     </span>
    </p>
   </div>
   <div class='ocr_carea' id='block_1_29' title="bbox 0 0 2254 5782">
    <p class='ocr_par' dir='ltr' id='par_1_30' title="bbox 0 0 2254 5782">
     <span class='ocr_line' id='line_1_102' title="bbox 0 0 2254 5782; baseline 0 0"><span class='ocrx_word' id='word_1_608' title='bbox 0 0 2254 5782; x_wconf 95' lang='lat' dir='ltr'><strong> </strong></span> 
     </span>
    </p>
   </div>
  </div>
 </body>
</html>
