4500 5782
9 3832 11 3839 .
64 3766 137 3842 inde
152 3793 266 3865 quom
288 3771 462 3863 optimum
484 3773 629 3842 vivendi
645 3797 755 3864 genus
772 3776 833 3861 sit,
857 3801 928 3870 quo
944 3801 1051 3871 quam

9 3946 15 4073 l

9 4080 16 4173 )
66 4070 177 4143 riculis
195 4075 404 4144 obnoxium.
453 4074 627 4149 Permitto
648 4079 731 4163 tibi,
755 4080 894 4151 caelesti
917 4082 1049 4151 auxilio

8 4564 15 4611 l

8 4770 19 4811 ἓ

22 4834 27 4855 t

12 5328 18 5389 f
110 5348 148 5421 b)
163 5364 278 5409 monent
311 5354 412 5409 Melo
433 5373 461 5426 p.

9 5454 14 5499 3
110 5417 149 5489 il)
165 5422 270 5495 esrem]
288 5424 352 5479 cod.
365 5374 465 5479 froila
484 5428 608 5485 ..receti⁸
1196 5420 1277 5475 edita.
1312 5418 1359 5485 F.)

11 4198 16 4275 ᾗ
67 4167 147 4244 nibss
165 4199 243 4245 non
259 4176 364 4262 eflici3
391 4180 450 4247 sed
469 4182 643 4271 expende,
668 4182 731 4275 qui
753 4194 848 4250 astus
867 4184 1051 4252 daemonis

13 4282 17 4357 ξ
70 4272 143 4361 tint,
172 4302 284 4373 quam
303 4278 421 4347 variae
444 4280 611 4366 insidiae,
639 4305 730 4373 quae
756 4278 913 4353 hominis
934 4284 1051 4354 imbe-

16 4446 19 4451 ,
70 4372 201 4457 cillitas'.
233 4378 336 4448 utin
355 4376 474 4450 media
498 4382 723 4453 faelicissime
748 4383 929 4455 institutae
955 4386 1049 4456 vitae

73 246 141 321 tot
660 240 1100 319 lll‘lS'l'OLAliUM
1150 240 1258 321 ΗΒ.
1284 232 1330 315 11.
1383 242 1516 319 1520.
2035 233 2110 319 tes

68 419 167 492 tinno
188 418 333 489 animus
356 419 400 487 ad
425 418 664 487 scortandum.
731 417 853 489 Nolim
887 432 922 488 te
951 417 1061 487 verbo
1115 416 1234 486 ubivis
1254 419 1319 489 ubi
1340 416 1505 503 dimices,
1535 418 1597 487 aed
1618 409 1746 506 negare
1766 428 1840 488 non
1862 429 1980 509 potes,
2002 438 2109 511 prae-

66 546 190 615 parum
211 520 344 613 pudico
364 519 499 589 offendi
506 543 515 604 3
542 519 630 614 quin
653 533 693 589 tu
713 522 766 589 rei
782 520 1062 611 magnitudinem
1113 520 1248 589 sentius
1262 544 1335 590 esse
1351 520 1550 613 perieulum
1562 519 1600 587 in
1608 516 1820 589 Monastico.
1866 514 2105 591 TENENDA

67 624 210 695 aestima
250 636 286 692 et
320 622 432 710 cogita
468 616 544 705 hic,
584 622 672 715 quid
702 623 774 692 dici
805 623 932 713 possit,
971 644 1061 716 quae
1113 618 1357 696 casTl‘ras
1381 618 1477 694 EST
1503 645 1578 692 non
1601 622 1713 705 votis,
1746 644 1821 691 non
1840 622 1919 692 iure
1938 622 2104 707 iurando,

67 723 313 818 persuasiones
354 720 541 793 bominum
582 723 720 793 animos
759 725 864 815 vulgo
905 736 1060 797 teneant.
1113 724 1174 791 sed
1193 746 1370 796 sacrarum
1391 726 1575 796 literarum
1596 747 1664 793 usu
1692 747 1732 793 ac
1754 724 1998 808 meditatione,
2032 723 2104 817 piis
2154 800 2160 817 ,

67 824 167 917 Quae
186 848 252 916 ego
279 825 417 920 quoties
443 823 576 915 cogito,
602 824 718 915 cogito
741 840 857 896 autem
877 828 950 896 fere
968 850 1061 895 sem·
1111 826 1286 917 precibus.
1353 826 1449 899 Num
1474 825 1613 918 uspiam
1642 826 1770 895 docent
1799 826 1941 895 divinae
1969 825 2104 911 literae,

65 952 144 1021 per,
183 952 226 997 eo
250 928 425 1010 adducor,
460 941 500 995 ut
527 942 647 1017 putem
674 928 713 995 in
733 925 931 1020 Republica
952 925 1061 999 Cbri-
1110 928 1277 999 morbum
1296 928 1409 999 animi
1424 928 1667 1000 iureiurando
1688 926 1806 996 vinei?
1855 921 2104 1022 Aut'quomoq

65 1030 179 1101 stiana
202 1030 345 1099 nullum
366 1028 603 1097 miserabilius
620 1030 756 1097 malum
773 1052 847 1098 osse
861 1032 1003 1121 vulgato
1019 1025 1059 1125 ¹⁹)
1110 1030 1158 1098 do
1174 1032 1343 1101 credibile
1359 1045 1419 1115 est,
1441 1026 1535 1101 nihil
1548 1030 1587 1098 in
1602 1053 1664 1099 vos
1679 1029 1786 1099 licere
1799 1027 1985 1114 Daemoni‚
2006 1030 2102 1121 apud

64 1132 253 1203 coelibatu.
319 1126 368 1199 Et
389 1131 492 1199 doleo
518 1143 553 1198 et
581 1131 706 1201 videor
733 1128 823 1209 mihi
843 1133 971 1203 iustam
994 1128 1059 1202 lra-
1110 1155 1200 1224 quos
1220 1132 1424 1203 divinarum
1447 1133 1651 1216 literarum,
1676 1132 1807 1224 quibus
1826 1132 1929 1221 ignea
1950 1130 2125 1201 Satanae·

63 1234 145 1305 bere
158 1230 298 1302 doloris
314 1254 472 1317 causam,
495 1255 559 1300 nec
576 1226 690 1301 liabeo
705 1231 791 1327 (prid
810 1256 928 1323 agam,
951 1259 1058 1327 quam
1110 1234 1196 1319 tela,
1224 1249 1265 1306 ut
1282 1232 1320 1309 S.
1334 1227 1481 1305 Paulus
1497 1235 1566 1319 ait,
1594 1233 1727 1328 depelli
1750 1234 1898 1319 debent,
1925 1234 2000 1304 fere
2018 1234 2104 1305 nul-

63 1350 102 1407 ut
119 1334 218 1405 inter
240 1333 390 1424 gemitus
412 1347 447 1402 et
466 1334 617 1423 suspiria
635 1333 845 1423 singultiens
863 1350 897 1406 et
917 1336 971 1405 lac
1038 1379 1058 1392 -
1108 1334 1164 1404 lus
1179 1332 1224 1433 ²²)
1244 1351 1295 1406 est
1306 1338 1417 1413 usus?

62 1460 163 1505 mam
177 1436 384 1505 estimem
406 1430 534 1505 RESP
535 1432 615 1505 1OE
640 1431 842 1507 ΒΟΜῙΝΕ
868 1432 1000 1509 OPPR
1039 1482 1058 1494 ·
1209 1448 1265 1523 De
1295 1452 1513 1548 paupertatis
1542 1465 1638 1545 voto·
1655 1476 1732 1523 non
1758 1451 1882 1535 attinet
1906 1453 2020 1524 multa
2043 1454 2101 1523 di-

61 1534 229 1611 BRIUM
252 1531 513 1609 NOSTRUM.
571 1536 656 1606 Non
675 1552 776 1607 erant
794 1536 1058 1630 apudludaeos
1108 1579 1204 1642 cem
1250 1557 1367 1651 palam
1397 1570 1449 1627 ρει
1483 1554 1596 1640 enim,
1613 1552 1616 1557 ¹
1635 1580 1711 1629 11011
1738 1546 1989 1646 El'assgellcam
2025 1578 2102 1627 ως

61 1638 233 1723 fornices,
264 1662 339 1707 non
358 1637 574 1729 prostibula,
604 1636 701 1709 iuxta
724 1638 834 1709 Moisi
858 1640 987 1731 legem3
1021 1654 1057 1712 at
1109 1681 1186 1727 eam
1204 1653 1263 1751 ²³),
1288 1683 1396 1752 quam
1415 1680 1479 1727 vo,
1497 1648 1726 1749 profitemini,
1782 1652 1919 1728 Verum
1936 1659 2033 1729 unde
2054 1656 2102 1733 ,ἢ

62 1740 277 1832 intempore
296 1738 525 1809 elocabantur
545 1741 794 1813 adulescentes.
844 1740 918 1811 Nos
942 1742 1057 1813 lomi·-
1108 1753 1194 1829 haec
1208 1774 1321 1830 vem,
1339 1773 1526 1853 paupertas
1539 1759 1705 1852 profecta,
1721 1758 1946 1830 excutiamus,

62 1864 115 1911 ces
138 1842 324 1924 fovemus,
359 1854 400 1910 ut
430 1843 475 1909 ab
504 1834 664 1910 honestis
695 1843 829 1933 nuptiis
859 1868 1056 1925 avocemus,

61 1966 149 2037 quos
163 1944 205 2011 in
221 1936 313 2012 hanc
328 1965 425 2034 spem
442 1943 579 2025 alimus,
600 1958 639 2012 ut
655 1959 914 2018 consecrentur.
940 1943 1057 2015 Haec-

62 2044 139 2115 cine
160 2055 247 2163 sunt
260 2039 464 2161 Christiana
485 2044 670 2161 instituta?
721 2042 768 2115 Et
790 2049 887 2116 unde
907 2048 953 2117 sit
972 2071 1057 2141 pro-
1108 2080 1245 2175 aliquo,
1267 2082 1449 2154 contulere
1474 2082 1513 2149 in
1539 2104 1727 2150 mmmmm
1755 2078 1873 2171 copias
1897 2080 2100 2167 familiam,

59 2142 170 2217 m
185 2140 247 2215 ὣς
264 2146 475 2229 ⁰⁰⁰¹¹b³l⁰⁵’
498 2168 571 2214 ⁰⁰¹¹
586 2146 771 2215 memus?
1108 2197 1313 2274 sumptuum
1327 2185 1476 2279 quisque
1490 2196 1630 2253 tantum
1644 2176 1687 2275 ²³)
1697 2182 1901 2279 pendebat,
1925 2194 2099 2274 quantum

161 2245 238 2318 Sed
264 2242 351 2364 haec
383 2247 472 2365 quid
501 2270 565 2338 ⁰6⁰
593 2248 732 2365 “fumi
782 2250 888 2341 Ρ31110
915 2250 1057 2341 ¹⁰¹¹ssl¹¹⁵
1108 2284 1289 2355 facultates
1310 2284 1520 2356 domesticae
1546 2285 1638 2354 ferre
1661 2296 1842 2376 poterant3
1866 2283 2099 2371 ,convictores

59 2347 664 2421 m⁰d⁰l⁰1³b¹¹¹⁸l¹¹¹¹l⁰³¹v⁰ffll¹l
716 2347 783 2418 Vel
799 2374 893 2421 ¹¹¹¹¹¹⁸
908 2344 1057 2422 Paul&
1107 2388 1180 2456 suis
1202 2386 1361 2481 ipsorum
1384 2386 1569 2479 impensis,
1607 2386 1735 2454 sed-in
1761 2384 1943 2454 communi
1971 2384 2099 2457 collata

59 2451 251 2521 admonere
281 2464 403 2544 queat,
443 2450 657 2539 devolgata
691 2452 866 2522 coelibatu
894 2454 982 2547 quid
1010 2455 1056 2526 sit

61 2552 304 2637 sentiendum,
328 2576 440 2645 quum
455 2551 550 2621 inter
564 2552 840 2623 novissimorum
857 2569 1055 2646 temporum

60 2676 195 2723 errores
211 2665 248 2722 et
269 2646 365 2722 hunc
382 2667 544 2723 numeret
565 2654 608 2722 ad
627 2648 862 2724 Timotheum
882 2658 1054 2728 scribens:

1210 1875 1360 1951 Circiter
1374 1870 1582 1971 Augustini
1595 1890 1753 1967 tempora
1768 1872 1939 1945 oaenohia
1948 1872 1992 1973 ²⁴)
2010 1874 2114 1947 fuisu

1109 2002 1160 2063 se,
1189 1980 1246 2049 vel
1266 1980 1340 2073 ipse
1357 1973 1591 2073 Augustinus
1616 1978 1713 2047 testis
1734 1991 1801 2062 est,
1831 1978 1895 2048 ubi
1917 1974 2100 2051 coniuncti
2143 1984 2148 1993 '

1106 2490 1256 2580 pecunia
1278 2489 1456 2562 vivebant.
1521 2486 1656 2559 Votum
1682 2487 1822 2557 nullum
1847 2501 1937 2571 erat,
1973 2487 2099 2573 titulus

1106 2592 1321 2683 paupertatis
1334 2591 1470 2676 nullus,
1495 2590 1610 2659 sedin
1629 2584 1697 2659 hoc
1719 2585 1925 2659 huiusmodi
1946 2590 2037 2661 ratio
2051 2582 2098 2685 ”)

59 2748 462 2853 ερίήωωηαωγωη
505 2748 684 2824 medicem
725 2751 878 2855 quadiu
895 2757 1038 2829 novissi
1106 2692 1282 2780 inibatur,
1306 2707 1348 2764 ut
1362 2692 1429 2786 ipsi
1444 2694 1538 2763 inter
1551 2715 1639 2777 sese,
1665 2691 1754 2761 alter
1769 2690 1913 2763 alterius
1927 2692 2098 2784 exemplo,

452 2778 502 2925 i
691 2807 701 2837 '
1035 2799 1055 2812 “

1106 2790 1148 2865 ad
1171 2795 1337 2887 pictatem
1356 2796 1642 2868 accenderentur.
1692 2791 1836 2864 Nullius
1852 2794 1904 2862 rei
1919 2818 2025 2885 quam
2041 2816 2098 2865 sa·

59 2852 125 2925 mli
145 2852 372 2953 “mh'‘’ribus
386 2852 454 2955 ‘lui
479 2879 542 2924 “m
559 2851 670 2948 “fidi
686 2851 864 2958 d⁶s⁶⁶l¹¹sl
874 2856 968 2947 “ln'’
993 2869 1054 2931 ⁰²*
1106 2921 1246 2968 orarum
1261 2896 1446 2969 literarum
1463 2897 1579 2968 maior
1597 2920 1680 2967 cura
1697 2909 1781 2969 erat.
1833 2894 2010 2965 Tentabat
2027 2891 2097 2977 hoc

60 2952 241 3028 tendentes
252 2953 447 3055 spiritibus
458 2956 593 3029 erroris
608 2966 639 3029 ct
654 2955 831 3031 doctrinis
840 2956 1054 3034 daemonio-

61 3078 146 3147 rum,
162 3056 205 3129 in
219 3052 412 3156 hypocrisi
423 3056 648 3159 loquentium
663 3058 904 3146 menducium,
919 3073 951 3133 et
966 3084 1054 3135 tuu-

60 3157 231 3231 tcriatam
247 3154 461 3230 habentium
480 3160 755 3245 conscientiam,
778 3159 1053 3262 prohibentium

61 3258 199 3333 nubere.
272 3258 433 3334 Obsecro
466 3265 553 3357 quid
581 3267 679 3336 aliud
709 3282 829 3338 monet
850 3262 1053 3360 Apostolus,

61 3362 162 3457 quani
176 3364 276 3449 lore,
301 3379 341 3434 ut
357 3389 422 3457 per
436 3360 611 3435 humanas
633 3367 859 3455 traditiones,
883 3394 946 3461 per
959 3386 1053 3457 vota,

61 3488 117 3557 per
129 3464 366 3545 coelibatum,
392 3492 483 3561 quae
497 3470 648 3559 speciem
664 3470 805 3561 pietatis
821 3466 963 3558 habent,
985 3496 1053 3542 no-

62 3564 147 3685 l'l’.²
162 3566 299 3639 &¹³⁰³
321 3567 518 3689 illudam?
566 3569 689 3690 Nessa?
715 3566 817 3692 enim·
834 3574 974 3675 ⁵3⁰⁰r‘ll
994 3575 1053 3644 3¹¹·
1103 3588 1237 3682 nebant
1255 3606 1313 3707 2’);
1348 3610 1411 3705 qui
1439 3607 1684 3689 donabantur,
1721 3607 1867 3677 illorum
1895 3607 2097 3678 beneficen-

64 3668 222 3753 adlatur,
248 3684 422 3761 quantum
438 3670 589 3764 periculi
605 3687 650 3742 s1t
671 3698 710 3742 m
730 3673 916 3751 coelibatu.
962 3674 1053 3745 Pro·
1104 3712 1190 3781 ,iam
1216 3728 1314 3805 gram
1336 3726 1477 3807 Pectore
1502 3709 1814 3801 amplecmbamur·
1883 3703 2002 3803 Atque
2025 3704 2096 3781 hoe

1103 3837 1214 3905 genus
1239 3814 1369 3909 reliqui
1395 3828 1478 3884 sunt
1505 3806 1622 3882 adhuc
1650 3808 1875 3883 Benedictini
1900 3807 2097 3885 Beruardi·

1103 3916 1230 4012 nique,
1253 3916 1337 3987 item
1352 3911 1591 3987 Chartusiani.

1205 4016 1346 4107 Quaeso
1361 4034 1411 4104 te,
1435 4029 1678 4108 paupertatem
1697 4038 1821 4100 vocas,
1845 4014 1910 4085 ubi
1932 4012 2094 4085 omnium

1102 4144 1222 4191 rerum
1238 4121 1380 4190 abunde
1391 4118 1475 4187 satis
1490 4131 1558 4202 est,
1585 4116 1693 4211 idque
1713 4116 1826 4186 aliena
1842 4114 2095 4186 beneficentia?

1103 4216 1203 4311 Quin
1218 4235 1258 4297 tu
1269 4222 1380 4311 magis
1397 4244 1521 4291 eorum
1532 4231 1773 4311 paupertatem
1790 4218 1896 4287 lauda
1910 4212 1953 4315 ²¹)
1969 4212 2094 4287 Evan-

1101 4314 1265 4415 gelicam,
1297 4323 1359 4419 qui
1379 4324 1577 4406 donarunt3
1611 4344 1657 4388 ne
1679 4319 1767 4388 iacta
1786 4334 1882 4391 tuam
1904 4333 2094 4413 pauperta-

1100 4439 1189 4511 tem,
1232 4424 1295 4520 qui
1322 4423 1451 4495 frueris
1480 4422 1626 4492 illorum
1658 4420 1830 4492 beneficio
1860 4420 2093 4497 liberalitatis.

1104 3102 1220 3171 tiones
1243 3103 1481 3194 postulabant.
1543 3096 1651 3170 Hunc
1673 3097 1873 3169 convictum
1900 3096 1979 3193 quis
1997 3112 2097 3191 putet
2143 3158 2147 3165 .

1105 3202 1186 3272 illos
1211 3218 1452 3295 paupertatem
1478 3200 1643 3271 vocasse?
1691 3198 1778 3270 Post
1794 3194 1987 3290 Augustini
2006 3214 2097 3271 tem-

1104 3408 1284 3478 donarunt
1298 3406 1350 3498 pii
1364 3407 1537 3501 quaedam
1551 3401 1732 3474 Coenobia
1747 3404 1856 3494 a'gris,
1881 3428 2004 3490 censu,
2026 3429 2097 3474 un-

1104 3510 1149 3578 de
1163 3509 1354 3583 viveretur.
1403 3505 1499 3578 Laus
1511 3506 1628 3577 omnis
1642 3518 1717 3576 erat
1731 3506 1826 3599 apud
1845 3529 1923 3590 eos,
1950 3505 2012 3600 qui
2029 3502 2097 3576 do-'

65 3870 318 3963 expeditissime
337 3874 380 3942 ad
393 3867 576 3944 Christum
593 3877 817 3967 pervenitur,
843 3878 929 3948 nolo
949 3902 1054 3969 prae-

64 3968 140 4041 ferri
160 3986 287 4042 nostro
307 3988 464 4045 vestrum
487 3974 580 4045 illud
605 3990 678 4046 tam
694 3978 798 4047 certis
813 4002 853 4048 ac
867 3980 975 4048 variis
988 4004 1052 4072 pe-

72 4496 160 4548 tursu
175 4504 218 4549 ex
238 4479 440 4550 clarissimis
458 4482 606 4575 plurimi
626 4485 828 4559 defecerint.
876 4483 1048 4578 Expende

72 4576 228 4651 rationem
242 4594 453 4673 temporum,
478 4609 568 4677 quae
585 4587 706 4654 omnia
721 4600 868 4657 monent
884 4585 939 4685 ²⁰),
959 4612 1048 4681 pru-

75 4674 178 4751 denter
205 4682 434 4772 deligendum
463 4709 536 4755 esse
555 4687 648 4754 vitae
676 4710 803 4778 genus,
837 4711 903 4758 nec
928 4691 1045 4761 statim
1148 4706 1194 4773 α)
1214 4700 1500 4773 nattu21tlet.opp.:
1523 4698 1679 4761 ..nulline

76 4784 151 4866 quod
165 4782 494 4875 splendidissimum
510 4801 561 4856 est
575 4789 684 4878 arripi
701 4791 845 4873 dehere,
870 4791 930 4858 sed
948 4793 1044 4886 quod
1147 4791 1193 4859 2³)
1209 4791 1281 4857 um]
1301 4788 1362 4842 eod.
1379 4785 1477 4841 Getae
1497 4790 1737 4881 „paupertatem”

1148 4874 1196 4943 24)
1214 4872 1359 4940 coenobia]
1379 4892 1404 4926 c.
1417 4869 1468 4924 Ga
1485 4888 1609 4941 ..pesum
1626 4869 1786 4927 coenobia.''

1147 4964 1192 5031 25)
1209 4960 1328 5026 tantum]
1348 4956 1416 5011 Mel.
1431 4974 1510 5027 opp:
1530 4959 1673 5015 „tamem”

1146 5048 1192 5116 26)
1210 5044 1291 5111 ratio]
1309 5062 1334 5097 c.
1351 5040 1403 5095 (λε
1423 5078 1440 5103 .,
1447 5037 1552 5093 vivendi
1567 5035 1665 5091 ntiae·

1147 5133 1191 5201 π)
1210 5129 1278 5181 Laus
1298 5124 1388 5179 omnis
1406 5152 1441 5166 -
1459 5120 1608 5191 donabant]
1635 5120 1673 5174 lta
1692 5140 1717 5177 c.
1736 5122 1773 5178 G.
1807 5122 1926 5193 (Desunt
1946 5124 2043 5185 bacea
2059 5142 2087 5186 «ι

1197 5218 1213 5253 e
1233 5194 1325 5251 istolae
1346 5193 1465 5266 primum
1487 5191 1573 5247 editae
1588 5200 1614 5242 et
1629 5188 1698 5245 Mel.
1711 5211 1776 5265 opp.
1817 5193 1911 5267 Neque
1925 5195 1954 5249 in
1967 5194 2084 5254 Geram.

1197 5286 1290 5322 mcum
1306 5262 1435 5318 translata
1451 5269 1523 5315 sunt.
1558 5258 1604 5326 F.)

77 4883 227 4967 tptimum
246 4898 281 4955 et
302 4888 540 4979 aptissimum,
564 4891 716 4958 maxime
738 4916 818 4960 cum
838 4893 979 4962 nullum
1000 4894 1046 4964 sit

77 4977 146 5053 Vitae
171 5009 303 5089 genus,
334 4991 430 5081 quod
451 4990 524 5060 suis
547 5006 662 5061 careat
683 4988 724 5086 ²¹)
746 4992 921 5085 periculis.
979 4990 1044 5066 Est

79 5170 321 5199 ·-—-...
356 5178 361 5185 .

114 5282 150 5353 19)
166 5284 280 5355 volgato
312 5284 384 5345 Mel.
397 5304 462 5359 ⁰Pl'·
475 5286 835 5419 Nilillle„eulguln⁹ll¹ll⁸mn
870 5289 904 5345 F·
1145 5354 1190 5423 23)
1208 5350 1297 5419 huda]
1323 5347 1392 5402 Mel.
1412 5364 1494 5420 opp:
1521 5334 1670 5409 „laudes”
1713 5342 1765 5414 (tta
1787 5355 1814 5402 et
1831 5346 1944 5421 epistola
1963 5350 2085 5426 primum

1364 5481 1458 5559 ts·

1105 2999 1198 3070 vitae
1213 3023 1325 3090 genus
1338 2998 1542 3095 quisquam,
1567 3023 1649 3067 cum
1662 3021 1744 3068 suae
1761 3021 1842 3067 cum
1860 2996 2023 3088 publicae
2038 3022 2098 3067 ra-
2205 3062 2209 3073 ,

1103 3329 1207 3395 pora,
1250 3329 1358 3398 quom
1385 3304 1454 3374 iam
1480 3297 1654 3372 Monachi
1678 3302 1937 3397 frequentiores
1971 3316 2097 3389 essent,
2214 3344 2219 3353 ·
