4500 5782
57 238 118 311 ttt
638 227 1071 305 EPISTOLARUM
1120 225 1226 301 LIB.
1251 222 1305 301 tt*
1331 264 1336 279 ·
1365 223 1492 299 152⁰.
1541 338 1549 355 .
2005 228 2082 301 222

54 406 179 481 ambitu
192 404 308 477 lactus
326 428 384 487 es,
407 403 533 475 iccirco
555 419 736 475 accusatus
757 416 792 473 et
812 402 939 473 merito
956 426 1043 473 con·
1094 401 1246 470 divinae·
1259 413 1432 471 secretum
1451 400 1531 495 quis
1551 402 1733 471 advertere
1750 398 1898 492 poterit,
1923 399 2019 493 quod
2042 397 2084 469 in

52 512 230 583 damnatus
240 506 401 600 quietem
417 530 491 577 nou
508 508 666 589 invenis,
696 505 824 575 iccirco
840 529 956 597 neque
970 503 1044 599 Py·
1094 503 1397 596 quinquagenario
1414 502 1635 573 Pentecostes
1661 526 1810 572 numero
1837 501 2085 593 absconditum

51 608 247 703 thsgoricus
276 632 398 702 neque
427 609 543 679 houm
569 604 795 678 Christianus
826 601 970 676 habitus
996 630 1043 691 es,
1096 628 1212 697 neque
1232 599 1371 690 Arius,
1397 628 1513 698 netpre
1537 603 1788 688 Macedonius,
1818 627 1934 697 neque
1955 599 2083 671 Nesto-

50 738 110 785 nec
133 734 298 805 uuquam
324 710 397 779 uisi
422 724 535 780 taceas
560 723 594 779 ct
627 710 810 801 resipiscas
844 704 1042 780 habeberis.
1093 708 1200 791 rius,¹
1226 730 1342 800 neque
1372 708 1613 776 inconstantes
1636 704 1764 775 Gracci
1796 700 1913 775 adhuc
1945 702 2083 796 perspi-

51 814 216 899 Vidistis,
227 810 431 903 Principes,
446 825 618 904 quautam
634 812 694 881 isti
708 811 880 881 audaculo
893 806 1043 895 homini,
1094 832 1172 877 cere
1193 810 1411 899 potuerunt?
1463 807 1506 877 ld
1528 808 1613 877 iero
1637 822 1703 878 est:
1731 806 1905 899 Spiritum
1923 819 2084 876 sanctum

50 916 104 989 rui
124 930 224 987 certe
243 914 333 1007 plus
343 915 522 1006 potentiae
535 927 598 983 aut
611 914 731 983 miuus
745 912 855 981 animi
872 914 1043 981 debuerat
1091 908 1214 981 Deum·
1237 910 1365 979 iccirco
1391 910 1684 1003 qrtiuquagesi-mo
1712 910 1771 978 die
1797 910 1963 992 missum,
1992 921 2035 978 ut
2057 902 2083 977 a

47 1018 258 1107 contigisse,
288 1015 461 1101 obfuerit,
484 1011 733 1107 philosophiae
750 1014 897 1083 moralis
918 1027 954 1084 et
969 1012 1041 1107 Py-
1091 1010 1196 1083 Patre
1219 1027 1253 1082 et
1270 1010 1364 1081 Filio
1385 1012 1715 1103 illum-procedere,
1747 1012 1852 1080 claris
1878 1016 2085 1099 agnoscere·

47 1114 252 1211 thagoricae
268 1118 467 1188 modestiae-
480 1131 715 1207 contemptus:
739 1140 836 1185 nunc
858 1140 965 1209 quam
983 1116 1042 1183 in·
1092 1137 1173 1183 mus
1190 1114 1342 1187 iudiciis.
1373 1111 1524 1183 Divinas
1539 1108 1635 1183 enini
1649 1136 1818 1207 personas
1832 1111 1972 1181 circulis
1986 1114 2084 1181 com-

48 1234 150 1313 grata
174 1219 353 1313 reliquam
380 1214 644 1311 philosophiam
665 1213 883 1307 'l'heologiae
909 1229 1040 1309 pestem
1090 1210 1623 1311 pararidriopagitaDionysius
1637 1218 1840 1298 testabatur,
1849 1238 1964 1308 ¹quom
1975 1212 2025 1282 sic
2039 1214 2085 1281 de

48 1322 220 1417 appellet,
246 1320 432 1391 intendite.
481 1317 600 1413 Atque
615 1333 656 1389 ut
676 1318 909 1409 cognoscatis,
935 1344 1041 1411 quam
1092 1316 1383 1409 Spiritus-sancti
1405 1319 1586 1387 maiestate
1605 1320 1646 1386 in
1668 1310 1849 1399 amatoriis
1866 1318 2084 1385 decantaret:

49 1425 106 1517 pie
119 1438 158 1495 ct
171 1422 287 1494 amice
301 1446 380 1491 cum
397 1422 461 1491 illo
475 1445 577 1512 agere
592 1421 710 1505 velim,
723 1419 857 1491 Divmn
870 1420 1041 1510 Augusti·
1056 1456 1059 1463 ·
1089 1415 1374 1487 Divinusamor
1388 1416 1545 1489 circulus
1558 1414 1609 1488 ast
1622 1416 1738 1489 bonos
1751 1442 1777 1487 a
1788 1415 1883 1487 borio
1894 1416 1933 1485 in
1948 1414 2083 1485 deinum

50 1551 154 1608 num,
179 1547 296 1618 aquo
311 1546 349 1593 se
365 1519 666 1613 Augustinianum
679 1537 800 1606 vocat,
824 1516 1040 1605 sciscitabor,
1089 1518 1491 1618 perpetuu-'revolutum
1536 1522 1597 1592 stc
1621 1522 1727 1591 etiam
1746 1516 2003 1613 Xenophanes,
2034 1518 2084 1587 sic

45 1628 229 1699 hfldsme
276 1648 323 1695 an
365 1626 498 1695 reliciat
545 1620 771 1717 philosophia
805 1624 837 1693 T
839 1620 1040 1713 heologum.
1092 1620 1295 1706 sarraceni,
1333 1624 1384 1691 sic
1413 1624 1480 1692 alii·
1511 1626 1561 1694 lex·
1577 1624 1708 1693 nostris
1739 1636 1885 1715 propter
1912 1621 2086 1691 infinitio-

48 1724 96 1801 Εἰ
121 1726 299 1823 quoniam
324 1724 574 1797 sanctissimus
601 1741 635 1796 et
663 1725 922 1796 eruditissimus
943 1723 1041 1795 Pon·
1092 1725 1149 1793 nis
1181 1722 1452 1794 similitudinem
1485 1722 1603 1795 Deum
1643 1726 1817 1795 circulum
1850 1725 2086 1817 appellarunt.

50 1830 133 1903 :iter
147 1852 276 1901 omnes
290 1828 454 1899 scientias
476 1842 624 1898 noverat
639 1842 744 1921 atque
764 1828 838 1896 fere
859 1830 904 1896 de
922 1828 1041 1897 omni·
1091 1822 1318 1897 Arithmetici
1358 1840 1486 1896 autem.
1518 1826 1647 1917 viginti
1684 1828 1842 1921 quinque
1878 1826 2087 1894 circularem

49 1930 280 2023 busseripsit,
297 1930 382 1999 uolo
399 1954 441 1999 ex
454 1930 505 1999 eis
519 1925 608 1998 mihi
624 1930 802 2020 opusculis
819 1931 1041 2020 respondeat,
1092 1928 1281 1998 numerum
1291 1928 1378 1997 ideo
1399 1941 1558 2012 censent,
1584 1930 1680 2021 quod
1703 1952 1744 1998 ex
1768 1928 1934 2021 quinario
1955 1926 1995 1995 in
2015 1926 2087 1995 cir-

51 2033 249 2127 h-quibus
275 2032 433 2101 fortassis
457 2025 702 2122 philosophiae
729 2054 866 2099 morem
896 2031 1040 2119 gessisse
1092 2028 1164 2099 culi
1196 2053 1333 2098 morem
1355 2024 1636 2122 ¹multiplicetur,
1668 2056 1778 2124 quum
1803 2031 1996 2099 abeodem
2022 2051 2088 2119 per

52 2136 229 2205 ridentur:
255 2134 371 2201 sedex
390 2133 462 2201 illis
478 2132 575 2223 ipsis,
595 2156 697 2225 quae,
719 2146 759 2201 ut
773 2154 891 2201 sacrae
902 2134 1040 2201 litterae
1093 2132 1260 2201 idemmet
1283 2132 1448 2201 redeatur
1461 2134 1506 2201 ad
1524 2133 1638 2215 idem,
1664 2134 1751 2203 dum
1770 2131 1959 2225 quinquies
1978 2131 2087 2224 quin·
2111 2136 2121 2145 ’

53 2236 307 2325 intelligantur,
325 2235 535 2325 composuit,
551 2258 622 2325 quo
639 2234 688 2302 sic
707 2234 828 2303 nullus
843 2232 1040 2303 calunniae
1092 2258 1161 2325 que
1176 2233 1302 2321 viginti
1316 2234 1474 2327 quinque
1491 2228 1707 2324 parturiunt.
1759 2233 1862 2305 Unus
1878 2228 1960 2321 'ergo
1978 2230 2087 2323 quin-

54 2339 148 2409 buu
184 2338 304 2411 detur.
378 2331 434 2405 Ex
468 2337 624 2405 secundo
660 2335 769 2423 igitur
801 2337 845 2404 de
868 2333 1040 2405 Doctrina
1092 2335 1332 2429 quageuarins·
1344 2328 1430 2405 dum
1448 2358 1489 2403 ex
1504 2336 1560 2405 bis
1571 2336 1699 2425 viginti
1719 2336 1879 2428 quinque
1892 2331 2087 2418 coniicitur,

54 2434 255 2519 Christiana
268 2438 475 2529 respondet,
496 2437 714 2507 naturalium
735 2436 855 2506 rerum
872 2438 1041 2525 ignoran-
1092 2438 1183 2506 duos
1209 2436 1247 2504 in
1273 2460 1310 2505 se
1334 2432 1486 2507 circulos
1510 2439 1685 2507 continet:
1713 2453 1749 2508 et
1766 2436 1921 2529 Spiritus
1944 2448 2087 2505 sanctus

54 2540 152 2625 dam,
170 2554 220 2611 -ut
231 2538 487 2623 animantium,
513 2535 705 2609 herbarum
720 2551 756 2608 et
775 2538 954 2629 lapidum,
985 2539 1041 2607 di·
1092 2538 1384 2631 quiuquagesimo
1409 2539 1470 2609 die
1494 2539 1625 2608 missus
1654 2552 1721 2623 est,
1755 2540 1857 2633 quasi
1884 2562 1925 2607 ex
1945 2538 2087 2607 (luobus

54 2642 218 2715 vinorum
242 2640 420 2711 librorum
443 2641 682 2729 cognitionem
704 2662 819 2733 quam
846 2639 1042 2731 plurimum
1092 2641 1253 2726 circadis,
1276 2654 1317 2709 ut
1331 2662 1431 2710 suam
1447 2654 1625 2710 aeternam
1641 2642 1919 2734 processionem,
1940 2662 2032 2733 quae
2049 2639 2086 2707 in
2231 2714 2235 2725 ‚

55 2743 236 2837 inpedire.
298 2740 392 2811 Nam
413 2742 478 2835 qui
498 2742 670 2833 serpentis
699 2756 864 2812 naturam
891 2742 1041 2831 ignorat,
1092 2738 1339 2825 haemissione
1355 2742 1533 2813 clauditur
1547 2766 1588 2813 ex
1604 2744 1744 2813 duabus
1757 2741 1922 2835 ¹personis
1939 2741 2087 2826 divinis,
2210 2762 2213 2767 ·

55 2844 231 2939 qmmodo
256 2866 419 2923 sensum,
444 2868 514 2937 quo
531 2842 709 2914 Dominus
728 2844 828 2913 iubet
849 2846 1042 2935 pnrdentes
1093 2850 1240 2937 etpatre
1256 2859 1291 2915 et
1305 2844 1382 2912 lilio
1389 2840 1595 2937 3-3tanquam
1611 2846 1656 2914 ab
1669 2869 1743 2914 uno
1763 2860 1880 2915 tamen
1897 2843 2087 2935 principio,

55 2968 205 3023 messe
219 2944 312 3016 sicut
326 2959 515 3036 serpentes,
535 2944 732 3033 intelliget?
769 2944 886 3015 Multa
906 2946 1041 3015 ibidem
1093 2970 1171 3014 uon
1191 2947 1350 3029 duobus,
1382 2942 1724 3038 tissa-perpenderes.
1791 2941 1938 3015 Auxilio
1968 2946 2087 3037 itaque

55 3048 118 3121 tlie
133 3046 294 3138 exempla
311 3048 496 3135 leguntur,
521 3048 650 3140 quibus
666 3044 801 3115 Ductor
820 3047 1042 3117 beatissimus
1093 3042 1529 3137 Arithmeticae'Spiritum
1544 3062 1703 3118 sanctum
1718 3048 1896 3117 inlinitum
1912 3043 2087 3115 circulum

55 3150 182 3241 prebat,
210 3147 409 3221 naturalem
437 3144 703 3241 philosophiam
739 3144 1042 3217 mathematicam·
1094 3172 1134 3217 ex
1154 3150 1296 3217 duobus
1315 3149 1498 3216 immensis
1524 3163 1558 3218 et
1576 3144 1994 3241 incomprehensibilibus
2016 3148 2087 3215 cir-

56 3274 119 3345 pso
133 3246 332 3339 Theologis
347 3274 452 3343 qnam
473 3250 625 3319 maxime
646 3249 888 3321 necessariam.
937 3246 986 3319 Et
1000 3263 1042 3319 ut
1093 3249 1182 3318 culis
1195 3272 1359 3319 mnanare
1376 3250 1553 3338 cognovi·
1588 3248 1709 3320 Vultis
1732 3266 1848 3320 autem
1871 3252 1915 3318 de
1940 3262 2082 3319 natura

55 3351 199 3423 sartura
232 3351 300 3421 ista
335 3352 544 3436 reddamus,
591 3351 754 3443 quisnam
792 3344 1041 3420 Astronomiae
1092 3351 1189 3420 libus
1198 3346 1371 3420 nonnihil
1387 3351 1543 3420 breviter
1557 3352 1768 3422 afferamus?
1817 3350 1910 3441 Quis
1923 3374 1989 3443 per
2002 3352 2087 3421 vul·

55 3474 170 3547 epm
187 3466 330 3525 tuntum
351 3453 422 3522 sibi
442 3467 599 3542 arroget,
624 3466 666 3521 ut
679 3453 769 3521 illud
793 3452 1039 3541 patientissimi
1091 3476 1163 3544 pes,
1178 3476 1267 3545 quas
1281 3450 1481 3522 inCanticis
1498 3464 1626 3545 sp'onsa
1640 3456 1718 3547 capi
1733 3456 1842 3541 iubet,
1857 3457 1953 3547 quod
1964 3454 2086 3522 vineas

55 3550 113 3627 lob
132 3576 171 3625 se
188 3576 294 3647 posse
313 3552 487 3645 explicare
509 3555 716 3623 contendat:
759 3546 840 3648 Qui
848 3551 951 3652 soci?
968 3549 1040 3622 Ar·
1092 3552 1350 3638 demoliantur,
1375 3556 1469 3625 etad
1489 3580 1639 3651 qtranrm
1657 3558 1794 3627 iunctas
1815 3559 1943 3626 caudas
1961 3556 2086 3644 alliga-

54 3664 200 3737 drm,
213 3662 255 3725 el
266 3646 425 3741 Oriona,
444 3648 650 3750 etHyodas
665 3662 698 3725 et
714 3651 1040 3730 interioroAustn'.
1092 3658 1138 3729 tis
1163 3657 1305 3727 facibus·
1323 3655 1462 3726 Sanson
1480 3650 1757 3729 Philistiuorum
1784 3673 1915 3749 segetes
1939 3680 2086 3727 concre-

54 3754 203 3849 llagnus
224 3750 432 3850 Gregorius
452 3758 492 3825 in
517 3752 713 3827 moralibus
740 3773 1040 3849 praemonstratus
1092 3758 1213 3842 mavit,
1229 3759 1321 3852 quis,
1338 3759 1496 3851 inquam,¹
1510 3784 1575 3850 per
1588 3755 1673 3829 haec
1688 3760 2085 3851 animalia-praesignari

52 3852 106 3931 tis.
125 3858 242 3931 nattis
262 3872 436 3953 martyres
461 3859 566 3929 bonis
588 3859 787 3930 rationibus
808 3860 947 3946 docuit,
978 3864 1040 3931 sed
1092 3856 1263 3929 hereticos
1291 3860 1439 3943 diceret,
1471 3860 1542 3929 nisi
1565 3862 1627 3953 qui
1647 3864 1743 3953 apud
1763 3842 2001 3955 Philosdphos
2027 3863 2086 3929 iu-

51 3962 144 4053 prius
167 3958 337 4033 coelestes
357 3976 475 4033 motus
495 3961 785 4050 vigilantissimus
805 3958 928 4052 pastor
953 3986 1040 4031 con·
1091 3961 1251 4050 geniosas
1274 3962 1436 4054 quidem,
1467 3962 1527 4031 sed
1550 3964 1795 4034 fraudulentas
1819 3978 1854 4033 et
1872 3958 1965 4035 rec'ta
1987 3986 2085 4032 nun-

52 4064 235 4155 tcmplatus
255 4075 324 4131 est:
361 4056 475 4132 Amos
489 4057 700 4155 prophetam
718 4062 893 4143 imitatus,
919 4065 981 4156 qui
1003 4072 1039 4133 e't
1091 4086 1198 4155 quam
1226 4063 1285 4131 via
1304 4064 1516 4131 ·incedentes
1545 4064 1670 4154 rudpes
1699 4066 1861 4155 legisset?
1922 4064 2013 4153 Quis
2045 4063 2083 4132 in

53 4162 120 4255 ipse
144 4176 268 4255 pastor
287 4164 370 4234 licet
388 4177 423 4234 et
442 4165 611 4248 rusticus,
637 4188 717 4233 cum
739 4162 816 4233 Deo
840 4164 939 4256 loqui
962 4188 1039 4233 me-
1090 4162 1210 4233 Leone
1234 4166 1279 4231 de
1299 4162 1504 4233 tribu-luda
1526 4156 1728 4247 Christum,
1763 4182 1798 4237 at
1820 4168 1857 4235 in
1877 4165 2000 4236 leone
2019 4190 2084 4235 ru-

51 4266 131 4336 mit:
156 4266 377 4337 uiuendum
391 4266 487 4355 gregi
502 4265 674 4355 invigilat,
689 4266 827 4335 coelum
845 4266 1036 4359 aliquando
1089 4266 1207 4355 giente
1219 4262 1520 4335 cacodaemonem
1544 4268 1682 4352 videat,
1712 4270 1781 4337 nisi
1805 4270 1868 4362 qui
1887 4270 2083 4339 contrarias

51 4364 220 4449 intuetur,
248 4380 498 4459 armatumque
525 4392 614 4436 auro
635 4368 873 4457 circumspicit
886 4362 1036 4441 Oriona.
1090 4368 1128 4434 in
1149 4366 1271 4435 Leone
1296 4368 1498 4437 affectiones
1530 4368 1721 4460 inspexerit
1767 4386 1801 4440 et
1832 4371 2027 4463 aliquando
2061 4394 2083 4440 a

52 4464 143 4555 Quid
167 4468 384 4537 numerandi
406 4468 589 4538 scientiam
617 4469 809 4538 advocem?
860 4465 1035 4538 Omittom
1088 4463 1316 4560 Philosophis
1354 4469 1570 4558 distinguere
1606 4472 1796 4543 didicerit?
1860 4470 1953 4561 Quis
1987 4475 2083 4566 apud

51 4562 230 4639 Platonem
251 4568 292 4637 in
305 4564 540 4660 Epinomide,
562 4570 624 4663 qui
638 4565 819 4639 homiuem
834 4570 1036 4640 illum-cen·
1087 4566 1302 4661 Prophetam
1326 4568 1511 4647 Danielem
1541 4571 1728 4642 Persarum
1760 4573 1895 4665 Regem
1928 4572 2081 4645 Darium

52 4684 96 4741 tet
111 4671 289 4763 optimum
311 4683 418 4763 atque
437 4672 756 4763 sapientissimum,
785 4674 848 4765 qui
867 4697 1036 4743 numeros
1086 4696 1151 4761 per
1172 4672 1334 4757 arietem,
1374 4667 1618 4744 Alexandrum
1653 4700 1739 4746 vero
1760 4674 1995 4747 Macedonem
2018 4672 2082 4769 p'er

54 4784 173 4845 mscet.
225 4768 310 4841 Nou
323 4773 496 4842 adducam
510 4770 746 4866 Babylonios,
765 4775 826 4865 qui
844 4776 1034 4845 cumdice-
1087 4768 1225 4843 hircum
1248 4777 1438 4847 monstrari
1464 4776 1620 4847 neseiat?
1676 4777 1756 4867 Qua
1782 4793 1900 4849 tamen
1928 4781 2079 4864 ratione,

53 4870 132 4943 brut
147 4873 268 4943 omnia
284 4873 385 4956 scire,
405 4874 468 4967 qui
487 4898 675 4945 numerare
688 4876 878 4946 didicisset.
921 4874 1035 4949 lstius
1087 4900 1155 4967 qua
1172 4875 1423 4962 similitudine,
1440 4879 1476 4945 'si
1491 4870 1698 4965 ¹cognovisse
1713 4884 1839 4965 libeat,
1864 4878 1992 4952 honam
2015 4898 2080 4949 rra-

55 4974 350 5043 enirnartislineru
360 4978 561 5047 statuebant
575 4978 620 5045 ad
637 4978 855 5047 occultorum
873 4980 1032 5048 omnium
1085 4992 1202 5047 turam
1215 4972 1533 5049 animalium-eunt
1550 4976 1779 5075 Philosophis
1795 4984 1917 5052 rimari
1938 4974 2078 5051 necesse

53 5092 88 5141 ee
113 5074 329 5147 divinorum
368 5078 522 5147 maxime
552 5076 791 5167 cognitionem
820 5082 1032 5171 pertingere.
1085 5094 1152 5149 est:
1185 5094 1291 5172 atquc
1311 5096 1396 5152 tunc
1417 5082 1567 5151 maxime
1592 5080 1690 5173 (licet
1711 5082 1910 5153 Martinus
1932 5068 2078 5153 succen-¹

56 5170 103 5245 dd
120 5192 237 5249 noma
255 5177 400 5249 veniam
422 5194 457 5251 et
478 5203 552 5249 uno
575 5194 713 5252 tautum
732 5176 955 5253 Christianae
980 5184 1032 5252 le-
1084 5180 1172 5276 seat)
1188 5181 1430 5273 Peripateticis
1445 5186 1498 5255 uti
1514 5184 1819 5269 distinctionibus,
1847 5209 1958 5277 quum
1979 5188 2074 5277 apud

10 5308 18 5374 i
57 5274 266 5373 tisercmplo
280 5282 485 5366 ostendam,
510 5284 607 5375 quod
629 5282 721 5356 dico.
773 5281 855 5373 Quo
877 5309 1031 5379 namque
1082 5281 1212 5354 Mosen
1227 5278 1346 5355 hircus
1361 5286 1578 5378 ille'peccata
1592 5288 1718 5379 populi
1733 5301 1878 5379 portans
1894 5286 1933 5357 in
1949 5288 2076 5359 solitu-

10 5409 14 5423 ¹
59 5392 142 5463 terto
166 5382 243 5453 sine
265 5376 502 5454 Arithmetica
524 5406 693 5473 maguum
711 5385 807 5455 illud
839 5388 1031 5479 sapientiae
1082 5385 1201 5454 dinem
1228 5382 1411 5458 Christum
1442 5388 1651 5472 ostenderit,
1694 5390 1757 5482 qui
1788 5404 1969 5483 peccatum
1999 5414 2072 5459 non
