4500 5782
118 225 187 300 nr
343 203 346 208 ’
551 214 555 221 “
710 217 1561 299 eeterotettunntu.1t.1seo.
2085 229 2157 303 ns

211 395 337 468 Porro.
353 393 539 467 Christum
563 419 639 465 nun
660 395 915 489 repraesentari
940 395 986 465 ab
1012 391 1112 465 Aha-
1162 416 1217 462 res
1243 391 1359 478 era'nt,
1392 388 1445 463 lta
1465 393 1532 463 sub
1546 388 1689 464 Christo
1715 420 1789 466 non
1807 412 1914 491 queat
1934 400 2070 471 anteire
2085 398 2155 470 ee

110 522 197 573 runc
233 501 284 569 sic
320 498 479 589 colligis:
545 489 696 566 Pariter
730 489 905 567 Christus
941 505 993 565 est
1035 504 1110 564 tum
1162 510 1238 566 trus
1255 496 1412 590 reliquos
1428 490 1636 587 Apostolos,
1660 511 1722 567 aut
1736 493 1949 592 Episcopus,
1975 502 2036 571 sed
2052 525 2154 593 pares

112 596 360 696 Synagugae‚
394 608 469 667 turre
499 593 690 667 Ecclesiae
719 607 837 695 caput.
902 591 1110 692 Synagoga
1162 620 1235 666 esse
1261 599 1361 668 decet
1381 621 1505 667 omnes
1526 598 1593 669 sub
1614 592 1758 669 Christo
1781 596 1988 694 Episcopus.
2039 601 2153 675 Utin

112 694 245 772 tabuit
267 695 481 792 Pontificem
507 709 653 797 praeter
674 691 884 779 Christum,
907 696 1049 793 'Igitur
1079 708 1111 769 et
1160 713 1278 768 sancta
1296 715 1499 769 sanctorum
1516 699 1655 789 ingredi
1669 723 1744 769 nun
1757 701 1903 787 licebat,
1926 703 1997 772 nisi
2012 727 2151 776 summu

113 799 323 874 Ecclesiam
353 826 489 873 neeesse
517 811 569 873 est
601 795 736 872 hebere
766 794 978 893 Pontificem
1002 825 1113 899 prce-
1158 798 1340 884 Pontifici,
1385 798 1436 870 lta
1465 801 1504 869 in
1527 816 1646 873 sancta
1671 816 1812 872 aeterna
1834 804 1880 873 ad
1900 819 2034 895 patrem
2055 807 2151 878 sulus

114 914 165 975 ter
180 897 388 975 Christum.
439 903 522 974 Non
543 906 691 975 obscure
712 905 867 975 arbitror
893 904 960 973 tibi
981 919 1111 996 patere,
1159 897 1322 972 Christus
1339 902 1554 991 ingreditur,
1579 916 1612 973 et
1628 903 1768 973 victima
1787 921 1821 976 et
1839 908 2000 976 sacerdos
2022 931 2151 998 expur-

114 1008 265 1080 candide
277 1006 548 1098 Lecton-qnam
563 1031 637 1076 non
657 1007 837 1096 intellegat
851 1031 965 1099 neque
976 1004 1111 1077 Leviti-
1158 1025 1244 1092 gans
1267 1005 1404 1073 animos
1424 1018 1575 1079 nostros.
1627 1002 1716 1074 Item
1738 1019 1778 1076 ut
1790 1005 1935 1077 Levitae
1958 1009 1997 1077 in
2021 1010 2150 1079 summi

114 1134 206 1194 curn,
222 1133 339 1202 neque
347 1104 482 1177 Christi
495 1109 741 1192 sacerdotium,
757 1110 817 1201 qui
828 1109 877 1178 sic
887 1122 1110 1197 argumenta·
1159 1107 1349 1176 sacerdotis
1371 1106 1567 1177 ministerio
1593 1106 1690 1176 varie
1704 1101 1747 1201 ²⁸)
1770 1123 1889 1194 crant,
1914 1110 1962 1178 ita
1980 1105 2150 1203 Episcopi

115 1227 182 1283 tur.
239 1207 352 1303 Atqui
375 1204 564 1301 hancrem
584 1234 658 1279 nun
681 1211 789 1279 modu
804 1206 1021 1294 Monachus,
1048 1223 1109 1280 aut
1158 1207 1198 1275 in
1211 1200 1345 1278 Christi
1366 1207 1563 1277 ministeriu
1584 1231 1657 1277 esse
1677 1210 1817 1281 dehent.
1869 1207 2075 1282 Mactabant
2094 1212 2150 1295 illi

115 1307 330 1402 Theologus,
348 1325 409 1380 aut
424 1312 632 1397 sacerdotes,
653 1313 714 1380 sed
731 1306 1109 1401 omninoChristianus
1158 1311 1326 1398 pecudes,
1351 1310 1585 1380 adservabant
1603 1333 1703 1394 vasa,
1728 1324 1882 1380 mactent
1902 1307 1940 1381 hi
1953 1310 2149 1405 Evangelio
2169 1354 2178 1363 ·

114 1436 240 1483 ornnes
269 1413 455 1505 oportebat
485 1414 592 1503 vulgo
627 1412 932 1484 meditatissimam
965 1407 1107 1484 habere.
1159 1410 1296 1481 animos
1320 1411 1494 1496 sontium,
1525 1412 1754 1483 consolentur
1779 1413 1957 1499 adflictos,
1984 1429 2152 1487 tueantur

115 1539 243 1607 nempe
266 1515 306 1583 in
330 1540 400 1608 qna
424 1515 579 1584 rationes
600 1539 723 1583 omnes
739 1510 1003 1585 Christianismi
1024 1539 1109 1605 pro·
1159 1512 1357 1582 doctrinam
1376 1507 1641 1603 Evangelicam.
1706 1511 1798 1583 Nam
1824 1517 1869 1585 ad
1894 1510 1963 1586 buc
1988 1518 2150 1588 ministe-

114 1617 190 1709 prIe
205 1614 250 1712 ²⁸)
265 1616 398 1708 positae
413 1630 507 1688 sunt.
545 1613 614 1686 Sed
632 1618 725 1702 vide,
742 1641 849 1710 qnam
864 1610 956 1697 nihil
972 1616 1110 1699 efficiat,
1155 1613 1251 1683 rium
1276 1638 1351 1685 nun
1373 1616 1480 1684 modo
1498 1612 1643 1698 Petrus,
1668 1616 1729 1683 sed
1756 1641 1879 1686 omnes
1896 1613 2061 1709 Apostoli
2084 1645 2149 1712 pa-

115 1718 241 1813 quisic
255 1718 407 1807 colligit,
430 1709 621 1786 Christum
638 1740 713 1786 esse
727 1727 834 1813 caput
850 1712 1109 1811 tamSynagu-
1158 1714 1245 1783 riter
1269 1713 1382 1785 vocati
1398 1729 1491 1788 sunt.
1543 1714 1718 1805 Intelligis
1733 1717 1857 1803 lectur,
1880 1743 2048 1812 quorsum
2066 1746 2149 1813 per-

113 1842 204 1912 gae,
245 1843 358 1917 quam
389 1815 591 1892 Ecclesiae.
657 1814 902 1914 Synagogcm
934 1811 1109 1888 habuisse
1157 1811 1487 1886 lineantAharunis
1509 1818 1593 1910 typi.
1644 1815 1736 1887 Nam
1763 1843 1844 1888 vere
1868 1819 2149 1893 sacerdusChri-

116 1944 298 1989 summum
328 1914 560 2012 Pontificem,
593 1920 778 2019 consequi,
813 1930 852 1989 ut
879 1930 910 1990 el
939 1915 1108 1990 Ecclesia
1159 1931 1232 1987 stus
1248 1931 1314 2002 est,
1338 1916 1498 1988 Ministri
1515 1919 1705 1989 sacerdotis
1719 1944 1821 2010 pares
1837 1916 2013 2012 Apostoli.
2039 1919 2149 1994 Chri-

116 2015 254 2091 debeat
277 2046 459 2091 summum
483 2016 705 2114 Ponlficem.
767 2022 861 2115 Quia
886 2023 983 2092 enirn
1003 2018 1110 2094 Chri·
1158 2019 1203 2088 sti
1227 2020 1338 2109 figura
1357 2013 1526 2105 Aharon,
1550 2020 1679 2113 reliqui
1692 2018 1838 2091 Levitae
1852 2019 2123 2117 Episcopurum.
2231 2106 2237 2115 ¹

117 2139 188 2194 tius
205 2137 259 2194 esi
275 2138 379 2217 capul
394 2140 465 2195 tam
480 2121 695 2219 synagogae,
713 2151 820 2218 quam
834 2121 1025 2210 Ecclesiae,
1045 2148 1110 2193 ne-
1260 2132 1399 2206 Omitto
1418 2131 1493 2221 hic,
1518 2162 1624 2230 quam
1640 2138 1758 2229 inepte
1780 2141 1989 2233 detorqueas
2005 2157 2149 2213 senten.

118 2249 209 2295 oeese
236 2239 434 2311 8111111111,
474 2251 601 2317 nempe
630 2228 790 2297 nondum
818 2227 1033 2325 revelatum,
1070 2226 1109 2294 111
1159 2241 1254 2309 tiam.
1293 2233 1383 2308 Non
1398 2235 1480 2305 ceni
1492 2234 1628 2307 solvere
1646 2235 1771 2332 legem,
1785 2235 1851 2310 sed
1866 2238 2023 2338 implere.
2063 2245 2148 2315 item
2190 2304 2203 2328 ,

117 2348 293 2422 synagoga
318 2330 574 2419 repraesentari
598 2352 661 2420 per
683 2353 861 2399 summum
882 2329 1109 2401 sacerdotem.
1159 2348 1265 2434 quam
1286 2340 1403 2431 inepte
1425 2342 1603 2431 confingas
1624 2364 1755 2411 novam
1778 2343 1905 2432 legem,
1929 2345 2013 2414 item
2036 2346 2148 2436 legem

117 2426 239 2523 Neque
262 2429 358 2498 enim
377 2428 556 2499 Leviticus
571 2427 734 2499 Pontifex
755 2445 829 2501 erat
851 2430 968 2515 aliud,
1003 2440 1117 2524 quam'
1151 2442 1300 2531 gratiae.
1352 2439 1492 2529 Quaeso
1515 2455 1550 2510 te
1570 2444 1776 2527 fraterculo,
1802 2460 1960 2537 quaeest
1975 2471 2067 2517 nova
2086 2450 2147 2520 illa

117 2546 220 2625 typus
243 2531 357 2601 futuri
379 2532 453 2599 veri
468 2531 656 2623 pontificis.
707 2529 742 2600 Is
763 2546 990 2625 posteaquam
1011 2554 1112 2600 reve-
1159 2543 1237 2611 lex?
1284 2541 1378 2611 Num
1408 2544 1569 2632 ignoras,
1603 2545 1699 2636 quod
1723 2542 1861 2615 ,Paulus
1890 2548 1940 2618 ait
1967 2544 2152 2621 Christum

117 2631 208 2703 latus
228 2645 299 2717 est,
322 2633 408 2725 quid
425 2656 514 2724 opus
538 2647 590 2703 est
611 2633 704 2727 typis
725 2634 982 2724 trgrrrantibus?
1031 2631 1110 2702 Nisi
1159 2646 1235 2713 sine
1259 2646 1335 2733 lege
1357 2644 1584 2735 apparuisse?
1618 2659 1652 2716 et
1674 2670 1694 2714 a
1718 2643 1876 2716 Iohanne
1902 2650 2038 2719 dictum
2062 2672 2149 2738 esse,

119 2734 293 2804 revelatus
323 2747 411 2803 esset
434 2729 616 2820 Christus,
656 2759 745 2825 opus
775 2731 985 2806 haberemus
1014 2749 1110 2828 typo,
1158 2739 1246 2815 Lex
1259 2741 1474 2843 perMuserr,
1487 2743 1616 2839 gratia
1633 2753 1665 2815 et
1681 2746 2023 2844 veritcspurIcsum
2033 2743 2149 2824 Citri-

119 2835 177 2930 qui
200 2834 307 2905 illum
327 2849 614 2928 repraesentaret.
654 2833 756 2907 Adeo
780 2838 863 2934 qnia
883 2834 1111 2907 verumPon-
1159 2856 1267 2920 stum,
1324 2844 1374 2918 Et
1399 2871 1473 2917 non
1496 2844 1579 2917 verri
1595 2843 1773 2930 iudicare,
1799 2845 1868 2919 sed
1883 2848 2041 2923 salvare.
2081 2854 2150 2925 Fe.

119 2936 245 3007 fifitem
268 2937 411 3026 figurari
437 2938 595 3028 oportuit
624 2952 728 3008 3111111
751 2964 859 3033 quem
886 2941 1112 3024 revelemur,
1160 2950 1207 3021 cit
1248 2949 1353 3018 nubis
1384 2973 1512 3040 magno
1540 2946 1762 3020 Christianae
1801 2955 2015 3043 reipublicae
2054 2959 2148 3027 malo

121 3062 207 3133 opus
240 3053 316 3108 crat
339 3031 520 3113 Aharonis
555 3040 770 3131 pontificatu.
836 3038 996 3112 Rursum
1028 3041 1111 3133 quia
1161 3054 1231 3120 iarn
1257 3046 1388 3120 isthaec
1415 3065 1530 3122 vestra
1547 3047 1743 3139 Theolugia
1766 3075 1785 3121 e
1806 3049 1947 3124 Christo
1968 3080 2050 3125 vere
2065 3056 2151 3129 Mu-

122 3162 221 3209 retus
236 3138 400 3208 Pontifex
419 3141 594 3210 revelatus
611 3155 678 3224 est,
704 3143 766 3235 qui
787 3137 883 3211 hunc
906 3164 1112 3235 repracsen-
1159 3177 1225 3241 seq
1252 3154 1448 3244 quendam,
1479 3176 1520 3219 ex
1543 3149 1740 3241 Evangelio
1762 3155 1970 3250 plusquam
1994 3157 2150 3249 lapideas

122 3255 182 3326 tet,
212 3264 305 3332 opus
327 3265 401 3310 nou
425 3236 606 3313 habemus.
671 3241 772 3331 Quin
794 3256 833 3313 tu
853 3244 902 3312 sic
924 3266 1112 3332 argumen-
1159 3255 1245 3343 legis
1272 3253 1421 3324 tabulas.
1472 3251 1542 3323 Sed
1566 3249 1651 3323 haec
1674 3257 1781 3324 modo
1804 3280 1878 3325 non
1900 3271 1950 3328 est
1971 3259 2070 3330 lucus
2090 3285 2151 3332 ex-

123 3356 209 3427 tare,
234 3336 422 3412 Christum
440 3367 563 3412 verum
580 3346 795 3414 sacerdotem
812 3369 885 3413 esse
912 3344 1110 3437 expiantem
1159 3355 1327 3426 cupiendi,
1395 3351 1450 3423 Te
1473 3378 1557 3423 vero
1581 3326 1709 3439 rhiror,
1741 3358 1804 3449 qui
1829 3381 1949 3428 rerum
1972 3378 2151 3435 sacrarum
2234 3362 2239 3367 ’

123 3441 329 3537 synagogen
348 3436 392 3539 ²⁶)
410 3458 445 3514 ee
457 3440 669 3528 Ecclesiam,
695 3447 796 3516 cuius
810 3472 889 3517 cum
907 3445 1111 3541 synagogae
1159 3471 1231 3527 cam
1255 3456 1355 3526 rudis
1380 3478 1486 3526 ausus
1507 3455 1574 3541 sis,
1611 3459 1786 3548 optimum
1810 3474 1843 3529 et
1868 3461 2008 3536 decess.
2031 3465 2150 3536 virum

122 3546 281 3615 nundum
297 3547 471 3615 revelatus
485 3561 591 3630 essct,
615 3544 793 3617 Ecclesiae
809 3572 893 3618 veto
915 3561 1035 3640 postea
1056 3573 1112 3618 rc·
1160 3561 1331 3629 incessere
1354 3558 1503 3652 scripto,
1537 3558 1608 3627 nisi
1631 3560 1714 3629 satis
1736 3560 1909 3632 foeliciter
1933 3578 1967 3634 te
1988 3565 2151 3637 functum

123 3647 313 3731 velaretur,
336 3648 532 3739 oportuisse
551 3648 589 3715 in
607 3649 790 3744 Synagoga
813 3664 936 3743 typum
959 3674 1047 3733 esse,
1074 3650 1113 3718 in
1161 3661 1275 3730 officio
1300 3674 1422 3751 putas,
1448 3660 1574 3729 sinon
1595 3685 1734 3744 caussa,
1760 3664 1821 3732 sed
1842 3665 2010 3734 conviciis
2035 3680 2070 3736 et
2091 3692 2152 3739 02.

124 3741 279 3819 Ecclesia
307 3772 380 3817 11011
406 3764 579 3840 oportere·
647 3750 695 3821 Ut
725 3751 986 3834 ⁶0ss⁰⁰⁵⁸⁰rim‚·
1006 3753 1112 3845 idque
1160 3763 1308 3832 lumniis
1331 3763 1492 3852 superior
1513 3764 1650 3834 evadas.
1701 3765 1745 3832 de
1770 3788 1840 3857 qua
1861 3767 1978 3856 palma
1999 3768 2152 3841 libenter

126 3846 292 3933 libenter,
316 3848 514 3942 Synagoges
525 3844 569 3945 96)
587 3865 621 3922 el
630 3847 805 3923 Ecclesiae
820 3847 1111 3944 cepulChrlslum
1161 3863 1391 3933 concesserim
1427 3863 1505 3935 tihi.
1583 3863 1754 3933 nimirum
1798 3862 1945 3956 pulchre
1983 3871 2173 3944 referenti.

126 3972 212 4034 esse,
237 3950 288 4019 ita
305 3974 379 4019 non
396 3953 633 4042 permiserim,
652 3952 868 4048 synagogen
885 3949 929 4048 ²⁶)
947 3950 1112 4024 habuisse
1162 3961 1353 4034 Thersiten
1382 3963 1484 4034 illum
1511 3961 1758 4050 Homericum,
1796 3968 1855 4035 cui
1881 3970 2044 4061 voluptas
2070 3974 2151 4058 fuit,

127 4052 355 4136 tecerdolem‚
403 4054 464 4123 sed
499 4056 688 4124 sacerdotis
722 4057 870 4146 figurem
905 4080 944 4125 ec
979 4071 1113 4150 lypum,
1161 4067 1304 4157 optimis
1323 4066 1522 4159 quibusque
1544 4067 1635 4135 male
1654 4067 1804 4137 dicendo
1826 4070 2007 4158 negotium
2027 4073 2150 4148 facere.

112 4153 221 4224 -tuius
239 4152 371 4242 figurae
391 4178 452 4225 seu
474 4152 681 4226 simulachri
707 4181 833 4251 corpus
858 4153 1037 4228 Ecclesiae
1056 4182 1114 4227 re·
1162 4166 1274 4260 Atqui
1297 4168 1442 4237 bibliaci
1460 4166 1620 4237 Lecturis
1641 4181 1715 4237 erat
1737 4182 1772 4240 et
1793 4171 2003 4260 prudentius
2029 4187 2080 4258 et,
2109 4190 2152 4247 ut

128 4256 278 4324 relatum
296 4269 348 4325 est
369 4252 424 4350 ²⁷).
1162 4268 1292 4340 Graeci
1325 4269 1466 4348 dicunt,
1507 4262 1781 4363 εὐστοχώτερον
1810 4273 2002 4362 scripturas
2033 4277 2150 4365 citare,

223 4408 298 4480 sed
316 4409 363 4477 im
382 4410 548 4479 convenit
562 4404 724 4478 Mummi
774 4407 917 4481 Christo
945 4426 978 4481 et
996 4410 1103 4481 petro
1162 4384 1339 4489 quarunt
1372 4394 1412 4438 ex
1442 4364 1629 4487 Aharone,
1675 4395 1716 4438 ex
1746 4368 1991 4492 hlalchiaedek
2025 4375 2151 4469 Sergii,

130 4523 164 4581 m
183 4506 337 4582 Ahamn
366 4510 411 4580 sip
437 4507 570 4581 Christi
601 4464 742 4603 typus,'
764 4512 948 4582 inferiores
971 4466 1115 4582 Levimg
1163 4475 1332 4555 Aderant,
1365 4469 1560 4554 Bunrfacn,
1591 4467 1804 4557 Alexandrr,
1837 4469 1920 4543 luln
1945 4489 1979 4545 et
2000 4471 2068 4550 buc
2090 4505 2152 4571 ge.

184 4608 488 4705 iApospolomQ
510 4608 771 4705 Episcopomm
786 4627 849 4688 etc·
901 4612 977 4683 lam
993 4629 1033 4685 ut
1048 4615 1115 4685 sub
1162 4597 1230 4692 nus
1245 4573 1585 4691 immaniatmonstra
1598 4573 1825 4662 fingerentur.
1875 4574 1949 4646 Nec
1966 4594 2029 4662 est,
2053 4587 2150 4701 quud

132 4622 292 4783 Aprune
322 4714 504 4794 nonfuit,
537 4713 599 4806 qui
622 4729 699 4807 pust
722 4739 804 4785 eum
830 4717 1000 4804 dignitate
1027 4716 1116 4786 alios
1162 4679 1275 4758 ‘hm’
1314 4687 1516 4765 permutem
1544 4687 1596 4757 ¹⁰⁹
1634 4689 1674 4744 ¹¹²
1703 4700 1766 4769 l’er
1795 4671 1965 4748 Ah³r⁰¹¹³
1988 4676 2152 4755 Chreme

136 4817 291 4901 anteiret,
325 4816 386 4884 sed
408 4838 530 4884 omnes
557 4818 753 4886 sacerdotes
774 4818 839 4887 sub
861 4813 1031 4889 Aharone
1053 4842 1116 4910 pa·
1163 4777 1393 4866 Signffioemr'
1434 4776 1543 4893 ilum
1570 4771 1638 4846 h⁰⁰
1662 4792 1696 4848 ιε
1718 4778 1868 4848 ¹¹¹³¹i¹¹¹⁶
1893 4781 2001 4899 vener
2033 4799 2075 4854 ¹¹¹
2095 4810 2152 4856 Ν·-

1162 4890 1360 4971 praesentet
1376 4871 1559 4947 Christum
1582 4874 1748 4964 sibaron,
1786 4881 1846 4949 sed
1873 4885 2022 4972 perinde
2047 4901 2167 4981 atque·

138 5010 405 5035 -.......-.....
1163 4976 1312 5051 Aharon
1331 4979 1600 5070 repraesentarit
1617 4977 1799 5050 Christum
1821 4981 1858 5049 in
1883 5005 2074 5075 synagoga,
2104 4991 2152 5062 ita

176 5136 219 5210 ὃ)
237 5140 361 5212 proprie]
381 5138 462 5195 test.
476 5160 555 5213 opp:
573 5141 746 5213 „propriae”
781 5142 814 5197 F.
1163 5081 1309 5153 Petrum
1322 5081 1363 5176 ln
1374 5076 1533 5231 1:20an
1546 5097 1808 5175 repraesentare
1824 5078 2019 5159 Chrisulm·
2060 5088 2154 5168 Nam

179 5242 653 5368 auersere
1168 5228 1174 5245 ·

179 5329 395 5466 munimur
404 5397 457 5466 est]
473 5351 601 5469 biuppa
619 5394 837 5460 „simulachrum
850 5401 916 5452 „c”
950 5398 984 5453 [ι’.
1216 5392 1262 5465 20)
1279 5394 1369 5545 „1ng
1381 5322 1644 5451 dms·
1677 5394 1712 5453 5·

161 5472 331 5540 Heraean.
352 5474 455 5540 Oeen.
477 5474 560 5540 Vos.
582 5475 606 5538 l.
