4500 5782
54 148 122 285 ιιι
645 200 1080 278 ιιιιιιοι,ιιιιιιι
1131 198 1239 277 aaa.
1269 199 1316 277 11.
1372 200 1501 276 asco.
2010 200 2091 283 sss

55 382 153 453 uate
177 393 271 451 sunt
305 378 403 449 illius
421 370 592 448 Mamm
617 370 800 469 dogmata,
830 379 894 472 qui
914 400 950 447 se
971 366 1047 465 lege
1097 398 1178 445 rum
1197 388 1293 445 metu
1315 364 1467 445 sublato·
1481 375 1599 469 quiet'e
1618 375 1728 445 nimia
1745 378 1893 450 resoluti
1909 381 1948 449 in
1963 388 2088 475 torpe·-

53 480 172 555 divina
203 482 426 551 instructum
458 480 615 564 dicebat,
653 482 862 573 probantem
891 478 1049 562 utiliora,
1097 500 1173 545 rem
1190 490 1224 545 et
1237 499 1402 545 somnum
1422 477 1704 545 revolverentur:
1736 480 1822 563 etsi,
1842 480 2006 574 inquam,-
2025 470 2087 553 'dii

41 600 239 665 eaucerem
259 583 413 675 decen,
438 582 560 653 lernen
581 606 725 667 eorum,
753 583 817 675 qui
838 580 1048 651 intenebris
1097 579 1182 648 vina
1195 578 1418 670 providentia
1431 572 1626 647 haereticos
1639 578 1768 648 diversi
1785 583 1923 669 generis
1939 584 1996 678 (ot
2009 582 2089 655 Au-
2191 582 2194 589 ’

54 698 158 771 nanti.
172 684 396 757 eruditorem
414 682 677 775 insipientium,
701 684 909 774 magistrum
930 683 1049 752 infam-
1098 681 1259 769 gostinus
1274 676 1339 773 ait)
1357 704 1429 749 esse
1445 680 1642 771 permittat,
1664 705 1734 773 que
1751 704 1816 751 nes
1828 684 1868 751 in
1885 685 2088 771 'divinarum

54 788 169 873 tium,
200 781 393 867 habentem
413 785 565 855 lermam
586 787 752 855 scientiae
774 800 809 854 et
828 784 985 855 veritatis
1010 783 1048 852 in
1099 783 1297 853 litterarum
1319 781 1443 851 studiis
1464 806 1701 865 exerceamus,
1726 807 1948 877 nequaquam
1970 788 2102 895 tamen·

55 886 168 979 teget:
205 885 284 959 Cur
303 887 377 960 tiste
392 884 563 975 Magister
589 888 627 957 in
652 885 780 957 israele
811 909 933 956 omnes
961 886 1050 953 alies
1098 884 1286 953 ferendum
1307 898 1374 968 est,
1407 885 1503 976 qood
1529 897 1629 951 vetus
1650 884 1862 954 fermentum
1881 888 2036 957 malitiae
2056 906 2090 961 et

54 992 182 1061 docere
207 1003 335 1081 petens
356 1001 393 1059 et
416 989 602 1061 ueritatem
627 988 804 1078 ignoravit
834 1001 868 1058 et
897 988 1051 1078 scipsum
1099 985 1278 1079 nequitiae
1293 981 1550 1055 haereticorum
1564 988 2091 1060 totamecclesiaemassamcor-

54 1094 190 1181 decere
206 1094 283 1165 rien
312 1088 451 1181 potnit?
511 1086 752 1163 Illud-eutem
775 1112 912 1160 summe
935 1090 1050 1171 dolce,
1098 1099 1240 1179 rumpat
1266 1088 1494 1179 crudelesque
1513 1084 1590 1177 lupi
1613 1087 1688 1178 pias
1707 1112 1789 1156 eves
1812 1089 2006 1175 dilanient,
2031 1107 2090 1162 aaut

55 1192 231 1265 Germani
245 1190 495 1282 Principeaert
511 1192 644 1282 optima
658 1193 793 1283 patriae
805 1204 946 1261 nostrae
957 1204 1049 1261 terra
1098 1190 1242 1280 putrida
1271 1190 1429 1257 membra
1456 1200 1568 1258 totum
1595 1211 1723 1280 cerpus
1751 1190 1920 1263 inficiant.
1986 1191 2090 1264 Resi-

55 1309 137 1381 tum
161 1292 289 1365 inlelix
306 1292 444 1387 lelium
467 1286 660 1383 pullulasse
678 1288 817 1386 hisque
844 1292 1049 1387 praesertim
1101 1292 1265 1361 stenelum
1290 1304 1342 1359 est
1366 1292 1460 1359 ferro
1491 1304 1525 1361 et
1553 1291 1634 1378 igne
1664 1304 1770 1383 atque
1799 1292 1837 1361 in
1860 1291 2092 1385 Reipublicae

55 1394 294 1489 muribus,
311 1396 462 1487 rqnsnde
482 1418 558 1463 nen
577 1390 633 1487 (ut
652 1387 1050 1486 spurcissimeLuterus
1098 1389 1322 1463 Christianae
1349 1415 1497 1483 corpere
1521 1392 1690 1485 quicquid
1713 1393 1917 1484 pestiferum
1940 1411 1990 1466 est
2010 1422 2104 1474 tare-¹

58 1493 208 1590 eremit)
221 1496 330 1588 aliqui
348 1497 470 1584 magni
488 1496 526 1563 in
537 1493 695 1566 Ecclesia
713 1498 850 1567 bellum
871 1496 1049 1565 somniant
1100 1518 1156 1577 re,
1182 1518 1297 1563 secare
1319 1508 1352 1563 et
1375 1508 1557 1584 amputare
1577 1494 1764 1574 debemus,
1787 1507 1829 1566 nt
1850 1500 2092 1568 membrorum

59 1600 95 1668 in
111 1597 269 1680 Turres,
298 1598 360 1665 scd
381 1599 527 1689 quame
547 1595 727 1667 Maritimus
748 1594 970 1668 Christianae
993 1621 1050 1666 re·
1101 1596 1246 1688 aliquod
1264 1597 1382 1686 potius
1402 1620 1509 1686 quam
1528 1608 1642 1664 totum
1662 1620 1789 1687 corpus
1810 1598 1982 1671 intereat·
2020 1600 2093 1669 Ne-

56 1698 203 1790 ligiems
212 1696 380 1769 Pontifex
395 1689 474 1765 Leo
487 1698 657 1770 Decimus
680 1699 949 1788 vigilantissima
966 1722 1050 1768 cura
1102 1722 1171 1790 que
1195 1697 1321 1765 iccirco
1348 1710 1464 1765 tamen
1496 1698 1677 1766 subvereri
1702 1711 1840 1788 eportet
1860 1696 2094 1772 Chanancum

58 1816 163 1895 atque
195 1800 471 1892 propensissime
501 1800 541 1867 in
566 1801 730 1870 divinum
759 1803 892 1870 cultum
929 1801 1058 1869 animo
1102 1813 1163 1869 aut
1181 1794 1319 1867 Eveum
1346 1799 1420 1867 ullo
1446 1821 1606 1888 unquam
1634 1799 1739 1867 nobis
1769 1812 1928 1891 tempore
1951 1804 2094 1874 delutu-

59 1899 349 1975 Chris'tianerum
358 1898 568 1991 Principum
582 1924 705 1992 pacem
719 1916 885 1972 etveram
904 1925 1052 1971 concor·
1102 1925 1202 1983 rum,
1223 1924 1334 1992 quum
1349 1898 1498 1969 Lernaei
1518 1894 1625 1968 huius
1644 1901 1793 1968 monstri
1812 1915 1846 1971 et
1868 1917 1982 1993 serpat
1996 1906 2093 1976 virus

59 2001 375 2097 tiamquamiuit
405 2002 726 2096 efferatissimisque
745 2002 945 2074 Terrarum
967 2026 1052 2091 gen·
1103 2003 1142 2069 in
1170 2002 1381 2069 immensum
1404 2015 1438 2070 et
1457 2024 1645 2070 numerosa
1671 2000 1835 2071 immanis
1856 1998 2012 2075 hiatibus
2037 2028 2094 2077 cn-

61 2106 153 2177 tibus
178 2104 529 2188 bellumindixerit,
562 2128 602 2173 ac
624 2128 670 2173 ne
697 2106 736 2173 in
759 2106 878 2198 alique
907 2107 1054 2189 deesset,
1105 2104 1177 2195 pita
1193 2115 1430 2171 renascantur.
1483 2097 1653 2194 Atqueut
1668 2097 1735 2171 hoc
1754 2104 1896 2173 tandem
1913 2108 2093 2199 perspicue

61 2206 221 2279 iambis
246 2218 344 2275 terve
368 2226 532 2293 maguam
557 2206 631 2274 vim
657 2206 734 2275 :auri
754 2209 810 2283 ,ad
837 2204 1053 2290 Paraetonius,
1105 2204 1320 2294 cognoscatis
1341 2200 1549 2295 Eurumque
1575 2198 1794 2277 habitantem
1825 2207 1862 2273 in
1885 2222 2007 2279 inerrate
2029 2208 2094 2279 Li-

58 2306 244 2381 -ltatmatas
262 2302 470 2377 etRhodios
484 2308 726 2378 transmiserit.
774 2304 887 2377 Cetius
900 2308 1054 2396 integer·
1104 2308 1198 2375 bauo
1215 2308 1380 2373 adversus
1393 2304 1534 2372 fidelem
1556 2306 1727 2395 populum
1743 2302 1859 2376 aellrue
1882 2311 2015 2378 saevire
2035 2312 2095 2379 in-

62 2410 191 2481 finam
217 2420 325 2501 atque
355 2408 612 2499 pientissimam
644 2422 798 2478 nemnem
824 2411 1054 2479 ostenderunt
1105 2407 1293 2491 terremini,
1319 2406 1507 2477 attendatis
1527 2401 1665 2475 Eveum
1688 2401 1841 2476 hebraeo
1863 2433 2023 2481 sermone
2042 2416 2098 2483 se..

62 2508 526 2603 mpplicatienes.omnium
549 2510 718 2581 ordinum
742 2523 847 2604 atque
867 2511 913 2581 ad
933 2511 1054 2579 omnia
1104 2532 1186 2577 rum
1208 2532 1268 2576 seu
1291 2509 1464 2592 ferocem,
1498 2521 1656 2576 mentem
1680 2532 1765 2577 vero
1786 2507 1965 2581 Libanum
1991 2536 2096 2585 rnen-

65 2608 271 2705 pulvinaria·
284 2611 455 2694 decretae,
472 2611 602 2704 quibus
616 2613 715 2681 nulla
730 2636 900 2706 res,.quae
916 2612 963 2681 ad
976 2612 1055 2703 pla·
1107 2622 1176 2679 tem
1191 2611 1311 2679 album
1326 2609 1530 2699 significare.
1583 2605 1824 2696 Quamobrem
1840 2638 1951 2705 quum
1973 2615 2094 2705 lingua

63 2715 218 2789 mudum
243 2722 507 2804 praepotentem
529 2711 647 2783 Deum
672 2715 874 2805 pertineret,
898 2726 1055 2806 praeter·
1106 2709 1320 2799 Germanica
1353 2734 1458 2779 mons
1490 2711 1591 2779 allans
1633 2705 1910 2809 Voillemberga
1958 2716 2096 2789 dicatur

64 2814 169 2887 nica
187 2827 260 2887 est:
287 2814 375 2884 adeo
395 2827 437 2885 ut
457 2812 531 2904 ipse
551 2838 614 2906 per
634 2829 745 2886 tetam
762 2817 887 2886 urbem
905 2816 1055 2908 pedibus
1105 2808 1370 2905 Martiumque
1387 2807 1577 2881 hicnoster
1598 2808 1656 2905 (ut
1674 2813 1745 2882 iam
1767 2815 1921 2912 ostendi)
1942 2820 2032 2887 aries
2051 2820 2097 2891 sit
2138 2812 2141 2817 ¹

64 2918 241 3009 pepnlmn
263 2929 468 3007 sequeretur
489 2928 593 3008 atquc
620 2917 684 2986 ubi
710 2919 756 2987 ad
778 2918 948 3009 templum
966 2914 1054 2985 Dei·
1106 2930 1141 2985 et
1163 2916 1258 2986 ferus
1281 2928 1315 2985 et
1334 2916 1447 2997 ferox,
1480 2938 1589 3007 quare
1605 2910 1725 2983 Eveus
1752 2917 1790 2985 in
1816 2917 2094 2989 menteLibano

65 3042 167 3111 perae
191 3016 345 3106 ¹uirginis
369 3018 414 3085 ad
430 3015 634 3089 Minervam
655 3016 707 3113 (id
735 3019 831 3087 enim
854 3020 932 3089 lece
960 3019 1056 3087 anti·
1105 3012 1318 3086 tt1artinom
1340 3017 1378 3084 in
1404 3010 1678 3108 Veriltemberga
1701 3042 1775 3085 non
1797 3021 2095 3108 praesignaverit?

64 3140 173 3215 quum
196 3142 331 3189 nemen
350 3115 417 3212 est)
436 3120 614 3208 pervenit,
650 3122 696 3189 ad
718 3120 917 3191 liberatoris
942 3120 1055 3189 nostri
1106 3116 1223 3206 Quem
1239 3121 1310 3186 iam
1332 3141 1412 3186 cum
1433 3117 1661 3185 sectatoribus
1686 3131 1720 3186 et
1740 3118 1937 3190 farutoribus
1958 3123 2031 3191 suis
2054 3126 2093 3197 iu

65 3244 165 3291 aram
184 3233 384 3291 constratus
407 3244 482 3289 nen
502 3219 595 3290 votis
608 3221 724 3291 solum
742 3236 778 3292 ct
793 3223 972 3313 precibus,
994 3223 1055 3291 sed
1106 3221 1242 3289 coelum
1258 3242 1294 3287 se
1310 3219 1499 3308 erigentem
1514 3242 1618 3307 supra
1637 3243 1754 3304 omne,
1774 3223 1870 3312 quod
1887 3224 2094 3312 modestum,

65 3322 227 3415 suspiriis
240 3335 275 3392 et
286 3314 487 3415 lachrymis,
503 3323 759 3415 qnasomniunr
770 3324 866 3393 oculi
877 3324 1055 3407 viderunt,
1106 3323 1201 3416 quod
1227 3321 1345 3411 pium,
1384 3321 1480 3412 qued
1506 3318 1709 3409 religiosum
1735 3336 1804 3405 cst,
1847 3347 1953 3415 supra
1978 3348 2094 3413 omne,

65 3423 335 3497 Sanctissimum
364 3446 498 3493 numen
527 3424 738 3515 propitiatus
768 3439 829 3499 est.
899 3423 941 3495 Si
971 3424 1055 3494 talia
1106 3424 1202 3517 qued
1215 3420 1439 3507 Romanum,
1465 3444 1571 3512 supra
1586 3445 1703 3505 omne,
1724 3426 1819 3514 quod
1834 3424 1873 3492 in
1888 3427 1990 3497 terris
2005 3428 2094 3501 dici-

65 3518 282 3608 Mutunus,
302 3546 529 3615 quaererem
549 3539 624 3595 teto
647 3527 839 3615 orbegesta
856 3541 938 3597 sunt
952 3540 1056 3619 atque
1106 3538 1165 3594 tur
1185 3523 1282 3594 Deus
1301 3548 1337 3593 se
1357 3524 1582 3592 extollentem
1607 3524 1637 3591 si
1659 3523 1869 3615 inspiciatis,
1909 3529 2094 3603 altissimas

65 3622 206 3718 Regum
229 3626 396 3695 emnium
417 3621 702 3697 Christianorum
731 3629 963 3698 consensione
994 3629 1056 3696 lir-
1106 3629 1228 3696 cedros
1249 3626 1286 3694 in
1305 3622 1576 3694 mentcLibano
1589 3649 1653 3692 vos
1669 3627 1787 3694 videre
1802 3630 1988 3718 putabitis,
2014 3634 2095 3725 qui·

65 3743 174 3813 nata,
212 3727 409 3797 eorundem
430 3729 631 3797 oratoribus
653 3741 686 3799 et
708 3728 834 3799 litteris
859 3729 1056 3800 attestanti·
1106 3729 1173 3797 bns
1184 3724 1306 3796 Esaias
1330 3728 1378 3795 ita
1402 3727 1698 3795 comminabatur:
1730 3725 1815 3796 Dies
1827 3727 1974 3799 Domini
1995 3758 2094 3805 exer-

64 3828 129 3900 bns
151 3826 385 3920 Caesarisque
403 3827 642 3898 Maximiliani
663 3831 842 3922 inprimis,
875 3832 936 3924 qui
959 3832 1053 3900 ultre
1106 3832 1240 3900 cituum
1253 3853 1358 3921 super
1373 3852 1514 3897 onmem
1530 3829 1719 3918 superbum
1734 3841 1767 3896 ct
1785 3833 1959 3900 excelsum
1980 3849 2018 3921 et,
2033 3860 2092 3905 sn-

63 3930 173 4003 mum
187 3929 276 3999 belli
290 3930 436 4017 gerendi
450 3932 604 3999 rationes
621 3932 881 4024 conscripserit:
916 3933 947 4001 si
961 3934 1055 4016 talia,
1106 3955 1326 4022 peromnem
1348 3943 1570 4017 arrogantem
1592 3942 1625 3997 et
1646 3924 1910 4016 humiliabitur,
1936 3949 1967 4003 et
1987 3960 2093 4029 super

64 4031 229 4125 inquam,
259 4024 458 4101 Martinus
477 4033 614 4101 somnia
632 4056 704 4101 esse
722 4034 871 4118 iudicat,
895 4034 1055 4102 videritis
1105 4055 1228 4100 omncs
1251 4031 1373 4101 cedros
1395 4030 1524 4100 Libani
1546 4030 1713 4098 sublimes
1737 4044 1770 4100 et
1792 4050 1939 4117 erectas,
1974 4052 2002 4105 et
2035 4040 2092 4105 in-

64 4152 143 4217 ves,
165 4144 292 4203 utrum
311 4130 385 4220 ipse
402 4132 595 4225 aliquande
614 4134 754 4222 vigilet,
780 4158 826 4203 an
843 4135 961 4225 potins
977 4132 1053 4205 Re·
1104 4134 1310 4202 curvabitur
1327 4131 1442 4199 omnis
1459 4131 1655 4201 sublimitas
1670 4126 1855 4203 hominum
1875 4151 1908 4205 et
1923 4133 2092 4208 humilia-

62 4256 191 4305 manae
215 4228 394 4303 Ecclesiae
426 4235 511 4303 odie
543 4235 660 4303 ebrius
697 4258 833 4326 semper
866 4249 986 4305 stertat
1020 4250 1052 4305 et
1105 4236 1203 4303 bitur
1229 4234 1379 4303 altitude
1401 4234 1570 4305 virorem.
1627 4231 1763 4320 Quodsi
1786 4258 1850 4304 nec
1872 4237 1920 4305 sic
1939 4238 2011 4330 peti
2033 4244 2092 4310 sit-

60 4332 363 4426 pcrieulesissimo
398 4347 542 4404 veterno
581 4337 734 4420 laboret,
773 4361 843 4429 que
883 4336 1054 4405 nimirum
1105 4337 1278 4426 periorem
1302 4334 1481 4419 didicerit,
1506 4356 1621 4427 neque
1645 4335 1688 4401 ad
1712 4358 1774 4402 cor
1792 4338 1907 4406 redire
1928 4341 2092 4437 voluterit,
2200 4372 2204 4377 ·

62 4450 228 4525 gravatus
245 4435 451 4525 parabolam
468 4438 566 4505 illam
586 4436 783 4507 Servatoris
801 4438 912 4507 nostri
933 4441 976 4505 de
991 4437 1054 4504 zt-
1104 4462 1171 4528 ope
1185 4450 1219 4505 et
1231 4436 1362 4506 arrailio
1376 4437 1553 4503 fautorum
1570 4460 1714 4503 sumum
1728 4438 1848 4522 fretus,
1860 4441 1986 4510 clamat
1998 4442 2091 4515 iderti

62 4538 174 4607 raniis
188 4537 329 4620 obiicit,
354 4561 425 4629 quo
439 4539 559 4607 minus
574 4540 662 4607 iuste
680 4540 842 4607 comburi
859 4534 1053 4607 lraereticos
1103 4534 1242 4607 Esaias:
1276 4536 1435 4605 Libanus
1460 4560 1539 4605 cnm
1562 4536 1704 4606 excelsis
1729 4541 1839 4614 cadet.
1890 4538 1937 4611 Et
1955 4541 2091 4615 Za'cha'-

61 4640 233 4719 adstruat,
249 4638 383 4707 oblitus
395 4662 435 4707 ea
447 4652 586 4709 tantum
602 4653 742 4711 cautum
756 4664 838 4723 esse,
858 4666 904 4709 nc
925 4642 1053 4731 probos
1103 4640 1187 4707 rias:
1214 4636 1335 4729 Aperi,
1352 4636 1499 4722 Libane,
1517 4651 1635 4728 portas
1655 4651 1742 4723 tuas,
1768 4654 1808 4711 nt
1824 4646 1983 4713 comedat
1999 4648 2089 4737 ignis
2148 4639 2151 4643 ’

57 4756 98 4811 et
128 4762 236 4809 sanae
262 4739 392 4808 mentis
418 4741 515 4831 eires
546 4766 627 4809 cum
654 4740 824 4832 improbis
854 4755 888 4810 et
919 4742 1052 4811 insanis
1103 4743 1225 4809 cedros
1248 4752 1336 4811 tuas.
1388 4738 1480 4808 Nam
1502 4739 1532 4807 si
1560 4740 1769 4811 iustissimus
1783 4740 1879 4813 Deus
1905 4747 1949 4813 ad
1965 4744 2089 4817 ileliae

59 4843 294 4913 eradicemus.
344 4838 436 4909 Nam
456 4844 594 4911 tametsi
612 4856 771 4933 oporteat
793 4866 865 4910 esse
883 4838 1053 4929 haereses,
1102 4865 1222 4933 preces
1257 4841 1578 4933 quinquagenarios
1614 4842 1703 4911 duos
1747 4844 1828 4933 igne
1862 4848 2088 4938 consumpsit,

59 4956 113 5027 ut,
125 4942 191 5035 qni
203 4941 346 5031 probati
357 4957 452 5026 sunt,
463 4942 745 5027 mmrilestihaut,
757 4944 858 5012 sicuti
874 4967 1052 5034 superesse
1103 4945 1197 5036 quod
1215 4967 1295 5009 eum
1311 4944 1417 5034 paulo
1434 4944 1675 5013 immodestius
1691 4946 1834 5014 allocuti
1850 4960 1978 5027 essent,
1999 4974 2088 5041 quo-

60 5044 178 5117 veleit
197 5040 377 5113 Dominus
397 5039 628 5127 Chamaneos‚
665 5043 834 5115 Sidonios
864 5056 1051 5139 gentesque
1102 5048 1207 5113 :riarde
1234 5066 1392 5136 :anquam
1422 5044 1619 5113 existimare
1648 5046 1821 5135 possimus
1848 5071 1926 5114 carm
1949 5041 2088 5121 Latere

60 5146 166 5229 alias,
207 5157 251 5215 nt
277 5145 436 5215 erudiret
461 5148 611 5237 populos
637 5145 775 5215 Israelis
808 5147 1052 5241 discerentque
1102 5147 1222 5215 mitius
1237 5148 1412 5234 agendum
1432 5146 1519 5229 fore,
1542 5148 1602 5238 qui
1621 5159 1654 5213 ct
1672 5144 1917 5215 sanctissimos
1937 5150 2033 5223 viros
2057 5154 2089 5225 ei

59 5246 128 5317 lilii
147 5268 274 5317 eorum
296 5259 428 5317 certare
449 5272 530 5317 cum
550 5243 728 5333 hostibus,
751 5270 798 5315 ne
820 5247 876 5341 (et
895 5247 1052 5336 Quintus
1102 5246 1251 5316 Maximi
1270 5245 1339 5316 Dei
1366 5248 1536 5317 vicarium
1562 5247 1876 5315 immodestissimis
1898 5254 2016 5323 verbis
2035 5256 2087 5325 la.

61 5346 232 5419 Metellus
256 5347 345 5417 elim
363 5347 403 5417 in
424 5362 548 5419 senatu
569 5350 744 5440 sapienter
762 5348 868 5445 dixit)
889 5350 1052 5418 inimico·
1102 5349 1228 5418 cessit?
1293 5346 1375 5516 lgou
1402 5348 1554 5417 confidat
1583 5347 1691 5436 igitur
1709 5342 1905 5419 Martinus
1928 5378 2087 5426 errorum

111 5454 292 5517 utrumn.
318 5452 422 5519 Orrn.
448 5454 569 5518 Veni.
1276 5449 1294 5515 1
