4508 5782
185 223 320 297 5⁶71
401 310 405 321 Ι
754 212 1639 338 uersronanuunra.11151524.
1870 274 1872 279 -
2013 296 2019 303 ,
2121 226 2250 309 aaa

184 394 253 468 No,
267 392 356 466 286,
1013 402 1047 466 6.
1061 392 1165 478 Sepch.
1226 390 1305 484 plar
1321 390 1507 484 epistolae,
1532 419 1639 488 quam
1653 351 1845 486 lantherus
1863 397 1908 466 ad
1926 419 1983 467 me
2001 395 2142 490 scripsit
2156 418 2216 492 per
2246 462 2251 483 ,

189 489 364 520 *⁶⁸⁴
998 485 1171 516 Μ
1228 484 1462 564 [oachimum
1473 493 1522 591 ⁴),
1553 490 1964 588 habeturArgentorati,
1996 522 2074 571 non
2095 501 2216 583 dubito
2245 570 2248 588 ,

285 619 292 631 ·
350 559 559 645 Erssdmlw
588 554 650 641 ad
677 554 1012 641 Melanthonssm·
1047 616 1050 622 ’
1226 596 1317 690 quin
1331 596 1432 667 brevi
1447 597 1686 688 proditurum.
1735 595 1993 670 Edideruntin
2008 602 2134 672 odium
2151 589 2254 672 mell

222 734 225 741 '
254 741 292 799 ei
306 742 442 862 qinom.
458 740 495 796 u.
508 738 614 793 noma
628 736 805 791 noemam
819 736 973 792 mxxxi.
990 737 1090 805 (mia.
1102 735 1177 790 tosa.
1228 711 1329 769 ”¹⁰¹⁰
1343 698 1387 769 <¹⁰
1401 723 1457 768 me
1473 697 1704 817 iudicium),
1727 724 1851 773 1⁰1⁵ssss
1863 693 2029 773 Mller?
2041 704 2130 775 du³⁵
2146 705 2216 798 epi·
2243 691 2254 792 l

290 808 354 873 so.)
372 811 510 864 tiuxtx.
530 807 649 881 epi-113.
668 804 771 876 pata.
805 805 962 867 Adieeimuc
982 806 1053 860 hanc
1074 806 1175 877 epino-
1229 800 1375 873 stolas·
1414 797 1633 872 Huiusmodi
1660 802 1800 872 naeniis
1827 802 1981 874 famelici
2008 805 2158 899 quidam
2188 821 2217 878 et

286 872 1176 1017 {aezaaaaulff:causamurlazarau
1229 888 1364 971 sonu
1378 897 1590 997 oronam
1603 904 1825 996 prospiciunt
1837 905 1891 977 rei
1904 905 2109 980 cunano.
2144 902 2253 977 ωε

166 1042 169 1051 ·
290 1017 387 1085 tegitur
401 1012 472 1074 intra
487 1013 514 1067 d.
528 1015 572 1073 80.
586 1013 664 1086 sptb.
1229 1005 1397 1073 diderunt
1420 1004 1604 1095 epistolam
1625 1030 1740 1077 meam
1766 1007 1812 1076 ad
1833 1001 2016 1076 Ioannem
2038 1001 2215 1087 Febrem,
2241 990 2253 1075 l

441 1160 1046 1344 t22⁶at“0tta.²'t.‘'lt⁰
1070 1162 1176 1238 o-
1229 1208 2216 1304 n

201 1390 213 1409 η
1229 1310 1356 1379 autad
1379 1300 1605 1403 prodendum
1627 1306 1888 1408 Euangeliumffi
1934 1310 2073 1387 Verum
2096 1314 2140 1389 de
2163 1307 2216 1382 his
2244 1350 2253 1407 ':

184 1391 230 1480 bi
246 1403 461 1479 Pellicanns
483 1408 522 1477 in
540 1422 695 1497 tempore
710 1406 917 1477 ostendisset
932 1402 1024 1476 milri
1040 1419 1116 1474 tuas
1131 1406 1177 1476 ad
1227 1411 1325 1485 alias.
1737 1490 1741 1495 ,
1831 1490 1834 1497 .
1868 1414 1873 1431 ¹
1915 1488 1919 1493 ,
2245 1398 2249 1479 l

185 1515 301 1604 ipsum
314 1511 451 1597 literas,
473 1502 501 1579 I
501 1501 691 1581 oachimus
699 1505 724 1604 ¹)
744 1532 818 1577 non
832 1507 978 1580 redisset
992 1509 1081 1578 istuc
1096 1507 1177 1576 abs-
1329 1509 1469 1604 Perlegi
1485 1514 1581 1584 locos
1595 1536 1728 1601 omnes,
1748 1514 1787 1585 iu
1799 1515 1930 1609 quibus
1943 1519 2106 1610 perspexi
2119 1531 2215 1589 tuum
2246 1488 2253 1673 i

185 1639 255 1711 que
277 1614 365 1683 meis
387 1612 512 1686 literis.
571 1608 631 1682 Sic
653 1611 749 1680 enim
771 1610 985 1681 videbantur
1007 1612 1053 1680 ad
1073 1608 1177 1681 illum
1227 1613 1322 1684 istud
1346 1614 1530 1706 ingenium
1555 1639 1628 1684 non
1653 1616 1772 1686 minus
1794 1619 1986 1687 candidum
2002 1643 2112 1712 quam
2126 1618 2217 1702 felir,
2247 1680 2253 1711 ,

176 1718 354 1808 scriptae,
399 1729 441 1785 ut
468 1716 627 1785 crederes
648 1736 670 1781 a
695 1736 751 1781 me
774 1701 951 1801 legendas.
1020 1709 1176 1801 Quidam
1228 1716 1322 1809 quod
1341 1739 1405 1806 ego
1421 1740 1558 1809 semper
1573 1731 1650 1797 tum
1662 1717 1803 1809 suspexi
1816 1732 1893 1790 tum
1909 1721 2042 1806 amavi,
2068 1718 2253 1799 sesima-l

185 1818 385 1903 amicusad
407 1840 463 1885 me
485 1814 642 1906 scripsit,
672 1828 707 1884 te
728 1806 799 1883 hue
821 1838 962 1908 quoque
984 1825 1177 1906 perventu·
1227 1817 1279 1907 gis
1303 1818 1409 1887 etiam
1429 1831 1621 1913 utrumque
1642 1820 1754 1890 facere
1777 1819 1895 1913 coepi,
1915 1820 2216 1915 posteaquamilla
2249 1810 2253 1825 ⁴

185 1945 268 2005 rum
282 1920 406 2003 fuisse,
431 1917 471 1986 ni
487 1917 689 2000 metuisses,
721 1939 767 1984 ne
780 1940 836 1984 me
852 1938 1013 2006 gravares
1029 1914 1177 1987 invidiae
1227 1919 1316 2008 legi,
1335 1931 1484 1989 tautum
1508 1920 1622 2006 abest,
1656 1932 1698 1989 ut
1718 1945 1775 1991 me
1798 1922 1872 1993 eius
1887 1946 2014 2013 operae
2028 1923 2217 2016 poeniteat,
2250 1966 2253 2001 ;

184 2018 263 2112 Ego
279 2046 380 2105 vero,
411 2019 463 2087 mi
479 2011 756 2101 Melanchthon‚
787 2041 862 2086 eam
880 2017 1052 2086 invidiam
1073 2016 1176 2085 facile
1228 2044 1433 2115 quanquam
1448 2021 1543 2092 inter
1559 2021 1748 2113 legendum
1763 2023 1937 2115 scrupulis
1952 2023 2091 2119 aliquot
2106 2024 2217 2099 offen-

185 2123 458 2196 contemsisscm.
492 2118 585 2191 Nam
600 2121 697 2213 quod
711 2114 869 2193 Helleni
880 2119 1098 2213 colloquium
1115 2118 1176 2186 de·
1229 2123 1358 2207 dabar,
1390 2122 1587 2218 dequibus
1607 2123 1798 2193 voluissem
1815 2139 1933 2195 tecum
1948 2126 2217 2209 communicare,

184 2227 376 2322 precabar,
411 2247 486 2292 non
514 2221 671 2291 invidiae
694 2235 809 2293 metus
836 2234 975 2290 tantum
1003 2220 1043 2289 in
1073 2242 1177 2289 causa
1228 2223 1259 2293 si
1281 2248 1400 2294 coram
1417 2222 1584 2299 licuisset.
1640 2221 1757 2296 Video
1780 2227 1985 2316 dogmatum
2009 2227 2122 2297 aciem
2141 2227 2218 2322 pul·

118 2408 121 2414 ,
183 2329 378 2425 luit:,ecat
398 2325 495 2395 aliud
519 2324 706 2417 quiddam,
741 2325 839 2417 quod
861 2337 980 2400 tamen
1003 2323 1042 2391 in
1059 2320 1178 2415 Spon-
1229 2321 1312 2396 chre
1327 2325 1534 2395 instructam
1551 2327 1717 2395 adversus
1734 2326 1961 2420 tyrannidem
1975 2322 2217 2421 pharisaicam.

98 2448 134 2501 .'
185 2425 281 2524 gia²)
297 2451 372 2497 non
387 2426 497 2516 attigi.
548 2421 780 2516 llleegenset
800 2424 967 2495 omnibus
986 2425 1093 2494 rebus
1115 2424 1178 2492 de·
1229 2426 1300 2497 Sed
1317 2428 1356 2496 in
1378 2422 1434 2496 his
1459 2428 1633 2521 quaedam
1655 2440 1757 2513 sunt,
1791 2420 1901 2522 quae,
1929 2442 1972 2499 ut
1994 2431 2150 2519 ingenue
2168 2432 2218 2499 la-

187 2533 330 2602 stitutus
354 2529 546 2623 quaerebat
566 2527 693 2596 nidum
718 2527 891 2623 aliquem,
932 2527 996 2618 ubi
1022 2548 1177 2595 morere·
1228 2543 1319 2614 tear,
1356 2553 1430 2599 non
1454 2552 1635 2623 assequor;
1678 2530 1851 2622 quaedam
1881 2529 1957 2600 eius
1980 2532 2144 2621 generis,
2182 2545 2219 2602 ut

174 2628 295 2726 .tur³).
310 2692 314 2700 .
346 2627 435 2701 Erat
446 2625 537 2698 mihi
552 2629 725 2720 gloriosus
739 2629 800 2699 ille
813 2628 915 2699 miles
930 2653 1012 2699 cnm
1025 2651 1087 2697 sua
1103 2650 1179 2697 sca·
1230 2630 1368 2702 etiamsi
1383 2643 1500 2703 tutum
1518 2645 1622 2718 esset,
1647 2631 1782 2703 nollem
1797 2630 1957 2725 profiteri
1973 2647 2122 2725 propter
2137 2632 2220 2703 con-

186 2738 246 2822 hie
272 2735 312 2802 in
344 2732 447 2802 aedes
473 2731 717 2834 recipiendus,
758 2729 932 2824 simulque
956 2728 1178 2822 recipiendus
1228 2722 1429 2818 scientiam3
1463 2734 1637 2827 quaedam
1655 2732 1847 2818 eiusmodi,
1876 2746 1917 2805 ut
1935 2733 2013 2804 sine
2029 2735 2154 2805 fructu-
2168 2735 2219 2803 vi-

115 2862 126 2876 ’
186 2838 249 2906 illc
264 2830 393 2905 chorus
407 2833 511 2904 titulo
525 2828 843 2921 Evangelicorum,
876 2833 937 2902 sed
960 2831 1064 2902 titulo
1084 2832 1179 2901 dun·
1230 2834 1559 2927 dearprolessurus.
1610 2828 1660 2904 Et
1675 2846 1795 2903 tamen
1811 2834 1870 2906 isti
1885 2836 2087 2905 fremebant
2105 2836 2145 2905 in
2165 2860 2220 2905 me

188 2954 303 3009 taxat·
332 2935 514 3008 Sletstadii
527 2934 711 3004 mulctavit
727 2956 849 3004 omnes
863 2934 993 3025 amicos
1008 2956 1090 3003 suos
1110 2933 1178 3002 ali·
1230 2937 1326 3031 quod
1343 2959 1418 3005 non
1433 2935 1616 3026 profiterer
1632 2959 1687 3020 ea,
1713 2959 1803 3028 quae
1818 2936 1876 3006 vel
1890 2959 1966 3007 non
1982 2934 2221 3028 intelligebam

188 3067 258 3134 qam
274 3038 433 3130 pecunia.
485 3031 730 3129 AZwinglio
747 3035 908 3127 improbe
929 3034 1046 3129 petiit,
1082 3036 1179 3127 quod
1230 3040 1286 3108 vel
1302 3061 1377 3106 raon
1392 3037 1605 3129 probabam,
1634 3037 1742 3130 idque
1764 3051 1887 3108 contra
1910 3061 2026 3106 meam
2042 3040 2221 3109 conscien-

19 3148 25 3160 '
66 3219 68 3223 v
188 3143 264 3233 ipse
279 3134 496 3233 Zminglius
518 3134 609 3208 mihi
626 3139 697 3208 suis
712 3139 824 3209 literis
839 3136 1053 3229 perscripsit.
1104 3134 1179 3208 lam
1231 3139 1334 3225 tiam,
1355 3162 1493 3210 summo
1513 3136 1638 3231 capitis
1652 3138 1722 3206 mei
1736 3138 1906 3230 periculo,
1931 3162 1996 3210 nec
2009 3139 2082 3208 mei
2096 3140 2222 3223 solum,

188 3242 460 3314 amarulentiam
478 3254 513 3311 et
532 3241 660 3331 glorias
683 3235 845 3331 bominis
861 3264 993 3337 nemo,
1019 3238 1180 3332 quamvis
1231 3240 1493 3312 verumetiam
1527 3241 1741 3323 amicorum,
1783 3241 1912 3335 quibus
1934 3236 2065 3331 'magis
2105 3255 2221 3313 metuo

189 3346 344 3437 patiens,
380 3343 478 3413 ferre·
505 3355 654 3434 poterat.
718 3338 796 3412 Imo
829 3341 899 3410 nisi
926 3339 1180 3430 Wittenberga
1233 3367 1338 3437 quam
1357 3337 1458 3415 mihi.
1510 3339 1630 3421 Dices,
1662 3365 1725 3411 cur
1744 3341 1854 3433 igitur
1876 3366 1950 3411 uon
1967 3343 2089 3425 statim
2106 3334 2222 3437 impu-

189 3462 262 3516 tam
285 3445 410 3537 procul
434 3444 585 3528 abesset,
623 3467 699 3513 non
720 3441 936 3513 dubitassem
961 3443 1051 3512 istuc
1071 3442 1197 3535 proli-1
1232 3445 1362 3535 gnabas
1387 3466 1475 3537 quae
1498 3440 1756 3535 displicebant?
1814 3440 1911 3532 Quia
1931 3440 2094 3515 favebam
2116 3468 2224 3537 nego·

176 3548 275 3621 ,cisci
295 3547 370 3627 dies
394 3545 549 3639 aliquot,
590 3569 670 3614 cum
694 3537 863 3614 Luthero
884 3570 924 3614 ac
945 3556 1060 3614 tecum
1084 3567 1181 3613 com·
1232 3547 1282 3616 tio
1306 3542 1531 3615 renovandae
1558 3544 1730 3615 libertatis
1754 3539 2006 3635 Evangelicae,
2032 3558 2083 3615 .et
2105 3569 2221 3639 spera-

191 3649 447 3724 municaturus.
510 3645 623 3716 Porro
645 3671 691 3716 ne
713 3646 903 3716 scriberem
924 3645 1096 3738 persuasit
1118 3645 1179 3714 illa
1232 3650 1315 3718 bam
1335 3638 1543 3716 Laeliorum
1566 3645 1789 3716 admonitum
1811 3644 2112 3721 moderatioribus
2141 3671 2222 3719 con-

191 3753 313 3843 prima·
329 3752 375 3819 ad
393 3739 602 3833 Lethaeum
628 3748 792 3840 epistola,
829 3771 959 3839 magno
983 3771 1060 3816 meo
1084 3746 1181 3839 peri·
1233 3749 1323 3818 siliis
1352 3771 1511 3822 usurum.
1579 3744 1703 3840 ltaque
1740 3748 1911 3817 clamores
1944 3741 2221 3839 Theologomm.

190 3853 272 3923 culo
299 3853 404 3926 edita.
474 3845 572 3920 Haec
598 3850 694 3919 enim
720 3850 818 3921 dedit
843 3873 965 3922 ansam
991 3842 1181 3941 Alcan'dro
1233 3850 1350 3945 quoad
1364 3849 1482 3943 potui,
1507 3848 1723 3940 compescui,
1741 3844 1956 3943 ¹Principum
1969 3848 2222 3929 saevitiamco·

191 3954 417 4047 iampridem
433 3949 557 4044 iniquo
574 3952 612 4021 in
629 3975 686 4020 me
701 3951 838 4037 animo,
869 3965 909 4022 ut
926 3974 982 4020 me
1001 3951 1181 4043 perditum
1233 3947 1354 4037 hibui,
1379 3952 1474 4047 quod
1491 3965 1524 4020 et
1541 3946 1767 4022 hodiefacio.
1818 3946 1970 4033 Causam
1988 3940 2222 4037 bonarumli-

191 4058 278 4141 iret,
311 4068 456 4126 conatus
469 4046 609 4124 Leonis
626 4054 785 4123 animum
803 4053 941 4124 irritare
963 4052 1003 4121 in
1026 4077 1100 4138 me,
1133 4052 1182 4123 si·
1233 4068 1389 4125 terarum
1405 4052 1537 4122 semovi
1554 4077 1573 4121 a
1591 4075 1694 4123 causa
1714 4040 1892 4129 bether&
1918 4044 2222 4145 'captabamo'cca-

192 4158 269 4229 mul
282 4149 502 4237 Leodieasis
518 4154 691 4247 episcopi,
717 4154 779 4249 qui
794 4160 894 4249 prius
908 4178 1020 4247 paene
1041 4154 1182 4249 depcri-
1234 4155 1389 4238 sionem,
1421 4167 1462 4225 ut
1475 4149 1672 4245 Evangelio
1686 4146 1771 4223 'sine
1794 4155 1952 4246 tumultu
1971 4152 2221 4236 consuleretur,

154 4261 272 4344 ,bam
296 4275 337 4330 ut
351 4259 400 4328 ita
416 4257 559 4350 loquar,
585 4258 625 4327 in
639 4252 838 4330 Erasmum.
888 4254 980 4328 Nam
997 4248 1182 4349 ipseLeo-
1234 4270 1296 4327 aut
1317 4269 1409 4351 certe
1431 4255 1507 4324 sinc
1528 4254 1625 4345 gravi
1645 4254 1813 4353 tumultu.
1861 4252 1917 4343 ,Nc
1941 4250 2059 4327 adhuc
2082 4258 2220 4352 quidem

195 4356 335 4429 diensis
350 4359 503 4430 ostendit
514 4354 606 4428 mihi
617 4359 755 4443 literas,
780 4383 867 4452 quas
881 4361 925 4429 ad
941 4383 1020 4429 eum
1036 4354 1181 4431 eRoma
1234 4359 1344 4430 ullam
1365 4358 1606 4450 praetermitto
1629 4356 1865 4441 occasionem,
1898 4357 2124 4453 scribens-ad
2139 4350 2220 4429 Cae·

194 4464 379 4554 scripserat
394 4453 600 4540 Alcander,
631 4459 714 4531 satis
738 4461 859 4530 odiose
881 4485 937 4529 me
962 4462 1182 4551 attingentes.
1234 4484 1348 4530 sarem
1373 4459 1531 4552 aliosque
1553 4457 1760 4549 Principes,
1783 4454 2016 4529 Gamalielem
2049 4461 2217 4553 quenduu

178 4561 316 4651 ¹Quum
334 4563 452 4657 itaque
469 4563 626 4632 viderem
649 4563 743 4653 apud
766 4561 851 4632 istos
870 4556 963 4632 nihil
985 4586 1057 4633 esse
1080 4564 1183 4649 clam,
1235 4584 1359 4652 agens,
1388 4574 1582 4654 optansque
1598 4559 1735 4630 felicem
1750 4560 1905 4658 aliquem
1920 4559 2069 4637 fabulae¹
2084 4562 2216 4633 exitum.

193 4666 350 4735 iudicavi
365 4665 493 4734 rectius
507 4659 671 4733 cohibere
685 4663 871 4738 calamum.
903 4662 1003 4754 Quin
1019 4680 1053 4737 et
1067 4689 1184 4735 exem·
1233 4661 1401 4734 Pontifici
1425 4654 1596 4733 Adriano
1618 4661 1765 4754 liberius
1790 4661 2134 4757 scripseramsuper
2159 4656 2215 4731 hoc

197 4815 433 4845 ...,.-
501 4853 505 4860 .
1236 4764 1390 4856 negotio.
1454 4761 1581 4835 Postea
1610 4784 1787 4834 senseram
1816 4786 1874 4861 me
1901 4762 2117 4863 periclitari,
2153 4783 2213 4833 non

105 4900 108 4907 ·
144 4934 148 4939 .
231 4889 521 4959 1)cammaus.-
572 4887 675 4941 ceierae
697 4885 765 4939 aret.
788 4886 822 4940 aa
845 4885 1184 4972 normannicarum
1236 4869 1333 4961 quod
1348 4866 1532 4958 impeteret
1546 4867 1640 4957 ipse,
1671 4866 1732 4935 sed
1755 4865 1850 4959 quod
1869 4864 2040 4935 adversus
2053 4862 2213 4958 impeten-

266 4961 401 5015 Attulerat
413 4977 454 5039 eas
469 4954 679 5037 adPellieanum
698 4966 724 5007 et
738 4952 879 5038 braimum
893 4958 1078 5031 Camerarius,
1100 4978 1184 5030 quum
1236 4981 1288 5039 tes
1319 4968 1497 5039 desineret
1525 4967 1630 5038 tuerit
1690 4964 1763 5037 Nec
1795 4966 1879 5039 satis
1911 4978 2029 5037 tutum
2062 4980 2139 5039 em,
2160 4960 2212 5039 iffi,

266 5046 360 5082 mense
379 5026 457 5080 Maro
482 5025 666 5079 ePalattnatu
687 5024 834 5096 Basilum,
861 5034 889 5079 ul
913 5025 1055 5080 Erasmum
1081 5030 1187 5103 viseret,
1622 5044 1632 5053 ·
1828 5052 1834 5068 ·

266 5097 406 5169 proiectus
421 5095 525 5148 fuisset.

230 5176 388 5251 2)'Scripto
404 5176 514 5231 llutleui
534 5215 552 5299 „
560 5173 737 5247 expostulatio
757 5175 883 5234 adversus
901 5175 1079 5251 Erasmum”,
1104 5179 1186 5235 Eras-

173 5256 182 5276 ‘
268 5254 505 5371 lnilgffiollm
518 5263 532 5298 a
546 5243 605 5300 md:
630 5243 774 5315 „Spongia
788 5245 915 5301 adversus
931 5245 1040 5301 liutteni
1059 5260 1186 5319 expostu·
1269 5252 1382 5377 Qvi&
1399 5251 1480 5376 ¹epist.
1492 5250 1605 5376 libhm
1616 5253 1696 5324 'apud
1707 5248 1849 5325 'Aurissbn
1868 5250 1908 5327 ll.,
1926 5250 1986 5313 193.
2005 5240 2039 5309 ἀὲ
2052 5250 2149 5307 Weu.
2166 5264 2212 5318 epp·

278 5337 312 5370 ai
400 5354 406 5367 .
1327 5340 1384 5376 u.
1427 5341 1484 5394 .p.
1549 5358 1557 5376 .
1992 5348 1995 5353 ·

233 5404 263 5469 3)
283 5390 411 5459 Mortuus
425 5409 465 5455 cst
478 5397 611 5463 lluttenm
622 5417 695 5459 anuo
711 5399 786 5455 1⁵23.
1271 5407 1299 5475 5)
1319 5406 1352 5460 de
1364 5422 1419 5477 quc
1432 5406 1538 5478 loquuti
1553 5423 1647 5477 sumus
1661 5425 1742 5478 napta
1753 5406 1783 5461 iu
1797 5405 1851 5460 line
1862 5404 1972 5477 epistol·
1984 5423 2016 5461 ex
2027 5424 2102 5462 anno
2119 5403 2186 5464 tw.

1235 5142 1504 5163 *l
