4500 5782
106 196 231 311 sso
279 223 281 226 ⁴
467 256 469 261 ·
674 150 1119 287 ‘nonrormm
1161 205 1277 299 Ιιιιιι
1305 208 1373 289 ιιι
1416 207 1613 307 ,csso-,⁸
2068 216 2144 309 ep

109 382 367 483 scriptumest.
424 375 522 479 Ergo
542 375 671 455 Cocrta
693 403 772 455 non
799 391 852 453 est
881 376 1106 453 sacrificium
1136 380 1244 465 rratio
1264 381 1368 461 ‚facile
1390 384 1517 464 evertit
1537 384 1675 478 priores
1697 385 1788 477 dues
1806 385 2018 479 opiniones,
2058 412 2148 483 qnae

112 485 222 579 Quod
237 498 354 577 autem
371 506 498 577 corpus
511 479 662 557 Domini
684 480 723 555 in
737 480 858 555 Coena
877 474 952 555 nou
973 474 1104 555 ollem-
1136 484 1197 573 3de
1220 490 1328 577 o'pere
1343 484 1558 579 loquuntur,
1582 501 1616 559 et
1630 487 1774 579 origum
1789 513 1901 581 opus,
1921 489 2149 579 omissa-fide,

113 604 192 675 tur,
220 586 376 683 probant
396 583 503 655 etiam
527 580 634 657 verba
655 580 812 657 Coenae:
838 578 1018 683 Accipite,
1044 607 1103 669 co·
1134 580 1188 685 jet
1209 585 1345 657 faciunt
1368 612 1409 655 er
1423 582 1620 679 Evangelio
1636 588 1770 680 legem,
1799 603 1834 661 et
1858 616 1902 661 ex
1923 615 2022 661 novo
2043 604 2147 665 testo·

112 684 242 763 medin
256 701 320 757 etc.
370 683 477 756 ltem:
497 676 558 757 hic
574 693 626 759 cst
641 682 892 761 cetranorum
908 693 1104 757 testamen-
1135 701 1273 783 ¹mento
1307 701 1426 759 vetus:
1461 690 1602 781 fingunt
1617 687 1694 761 Deo
1719 692 1857 787 aliquid
1882 690 2020 763 offerri.
2074 690 2147 767 Nos

112 802 210 877 trra.
235 791 362 872 idest,
387 811 482 858 nova
496 787 695 879 promissio.
746 788 924 861 sacrificia
947 800 981 859 et
1003 789 1104 857 ohla—
1135 786 1276 887 {canna
1293 790 1482 880 sentimus,
1508 794 1603 887 quod
1626 791 1737 866 aDeo
1753 795 1924 865 offeratur
1943 794 2049 863 nohis
2068 817 2145 886 gro·

24 928 31 943 ·
112 896 229 980 tiones
244 904 327 971 sunt
340 914 396 961 res
415 902 575 973 nostrae,
600 915 687 983 quas
698 887 775 960 Deo
791 890 985 969 reddimus.
1034 887 1103 965 Hic
1135 891 1221 972 mia,
1260 903 1295 961 et
1324 892 1485 963 remissio
1511 908 1754 986 peccatorum,
1787 890 1881 967 hane
1909 897 2143 967 cerenmniam

100 1011 232 1077 ¹autem
251 1016 326 1069 non
352 990 476 1063 damus
496 986 658 1079 Christo,
682 995 743 1063 sed
769 991 959 1084 accipimus
980 991 1026 1062 ab
1050 1016 1103 1067 eo.
1134 992 1371 1079 simtitutam,
1397 1008 1437 1065 ut
1452 997 1743 1069 commonefaciat
1767 1021 1834 1067 nos
1852 999 1899 1067 ad
1917 998 2146 1087 credendum,

113 1098 198 1173 Non
223 1094 332 1187 igitur
360 1106 519 1171 servatur
559 1107 687 1167 natura
719 1093 882 1167 sacrificii
916 1094 973 1164 vel
1003 1094 1104 1165 obla-
1134 1089 1420 1185 ‚sicurehrinus
1436 1096 1502 1167 ait:
1532 1090 1664 1167 Facite
1685 1095 1726 1168 in
1745 1095 1819 1167 mei
1833 1096 2142 1170 commemoratio·

114 1199 237 1273 rioms.
711 1258 716 1265 .
763 1242 766 1253 ·
1134 1204 1245 1268 'nem
1299 1193 1374 1266 lam
1389 1199 1593 1269 meminisse
1605 1192 1758 1287 Christi,
1781 1224 1857 1269 non
1876 1200 1987 1269 modo
2002 1213 2057 1270 est
2072 1224 2142 1273 rne-

215 1298 356 1383 Tertio,
381 1292 456 1367 sola
478 1295 566 1379 lidos
584 1308 622 1369 et
640 1295 816 1373 monnio
838 1311 890 1369 est
909 1292 1102 1389 gratiarum
1133 1282 1297 1385 {minore
1311 1293 1509 1373 historiam.
1560 1299 1651 1371 Nam
1663 1295 1757 1371 hanc
1774 1302 2021 1375 meminerunt
2039 1302 2142 1375 etim

10 1418 14 1423 '
113 1403 224 1488 actio,
248 1401 339 1471 sicut
355 1398 525 1491 scriptum
547 1410 615 1483 etit
645 1423 709 1493 per
728 1398 846 1491 ipsum
869 1422 952 1491 ergo
974 1397 1104 1469 offera-
1133 1396 1274 1491 *impit
1307 1401 1369 1471 sed
1393 1401 1556 1487 credere,
1595 1403 1694 1497 quod
1712 1396 1878 1475 Christus
1902 1402 2011 1475 nobis
2037 1404 2142 1487 donn

112 1530 193 1579 mus
212 1499 365 1576 hostiam
386 1499 504 1571 laudis
517 1496 660 1594 sinrper
677 1494 774 1586 Deo,
798 1500 835 1571 id
854 1514 926 1588 est,
947 1501 1102 1575 fructum
1133 1558 1136 1583 2
1152 1497 1312 1593 gretiam.
1616 1582 1619 1587 ¹

112 1607 293 1685 labiorum
314 1599 559 1677 confitentium
578 1599 721 1675 nomini
739 1601 826 1686 eius.
877 1599 991 1694 Igitur
1012 1600 1136 1695 opus}
1252 1599 1351 1673 Haec
1365 1604 1538 1675 sententia
1554 1618 1606 1677 est
1620 1604 1727 1699 plena
1740 1605 2006 1681 consolationis.
2045 1602 2142 1679 nun

106 1772 108 1777 ,
168 1726 311 1801 umper
323 1727 397 1775 sese
413 1727 488 1774 non
509 1716 561 1775 est
582 1703 810 1790 sacrificium,
835 1703 926 1779 sicut
948 1702 1104 1773 somniat
1132 1702 1288 1801 {priores
1311 1728 1388 1773 non
1409 1705 1535 1778 iuvant
1551 1706 1794 1783 conscientias.
1849 1704 1905 1781 Ac
1925 1709 2044 1802 prima
2066 1708 2141 1804 qni·

126 1890 130 1895 ,
151 1808 241 1883 aber
255 1809 367 1903 ipsam
380 1804 615 1879 ceremoniam
628 1806 757 1877 lectam
772 1830 792 1877 a
806 1805 1005 1889 sacerdote,
1027 1802 1105 1899 sive
1133 1805 1375 1903 ,demqopinio
1391 1808 1574 1878 manifeste
1594 1823 1647 1880 est
1666 1809 1909 1905 impia„quae
1932 1812 2039 1881 docet
2055 1809 2140 1880 Mis·

113 1916 229 2000 bono,
266 1910 339 1980 sive
365 1906 461 1979 malo
488 1929 555 1999 pto
575 1902 754 1993 Ecclesia,
794 1906 1002 1979 sacrificium
1030 1926 1103 1977 csse
1133 1914 1226 1978 ²sam
1248 1907 1376 1977 mereri
1396 1908 1495 1979 vivis·
1508 1935 1548 1980 ac
1570 1911 1739 1997 mortuis,
1766 1913 1860 1999 sicut
1876 1908 2004 1983 Canon
2027 1911 2140 2005 loqui

114 2030 148 2089 et
165 2013 357 2107 gratiarum
377 2010 565 2081 actionem.
1132 2021 1225 2107 tur.
1270 2006 1342 2081 Sed
1358 2013 1510 2080 secunda
1529 2024 1563 2082 et
1579 2012 1681 2085 tertia
1696 2027 1847 2106 possunt
1865 2008 2001 2107 hahere
2022 2014 2141 2106 dispo·

213 2110 281 2187 Ill.
331 2110 453 2187 Tertia
480 2109 604 2203 opinio
627 2121 680 2181 est
699 2125 839 2198 nostra,
861 2135 969 2206 quam
994 2132 1103 2181 unam
1133 2109 1321 2199 ,tationem
1350 2109 1547 2202 longiorem
1587 2114 1682 2186 inter
1713 2115 1883 2187 cruditos.
1946 2113 2086 2187 Verum
2105 2127 2142 2185 ut

114 2242 234 2289 veram
247 2229 284 2287 ct
299 2225 570 2285 consentaneam
588 2212 782 2305 scripturae
798 2236 872 2283 esse
894 2212 1106 2296 iudicamus,
1133 2240 1137 2261 =
1151 2211 1303 2281 maxime
1317 2212 1430 2284 velint
1447 2215 1640 2283 adversarii
1661 2216 1775 2286 nostri
1790 2217 1985 2287 secundam
2000 2216 2140 2309 opinio-

113 2321 210 2415 qrmd
234 2315 356 2406 Coena
377 2314 423 2386 sit
445 2313 624 2400 instituta,
655 2338 731 2387 non
751 2329 792 2387 ut
811 2313 948 2409 aliquid
974 2312 1105 2383 offera-
1133 2336 1235 2387 ·nem
1255 2315 1437 2405 amplecti,
1468 2328 1586 2386 tamen
1610 2315 1741 2388 Missae
1761 2318 1903 2387 venales
1929 2333 1964 2388 et
1987 2319 2139 2410 applica-

112 2445 194 2509 mus
204 2415 300 2503 Deo,
326 2418 387 2489 sed
407 2430 446 2487 ut
461 2438 525 2507 per
546 2439 622 2495 eam
646 2416 750 2489 nobis
772 2416 910 2511 aliquid
932 2414 1102 2487 offeratur
1133 2420 1215 2507 {tae
1231 2440 1297 2507 pro
1319 2416 1399 2485 aliis
1422 2430 1528 2488 erunt
1554 2419 1743 2491 tollendae.
1806 2416 1889 2509 Qua
1910 2442 1953 2489 er
1977 2444 2017 2489 re
2038 2421 2140 2511 etiam

115 2538 151 2599 ct
164 2514 392 2607 nslsibeatur,
415 2514 597 2602 videlicet,
621 2532 661 2589 ut
676 2519 722 2590 sit
739 2531 1015 2603 sacramentum,
1031 2541 1106 2612 quo
1134 2540 1278 2607 magna
1296 2518 1445 2589 mutatio
1467 2518 1527 2590 fiet
1548 2519 1588 2589 in
1610 2520 1757 2612 privatis
1772 2517 1906 2593 Missis.
1958 2519 2030 2599 Sed
2055 2525 2141 2593 dua·

114 2623 219 2696 nobis
241 2620 391 2693 offertur
417 2619 548 2710 gratia,
580 2633 614 2688 et
638 2645 709 2713 quo
730 2644 937 2691 moveamur
956 2620 1002 2690 ad
1026 2641 1102 2689 cre-
1135 2642 1231 2715 rum
1248 2619 1484 2713 posteriorum
1499 2621 1711 2714 opinionum
1727 2622 1857 2692 subtile
1875 2622 2071 2694 discrimen
2083 2635 2143 2709 est,

112 2727 297 2809 ciendum,
349 2736 383 2791 et
419 2720 565 2813 pavidas
598 2721 829 2793 conscientias
867 2720 1101 2793 consolemur.
1135 2721 1248 2817 ¹quod
1263 2714 1426 2793 homines
1440 2722 1598 2816 imperiti
1619 2749 1694 2797 non
1714 2725 1817 2797 facile
1840 2724 2041 2817 perspicere
2062 2746 2140 2819 pos·

114 2824 211 2901 Haec
236 2823 409 2901 sententia
432 2822 570 2923 ostendi
585 2835 719 2914 potest,
743 2825 899 2916 primum
919 2847 960 2911 es
979 2821 1103 2914 appel·
1135 2824 1245 2894 sunt.
1288 2819 1374 2893 ldeo
1394 2818 1548 2918 optarim
1564 2828 1745 2919 paulisper
1760 2826 2003 2922 disputatione
2017 2828 2140 2898 omissa

113 2928 248 3016 latione
286 2924 517 3001 sacramenti.
601 2921 698 3013 Quia
739 2924 1006 2999 Sacramentum
1052 2934 1104 2992 est
1151 2924 1196 2993 de
1217 2947 1316 2993 more
1336 2925 1413 3017 ipso
1435 2927 1636 3000 deliberari.
1689 2926 1799 2997 Pauci
1820 2927 2031 3020 permittent
2053 2928 2139 2999 ullas

114 3033 257 3125 signnm
272 3027 404 3127 gratiae
424 3024 528 3099 nohis
547 3026 771 3118 promissum.
819 3023 915 3117 Ergo
933 3041 968 3097 et
982 3023 1102 3113 Coena
1135 3023 1280 3094 Missas
1297 3028 1446 3108 mutari,
1471 3029 1532 3096 sed
1557 3028 1699 3099 interim
1719 3053 1796 3099 non
1817 3041 1958 3121 oportet
1979 3026 2142 3099 damnari

115 3149 166 3209 est
182 3139 262 3215 res,
301 3154 391 3224 quae
419 3141 567 3200 testatur
595 3129 698 3199 nobis
727 3128 849 3199 offerri
880 3141 915 3199 et
942 3122 1102 3197 exhiberi
1134 3120 1250 3207 illos,
1291 3140 1459 3221 tanquam
1480 3122 1692 3212 haereticos,
1731 3130 1795 3223 qni
1814 3153 1889 3199 non
1911 3124 2049 3201 habent
2070 3129 2139 3223 pri·

114 3235 277 3333 gratiam.
305 3224 427 3321 ''Non
455 3244 507 3299 ost
538 3228 646 3319 igitur
674 3230 883 3302 sacrificium
910 3242 972 3300 aut
1001 3251 1103 3319 opus,
1135 3218 1247 3301 {vacas
1264 3222 1405 3303 Missas.
1453 3224 1554 3303 Nihil
1572 3231 1670 3299 enim
1689 3232 1824 3302 iaciunt
1845 3245 1970 3302 contra
1991 3233 2138 3324 scriptu·

165 3362 195 3418 o,
210 3356 276 3405 nos
293 3329 371 3402 Deo
398 3332 445 3403 ali
472 3330 536 3403 uid
557 3331 750 3405 offerimus.
815 3330 963 3403 Constat
993 3328 1102 3416 enim,
1135 3353 1245 3414 cram,
1294 3343 1356 3400 aut
1380 3326 1559 3402 Ecclesiae
1590 3332 1720 3402 veteris
1747 3332 2063 3418 consuetudinem,
2108 3346 2140 3403 et

114 3362 273 3509 genam
299 3457 320 3503 a
342 3445 416 3503 tota
438 3358 595 3503 licclesia
624 3433 794 3525 appellari
824 3432 1103 3505 Sacramentum.
1135 3430 1273 3501 lveram
1301 3431 1507 3523 opinionem
1533 3447 1742 3529 sequuntur.
1807 3432 1890 3502 Non
1913 3448 1967 3506 est
1991 3458 2139 3519 necesse,

114 3537 254 3615 Deinde
272 3559 313 3605 cx
327 3533 561 3629 appellatione
574 3528 836 3620 Eucharistiae,
860 3535 943 3629 qnia
957 3527 1101 3605 Eucha-
1136 3532 1306 3625 {privatas
1324 3531 1454 3604 Missas
1469 3526 1594 3604 haberi
1619 3535 1715 3605 iuxta
1738 3548 1896 3604 nostram
1910 3537 2139 3609 sententiam.

115 3641 216 3713 ristia
231 3651 282 3709 est
300 3634 491 3727 gratiarum
513 3636 617 3731 actio.
664 3631 713 3706 At
735 3635 1039 3725 gratiarumactio
1063 3634 1102 3705 sc
1137 3634 1211 3729 ²llli
1236 3648 1329 3705 reete
1353 3647 1503 3705 utuntur
1527 3632 1647 3707 Coena
1668 3634 1832 3721 Domini,
1870 3637 1935 3729 qui
1964 3661 2048 3707 curn
2079 3631 2138 3706 hs-

114 3767 181 3835 pro
199 3752 294 3817 certo
309 3737 492 3809 beneficio.
538 3733 634 3827 Ergo
651 3736 690 3806 in
704 3735 825 3811 Coena
842 3737 1014 3830 accipitur
1034 3735 1102 3804 ali·
1138 3737 1258 3807 ¹beant
1277 3735 1423 3828 pavidas
1441 3738 1692 3818 conscientias,
1717 3751 1885 3828 expetunt
1901 3735 2081 3823 Coenam,
2103 3750 2139 3807 ut

140 3843 222 3927 uid,
246 3866 312 3933 pro
334 3865 406 3935 quo
430 3839 560 3931 gratiae
585 3852 747 3928 aguntur.
805 3837 888 3909 Non
910 3838 1005 3935 enim
1029 3837 1102 3927 agis
1138 3836 1202 3913 zibi
1231 3837 1365 3929 erigant
1393 3838 1498 3908 tidem
1539 3853 1574 3908 et
1605 3839 1809 3933 concipiant
1847 3839 2140 3911 consolationem.-

114 3871 258 4019 Christo
280 3940 409 4033 gratias
430 3964 495 4032 pro
521 3940 710 4032 passione..
731 3942 762 4013 si
785 3964 858 4011 non
881 3941 1028 4026 sentias,
1067 3951 1102 4009 te
1139 3938 1211 4011 Sic
1230 3936 1449 4033 Cyprianus,
1481 3936 1702 4031 Augustinus
1723 3940 1839 4010 etalii
1865 3943 1911 4011 de
1934 3966 2004 4012 usu
2023 3940 2142 4019 Conse

115 4042 393 4121 consolationem
420 4042 589 4135 accipere.
646 4040 791 4114 Veteres
809 4055 902 4113 recte
924 4040 1103 4135 appellant
1151 4032 1368 4135 loquuntur,
1397 4035 1500 4139 quod
1515 4039 1565 4111 sit
1589 4036 1853 4113 consolationis
1885 4041 1989 4113 cs'bns
2016 4051 2048 4111 ιι
2067 4066 2139 4137 po·

113 4142 394 4230 Eucharistiam,
432 4146 493 4214 sed
517 4143 620 4215 multi
647 4167 775 4235 pamm
798 4147 983 4217 commode
1004 4167 1104 4213 acce-
1139 4136 1280 4213 dolum
1296 4134 1427 4212 cordes.
1478 4140 1559 4213 Non
1573 4158 1819 4236 potestantem
1834 4144 1985 4231 institui,
2012 4159 2052 4214 ut
2066 4168 2138 4213 cer·

115 4262 256 4345 petunt.
318 4246 388 4323 Sed
413 4245 550 4318 firmior
577 4244 740 4337 probatio
765 4245 918 4317 sumitur
947 4270 990 4317 er
1018 4244 1104 4336 ipsis
1139 4250 1208 4315 itae
1233 4266 1404 4335 personae
1427 4257 1523 4315 certo
1545 4258 1703 4337 tempore
1725 4246 1923 4331 eelebrent,
1959 4248 2045 4341 quia
2067 4267 2137 4315 non

116 4351 250 4425 verbis:
266 4346 341 4421 Hic
356 4342 528 4419 astralia
543 4369 674 4419 novum
691 4354 957 4421 testamentum.
988 4345 1102 4419 Porro
1152 4357 1301 4436 possunt
1320 4345 1452 4438 pariter
1472 4370 1545 4415 esse
1568 4347 1727 4420 idoneae.
1780 4345 1886 4431 ltem,
1911 4341 2009 4417 nihil
2032 4348 2138 4416 inter·

116 4477 250 4527 novum
270 4461 517 4531 testamentum
540 4462 592 4520 est
613 4449 800 4540 promissio
824 4449 975 4539 gratiae,
1013 4470 1104 4542 quae
1139 4461 1205 4517 est
1228 4446 1322 4517 inter
1343 4447 1448 4517 talem
1468 4443 1645 4536 Coenam,
1670 4462 1705 4541 et
1726 4448 1910 4522 laicorum.
1962 4445 2064 4520 luxta
2086 4471 2138 4516 se-

33 4542 38 4550 ’
117 4555 266 4629 offertur
313 4576 351 4622 er
372 4549 657 4631 Sacramentum,
680 4551 771 4627 sicut
796 4550 908 4641 gratia
932 4548 1104 4623 offereba-
1140 4548 1304 4619 'cundam
1328 4549 1534 4641 opinionem
1557 4563 1650 4620 recte
1671 4564 1822 4620 utuntur
1844 4544 1986 4637 Coena,
2017 4549 2137 4645 quiid

117 4575 350 4729 suthraiae
366 4676 430 4745 por
445 4652 766 4739 circumcisionem,
786 4652 877 4723 sicut
890 4677 953 4747 per
968 4651 1104 4745 baptis-
1151 4673 1241 4743 opus
1263 4651 1418 4722 reddunt
1433 4646 1520 4723 lleo·
1534 4653 1581 4721 ad
1603 4652 1850 4741 declarandam
1875 4652 2138 4742 gratitudinem.

118 4782 217 4830 mum
237 4749 386 4825 offertur
405 4753 528 4844 gratia.
575 4748 671 4844 Ergo
694 4754 732 4827 in
749 4752 963 4827 Coeuanon
983 4750 1112 4829 offeri·
1153 4749 1253 4825 turta
1278 4746 1371 4822 hanc
1392 4752 1599 4845 opinionem
1619 4777 1694 4823 non
1717 4766 1831 4844 potest
1855 4755 2015 4839 ostendi,
2053 4752 2136 4847 quid

118 4883 217 4945 mus,
242 4857 303 4927 sed
319 4854 510 4948 accipimus
523 4854 673 4949 aliquid.
1151 4853 1292 4924 intersit
1305 4854 1399 4923 inter
1412 4853 1664 4944 gratitudinem
1681 4855 1853 4925 laicorum
1868 4869 1904 4925 et
1915 4856 2137 4950 presbytero-

219 4958 402 5033 Postremo
417 4952 486 5029 hoc
502 4970 656 5043 constat,
680 4954 828 5028 Missam
849 4955 926 5031 sine
945 4956 1015 5029 lide
1030 4977 1106 5026 non
1139 4954 1269 5028 3rum.·
1310 4953 1394 5025 ldeo
1419 4979 1493 5025 non
1516 4969 1630 5048 potest
1659 4956 1824 5048 probari,-
1855 4958 1954 5050 qnod
1982 4968 2137 5050 oportent

119 5062 295 5157 prodesse.
347 5053 497 5154 Alioqui
509 5059 607 5129 enim
620 5057 753 5143 iustitia
769 5074 859 5131 esset
873 5084 914 5130 er
928 5056 1105 5152 operibus.
1152 5069 1264 5127 certas
1284 5080 1450 5148 personas
1472 5059 1517 5126 ad
1542 5057 1792 5129 celebrandum
1815 5059 1983 5131 conduci.
2044 5056 2137 5147 Eupo

117 5152 211 5253 Cum
232 5162 341 5255 igitur
355 5157 467 5235 Missa
485 5159 643 5254 requirat
664 5159 789 5246 fidem,
809 5184 900 5255 quae
916 5160 1036 5233 medat
1048 5181 1104 5229 re-
1152 5170 1277 5229 neutra
1290 5157 1414 5250 opinio
1429 5158 1522 5248 cogit
1539 5159 1693 5250 privates
1701 5158 1830 5231 Misso
1844 5160 1934 5232 fieri.

43 5288 45 5293 ·
118 5264 214 5337 ιιιὶιιί
241 5277 397 5359 peccata,
427 5261 622 5335 necessario
656 5260 836 5359 sequitur,
863 5286 940 5335 eam
962 5259 1145 5337 indito-1¹.
1255 5257 1362 5347 Quod
1394 5273 1512 5330 autem
1539 5261 1697 5350 privatae
1724 5260 1855 5359 Missae
1885 5286 1961 5331 non
1989 5257 2138 5331 halreant

119 5382 196 5471 tam¹
215 5389 307 5455 ωε,
330 5376 370 5441 ιιι
391 5390 455 5460 pet·
474 5388 552 5435 sam
570 5364 712 5463 atiqpid,
727 5364 951 5459 accipiamus.
1008 5358 1119 5463 Haec.
1139 5352 1353 5469 {exemptum
1368 5361 1406 5433 in
1423 5361 1625 5455 scripturis,
1647 5363 1895 5457 palmeam
1912 5378 2012 5435 texto
2027 5361 2057 5439 l.
2070 5359 2138 5447 Ce-
