4500 5782
154 212 231 293 eas
670 158 675 167 ’
746 189 1181 277 ttrtsronannn
1230 191 1336 271 arn
1363 190 1409 268 n.
1460 188 1596 271 asae.
2108 198 2149 275 η

156 400 336 473 beaverat,
369 373 627 455 et'ltab'itacula
647 393 830 443 servorum
856 381 891 441 et
911 367 1055 437 ordlnes
1076 365 1146 435 mi·
1197 380 1238 439 nt
1256 389 1297 437 os
1318 365 1492 458 lampadis
1515 363 1754 457 expoliarent*
1792 363 1886 439 Nau
1903 359 2089 468 Philippo
2106 366 2149 445 Ι

156 489 385 570 nistrantium
400 482 565 562 vidisset,
589 476 682 547 ultra
698 473 862 565 spiritum
883 463 1145 539 nonhabebat:
1198 460 1423 539 lamhtdoni
1436 466 1564 556 gratias
1580 481 1659 556 agat
1672 460 1854 554 Litterae,
1872 472 1970 563 quad
1985 462 2150 568 ,mu-iq

28 658 34 663 .
156 604 195 673 in
210 594 342 692 quibus
354 584 472 656 verbis
483 576 755 650 ecclesiasticum
765 571 957 643 monstrari
970 570 1147 655 ordinem,
1198 566 1365 640 nonnihil
1382 593 1488 662 supra
1502 569 1602 638 illam
1618 568 1746 642 elevari
1760 570 1930 641 videntur
1942 573 2150 670 balbiloque

156 702 220 804 qui
235 700 274 769 in
288 690 397 764 variis
409 684 670 778 Episcoporum
691 691 726 747 et
738 673 1032 768 Presbyterorum
1053 671 1147 742 sedi·
1198 673 1296 757 tiam,
1321 695 1428 765 quam
1444 671 1517 763 ipse
1529 671 1609 740 aliis
1621 671 1926 764 impudentissime
1938 675 2074 751 obiicit.
2114 673 2150 749 fl

156 808 225 877 bne
249 795 422 873 habetur,
451 798 567 879 patres
593 776 823 851 eruditissimi
849 778 1011 848 docuere.
1076 773 1147 845 Sed
1199 775 1295 843 enim
1309 775 1504 844 multorum
1518 773 1612 843 fama
1627 786 1661 842 et
1674 774 1776 843 stilus
1790 774 1865 866 ipse
1880 788 2044 863 testatur,
2069 778 2150 849 abil

157 906 243 1005 quid
258 895 382 969 multis
396 887 542 959 moror?
594 880 812 970 Augustinus
827 878 864 946 in
882 878 974 947 libro
991 878 1035 946 de
1052 873 1148 944 Hae-
1198 872 1344 945 homine
1359 875 1516 944 mutuari
1529 869 1756 959 atterutrum,
1771 889 1812 946 ut
1829 877 1936 968 paulo
1952 878 2151 951 mseribem

155 1006 294 1081 resibus
322 994 419 1068 testis
452 1002 522 1072 cst,
561 981 714 1057 Arianos
748 981 840 1051 inter
871 979 940 1048 alia
972 974 1147 1047 haeretica
1199 978 1360 1047 videatur
1390 998 1463 1044 esse
1491 975 1667 1050 disertior.
1730 974 1835 1048 Unde
1863 980 2083 1070 apertissime
2111 980 2151 1053 lit

157 1114 319 1199 dogmata
362 1093 429 1167 hoc
462 1090 566 1162 etiam
600 1085 791 1167 invexisse,
831 1093 871 1150 ut
898 1079 1148 1173 Presbyterum
1200 1101 1385 1168 agnoscere
1408 1078 1515 1147 istum
1537 1092 1729 1149 amatorem
1750 1079 1872 1168 auguli
1894 1083 2044 1171 gloriam
2064 1084 2151 1155 arde

159 1208 259 1285 ,mua
273 1205 317 1274 ab
332 1196 507 1291 Episcopo
530 1187 729 1260 differentia
751 1183 888 1271 seiungi
908 1183 1036 1252 debere
1059 1204 1149 1250 con·
1200 1181 1332 1250 tissime
1360 1193 1393 1248 et
1422 1179 1624 1247 avidissime
1655 1182 1849 1250 consectari
1880 1196 1987 1276 atque
2015 1184 2118 1254 illam

159 1312 355 1387 ,endem
412 1295 531 1384 Quare
555 1291 662 1381 igitur
677 1281 873 1356 ullarlt'nus
888 1281 1035 1354 Nicaeni
1051 1279 1148 1353 Con-
1201 1282 1368 1352 omnibus
1382 1281 1520 1369 angulis
1540 1304 1613 1350 non
1633 1282 1772 1370 sugere,
1797 1283 1859 1352 sed
1881 1286 2124 1375 emendicare,
2144 1310 2151 1355 .:

158 1414 233 1489 cilii
248 1403 406 1486 decretis,
430 1419 518 1491 quae
536 1395 610 1485 ipse
624 1390 812 1459 inscienter
827 1385 983 1469 adducit,
1004 1384 1148 1455 obedire
1201 1386 1245 1455 ab
1276 1378 1443 1452 haeretici
1464 1382 1670 1452 definitione
1696 1384 1858 1454 exclusus
1884 1387 2065 1473 videatur,
2102 1412 2152 1483 qn

159 1508 354 1588 contemnit
395 1514 430 1570 et
462 1492 718 1566 sceleratissimi
750 1484 831 1559 Arii
861 1489 1043 1556 damnatas
1077 1486 1147 1554 iam
1201 1486 1249 1554 sic
1268 1485 1314 1554 ab
1334 1480 1533 1574 Augustino
1555 1485 1684 1556 tradita
1707 1499 1775 1556 est?
1808 1485 2018 1559 Haereticus
2038 1503 2152 1585 eet,q

158 1614 344 1711 opiniones
357 1596 603 1693 amplectitur?
646 1592 766 1681 Quare
781 1592 825 1659 ad
841 1589 1052 1658 imitandum
1067 1610 1149 1678 pra-
1201 1586 1349 1657 alicuius
1377 1587 1582 1677 temporalis
1609 1587 1787 1655 commodi
1815 1601 1850 1658 et
1879 1590 2052 1660 maximae
2082 1614 2152 1661 van

158 1708 383 1789 vissimasibi
398 1723 557 1797 quaeque
574 1694 764 1789 proponit?
806 1690 924 1779 Quare
941 1691 1010 1758 iam
1026 1689 1149 1780 explo—
1201 1689 1332 1779 gloriac
1355 1686 1648 1780 principatusque
1669 1689 1724 1756 sui
1747 1689 1860 1778 gratia
1891 1693 1997 1761 falsas
2018 1716 2061 1762 ac
2079 1680 2152 1763 ¹mm

158 1843 216 1892 tos
235 1830 269 1886 et
288 1817 530 1885 contemnatos
545 1821 680 1868 errores
700 1815 849 1888 sequens
874 1816 949 1861 non
970 1791 1047 1862 vult
1063 1785 1149 1859 hae-
1201 1791 1387 1882 opiniones
1408 1790 1463 1856 vel
1486 1789 1618 1878 gignit,
1649 1789 1707 1857 vel
1733 1790 1901 1883 sequitur.
1966 1791 2071 1882 Quae
2098 1793 2153 1865 eni

159 1920 288 1993 ,egeus
319 1903 514 2004 appellari?
573 1898 668 1988 Quia
697 1919 803 1966 sanus
834 1907 1000 1976 nonest,
1033 1915 1148 1984 neque
1202 1916 1321 1975 causa,
1347 1913 1436 1983 quae
1451 1892 1540 1960 ratio
1558 1886 1642 1958 haec
1658 1890 1837 1961 scribendi
1856 1904 1962 1985 atque
1979 1896 2142 1986 ponendi

158 2020 288 2095 mentia
303 2032 458 2104 compos.
507 2002 599 2074 Nam
614 2000 644 2068 si
665 1999 794 2068 mentis
810 2010 900 2066 esset
919 2018 1002 2064 suae
1018 2006 1148 2077 noscet,
1201 1994 1239 2062 in
1254 1993 1416 2063 coelum?
1467 1990 1633 2061 Auferte
1654 1990 1760 2063 utsic
1782 1993 2040 2083 ingratissimus
2062 1998 2109 2067 de
2129 2022 2153 2069 ι

159 2148 235 2197 non
257 2129 418 2211 oportere
440 2110 569 2178 iterum
589 2101 692 2170 novis
714 2099 793 2169 illos
816 2097 988 2185 obstringi
1008 2109 1149 2165 senten·
1201 2089 1368 2166 thoritate
1384 2088 1589 2185 Apostolica
1605 2094 1697 2163 bene
1713 2110 1925 2180 mereretur,
1950 2097 2052 2167 cuius
2067 2122 2153 2169 mam

159 2227 238 2309 tiis,
259 2221 322 2315 qui
339 2218 411 2286 iam
426 2205 583 2279 damnati
596 2201 768 2292 dogmatis
788 2212 973 2269 sectatores
988 2198 1151 2280 existunt,
1202 2220 1239 2266 re
1253 2195 1452 2285 Magisterii
1468 2195 1572 2265 titulo
1588 2207 1733 2265 ornatus
1755 2196 1831 2266 est?
1880 2196 1953 2266 Sed
1971 2199 2153 2290 praedicat

98 2352 116 2381 a
160 2350 226 2397 nec
240 2321 324 2415 ‘pati
343 2327 498 2385 sanctam
516 2307 691 2402 synodum
712 2305 757 2370 ad
780 2325 872 2371 rrova
894 2299 1043 2369 ulterius
1065 2297 1151 2367 tales
1203 2323 1257 2369 res
1276 2297 1578 2385 indulgentiarum
1598 2297 1790 2383 urgebant,
1816 2298 1998 2384 errabant,
2020 2301 2154 2373 sarab·

161 2426 283 2498 venire
317 2413 478 2490 eoncilia.
543 2406 621 2477 Hoc
652 2417 769 2475 antem
803 2403 896 2490 leges
929 2401 1024 2491 ipsae
1049 2399 1151 2469 vobis
1202 2415 1272 2472 tur.
1321 2395 1420 2472 Esto.
1479 2397 1578 2486 Quid
1600 2392 1771 2468 Martini
1790 2398 1983 2471 intererat?
2033 2399 2154 2495 lpse!

53 2574 56 2579 ι
162 2526 360 2601 ostendent.
411 2513 535 2588 Recita
557 2510 660 2598 leges.
717 2500 889 2575 LEGES.
940 2498 994 2574 Ex
1017 2496 1074 2570 his
1095 2500 1152 2569 vi·
1202 2502 1383 2592 spondeat.
1435 2498 1578 2582 Meum,
1603 2500 1738 2592 inquit,
1762 2523 1926 2571 essenon
1941 2503 2139 2591 ridebam,-

162 2634 297 2709 detote,
320 2615 500 2692 Laterum
521 2634 595 2680 non
614 2631 686 2678 esse
701 2605 829 2674 mentis
848 2618 1063 2697 compotem,
1089 2602 1151 2695 qui
1202 2599 1258 2671 his
1284 2602 1473 2694 quicquam
1494 2615 1645 2672 statuere
1665 2615 1726 2671 aut
1746 2601 1870 2670 facere.
1920 2600 1995 2674 Cur
2017 2606 2155 2696 ergoal

160 2745 203 2805 ut
218 2714 547 2822 gloriosohaeretici
557 2712 700 2780 tremine
710 2720 866 2791 ornetur,
879 2698 1153 2775 sanctioncsEc-
1203 2704 1288 2797 quid
1306 2703 1415 2772 immo
1432 2717 1465 2772 et
1482 2704 1635 2771 nimium
1651 2702 1787 2772 fecisti?
1829 2701 1904 2774 Cur
1920 2705 2155 2797 inanisgleri

162 2833 287 2906 elesiae
303 2845 413 2896 novas
428 2828 611 2910 exspectat,
634 2833 744 2903 quum
760 2822 879 2879 tamen
898 2808 943 2877 ab
958 2802 1152 2874 haeretico·
1203 2805 1393 2897 cnpiditate
1408 2806 1499 2892 leges
1514 2804 1620 2873 fixisti
1636 2817 1742 2898 atque
1754 2804 1922 2875 refixisti?
1968 2802 2022 2877 Ac
2038 2809 2155 2905 deniq

162 2959 253 3019 mm,
267 2951 356 3024 quos
372 2924 539 3001 imitatur,
553 2913 699 3007 pertidia
714 2923 747 2980 ct
764 2909 942 2978 erroribus
959 2902 1152 2976 honorilice
1202 2907 1285 2985 site
1303 2907 1449 2975 illorum
1468 2901 1656 2974 bominum
1673 2906 1819 2993 avaritia
1838 2911 2103 2997 commovebat,
2129 2934 2155 2981 α

163 3038 246 3109 tatis
262 3024 456 3125 appellatus
472 3022 516 3089 sit
529 3032 632 3110 atque
648 3013 818 3104 depictus.
869 3009 987 3098 Quam
1003 3032 1086 3081 vero
1105 3008 1151 3077 ob
1203 3022 1236 3079 tc
1260 3008 1305 3077 ab
1327 3007 1398 3076 illis
1419 3002 1737 3098 reprehendendis,
1770 3009 1815 3076 ad
1841 3009 2088 3081 labefactanda
2108 3012 2155 3082 ad

164 3160 305 3210 eausam
327 3137 540 3233 protestetur
561 3113 846 3189 determinationi
862 3108 1038 3180 Ecclesiae
1062 3123 1152 3178 stare
1203 3105 1394 3179 catholicae
1429 3109 1657 3178 fundamenta
1698 3109 1863 3179 omuibus
1894 3113 2024 3182 sanetis
2056 3112 2156 3204 legib

164 3256 201 3310 te
218 3237 327 3316 velle,
346 3254 391 3299 ne
407 3228 544 3296 dicatur
558 3216 753 3289 haereticus
779 3209 1151 3305 statimqueEcclesiae
1201 3210 1450 3304 perturbandis
1485 3210 1693 3279 contulisti?
1750 3207 1906 3280 Videsne
1936 3208 2156 3306 quautamlt

162 3340 311 3412 Decreta
329 3328 436 3403 nihili
449 3325 596 3419 pendat,
619 3337 661 3393 ut
675 3342 757 3387 vere
773 3316 819 3385 sit
838 3329 871 3385 et
885 3310 1055 3383 habeatur
1066 3309 1152 3381 hae·
1203 3328 1318 3382 tecum
1356 3307 1486 3380 habeas
1527 3311 1813 3381 contentionem?
1873 3311 2156 3387 Verumenimve

164 3442 304 3521 reticos,
325 3434 446 3502 videre
462 3450 537 3495 non
554 3444 708 3514 possum,
733 3418 804 3486 nisi
817 3440 882 3507 pro
899 3440 962 3485 sna
978 3415 1151 3483 insaniaa
1203 3416 1306 3483 stulte
1323 3414 1429 3481 nimis
1445 3413 1563 3501 egisti,
1589 3414 1650 3505 qui
1670 3409 1871 3503 posthabito
1884 3412 2085 3487 servatoris
2107 3440 2156 3489 eet

164 3543 278 3635 seipso
294 3533 463 3605 dissidere
485 3526 652 3616 gandeat,
677 3535 781 3611 atque
798 3530 837 3586 ut
854 3518 948 3586 istud
965 3540 1039 3583 non
1053 3509 1153 3583 dna·
1203 3516 1300 3598 silio,
1332 3516 1418 3583 dnm
1444 3502 1537 3582 banc
1563 3524 1635 3584 tam
1659 3515 1828 3583 excelsam
1854 3517 1982 3585 turrim
2008 3519 2157 3591 aedifica

164 3662 371 3734 xagoreum,
406 3631 466 3704 sed
488 3624 721 3699 Lutecianum
750 3614 857 3687 chaos
882 3615 1154 3687 innumerabili·
1203 3616 1404 3699 contendis,
1430 3639 1504 3684 non
1519 3616 1676 3702 cogitasti
1692 3616 1791 3706 prius
1811 3617 1855 3684 de
1875 3617 2048 3709 impensis
2066 3633 2157 3693 tecm

163 3749 232 3818 bus
261 3733 519 3811 insulsitatibus
551 3750 590 3795 ae
619 3720 901 3813 turpissimarum
933 3741 1051 3786 secum
1079 3717 1154 3785 dis·
1204 3742 1249 3785 an
1264 3740 1352 3810 qnae
1368 3718 1413 3786 ad
1427 3716 1680 3808 perficiendum
1695 3719 1811 3788 forent
1827 3721 2043 3790 necessariae
2064 3744 2157 3815 supp

165 3846 367 3921 cordiarum
406 3831 604 3903 induitione
641 3821 837 3913 legentibus
875 3819 1083 3908 vertiginem
1119 3829 1154 3886 et
1204 3832 1275 3887 tere
1290 3831 1441 3908 possent.
1493 3816 1575 3904 Quo
1592 3820 1747 3908 prolecto
1764 3818 1839 3903 liet,
1864 3818 1905 3889 ut'
1920 3820 2157 3901 illudentet'til

165 3970 332 4020 nauseam
347 3940 487 4011 laceret.
537 3929 629 4000 Nam
648 3937 839 3996 amatorem
863 3944 899 3989 se
915 3920 1035 4009 anguli
1052 3942 1154 4010 prae-
1204 3943 1325 3988 omncs
1346 3920 1480 3988 dicant:
1504 3919 1573 3989 Hic
1599 3915 1705 3987 homo
1728 3919 1845 4014 coepit
1858 3922 2045 3994 aedificare
2060 3937 2158 3995 etmt

97 4052 106 4069 ⁶
166 4038 271 4133 dicat,
296 4067 372 4116 uon
389 4037 533 4132 quidem
547 4031 644 4101 illius
657 4026 758 4110 recti,
780 4047 885 4118 quem
900 4035 1095 4111 geometrae
1108 4023 1154 4089 ab
1205 4046 1342 4091 sumare
1367 4046 1441 4093 non
1465 4021 1591 4111 potuit.
1655 4017 1704 4090 Et
1724 4022 1896 4113 quoniam
1911 4023 1955 4092 in
1974 4025 2116 4097 coelum
2133 4024 2159 4120 (r

165 4154 228 4223 illa
242 4148 332 4221 effici
345 4143 439 4213 linea
453 4139 596 4216 docent,
613 4152 702 4224 quae
716 4138 890 4217 nusquam
906 4148 927 4193 a
943 4122 1154 4192 rectitudine
1205 4122 1369 4218 putabas)
1393 4124 1625 4191 cortsccndere
1649 4146 1724 4191 non
1749 4122 1914 4213 poteris,¹
1935 4114 2048 4196 italum
2070 4126 2158 4197 adia

167 4255 391 4326 deflectatur,
416 4240 476 4310 sed
490 4235 586 4305 illius
607 4232 712 4323 plane
734 4226 871 4318 obliqui
894 4238 929 4293 et
947 4223 1155 4307 aberrantis,
1203 4227 1345 4294 fernum
1367 4217 1578 4302 detraheris,
1603 4223 1654 4290 -in
1673 4225 1897 4313 profundam
1920 4225 2038 4312 lacus,
2071 4226 2158 4321 quit

168 4354 264 4435 illius
280 4344 400 4419 obtusi
414 4353 475 4411 aut
489 4334 601 4418 acuti,
624 4333 665 4400 in
682 4352 752 4423 quo
769 4327 917 4395 liberius
934 4338 1038 4417 atque
1059 4324 1166 4426 solu-t
1205 4325 1378 4407 viderint,
1414 4326 1457 4393 ad
1475 4338 1508 4393 te
1539 4325 1807 4395 inclinabuntur
1830 4340 1935 4418 teque
1960 4328 2158 4422 prospiciat

169 4456 238 4524 tl'us
257 4448 448 4520 meditatur
471 4439 573 4509 dolos
598 4459 638 4503 ae
661 4445 733 4503 tota
751 4429 810 4498 die
832 4426 1040 4497 iniustitiam
1059 4426 1156 4513 eogi—
1205 4425 1377 4519 Nunquid
1392 4426 1456 4494 iste
1471 4424 1606 4509 estl⁷ir‚
1627 4426 1691 4518 qui
1703 4428 1929 4498 conturbavit
1941 4429 2099 4503 mnam?
2120 4426 2159 4500 Nc

168 4568 235 4639 tat,
267 4566 301 4622 et
322 4550 413 4618 sieut
430 4538 604 4615 novacula
622 4547 724 4603 acuta
744 4530 827 4601 lacit
848 4530 991 4613 dolum,
1021 4527 1157 4615 diligit·
1207 4552 1273 4619 que
1291 4527 1385 4597 enim
1398 4528 1528 4596 frustra
1543 4526 1675 4597 Paulus
1688 4541 1797 4618 optat,
1820 4529 1943 4622 utqui
1966 4530 2089 4601 fideles
2108 4550 2159 4601 eet

143 4680 237 4753 ‘que
266 4651 387 4725 omnia
414 4644 521 4714 verba
548 4631 847 4731 praecipitationis
873 4631 996 4721 lingua
1024 4628 1156 4700 dolosa.
1207 4630 1353 4699 turbant
1373 4628 1644 4712 abscindantur,
1679 4644 1713 4699 et
1734 4630 1797 4722 qui
1820 4653 1887 4701 ros¹
1906 4633 2098 4709 conterebat
2118 4630 2159 4725 (it

169 4759 268 4849 Quid
297 4753 392 4823 enim
420 4744 590 4834 angulum
618 4736 721 4807 aliter
750 4733 1005 4821 intelligamus,
1045 4752 1155 4821 quum
1208 4727 1302 4823 quit)
1325 4730 1482 4820 portabit
1507 4730 1699 4813 iudicium,
1722 4731 1926 4823 quicunque
1943 4746 1996 4802 est
2013 4733 2087 4808 ille.
2135 4730 2159 4803 d

171 4864 234 4941 iste
255 4858 293 4927 in
318 4850 500 4946 publicum
525 4841 647 4910 venire
669 4857 774 4926 supra
796 4858 937 4903 omnem
959 4826 1156 4901 humanum
1208 4831 1432 4902 sanctissime
1447 4829 1574 4916 Paule,
1587 4845 1680 4903 ,tuus
1703 4832 1764 4901 illc
1777 4831 1992 4919 Martinus,
2017 4836 2083 4929 qni
2105 4828 2160 4905 lt!

168 4962 316 5032 modum
338 4952 487 5044 gaudeat
512 4959 616 5036 atque
634 4953 711 5008 tum
730 4937 872 5005 demum
887 4935 924 5001 in
940 4931 1157 5025 apertissima
1209 4934 1355 5003 candem
1391 4945 1491 5003 tuam
1523 4934 1568 5002 ad
1597 4930 1743 5001 Galatas
1767 4929 1967 5025 Epistulam
1992 4954 2100 5007 nunc·
2123 4948 2160 5007 U

172 5068 247 5135 luce
263 5055 406 5137 versari,
423 5048 567 5144 quando
583 5051 764 5111 mutuatus
783 5048 891 5105 vestes
906 5036 951 5103 ab
966 5034 1049 5118 illis,
1067 5056 1158 5125 que-
1207 5035 1300 5104 belle
1325 5033 1509 5123 exposuit?
1559 5032 1694 5103 Videor
1713 5029 1804 5102 mihi
1825 5035 1948 5105 videre
1964 5040 2095 5122 mode,
2118 5032 2160 5105 Vi

171 5188 250 5234 rum
267 5158 399 5230 iudicio
413 5166 446 5222 et
460 5142 666 5221 antlteritati
679 5140 757 5231 plus
774 5136 884 5221 cedit,
908 5158 1014 5228 quam
1029 5135 1158 5205 sanctis
1209 5132 1399 5217 Germani,
1429 5131 1582 5205 Paulum
1603 5135 1734 5211 iratum
1758 5149 1793 5204 et
1814 5137 2045 5226 stringentem
2068 5156 2160 5209 emet

172 5263 376 5335 doctoribus
398 5269 431 5325 ct
449 5248 642 5334 Ecclesiae,
670 5265 745 5312 non
759 5237 954 5309 Dominum
975 5231 1095 5306 Iesum
1118 5249 1159 5309 ut
1210 5237 1409 5329 quodcum
1429 5226 1591 5305 Luterus
1612 5233 1718 5305 Petro
1748 5240 1932 5331 aequalem
1960 5220 2073 5329 fingat
2095 5252 2161 5333 atq

173 5392 211 5439 ns
231 5366 336 5434 tubae
356 5358 486 5429 Paulus
517 5347 696 5429 bortatur,
729 5344 788 5415 sed
816 5339 936 5412 situiae
954 5361 1160 5430 purpuram,
1211 5339 1290 5406 idco
1312 5335 1457 5405 nonnisi
1478 5334 1616 5408 aPctro
1631 5332 1810 5417 Ecclesiae
1829 5328 1943 5431 capite
1953 5326 2161 5415 sciscitantes
