4500 5782
92 210 186 305 ,763
306 324 315 333 ⁰

693 210 1126 313 musrooanun
1177 213 1281 292 rra.
1312 213 1375 289 111.
1420 184 1555 294 raes.

2029 228 2031 233 '
2057 224 2132 299 754

1967 406 2025 469 et.
2039 399 2099 465 lu.
2118 434 2120 439 ·

1953 494 2125 523 *ΟΝ

901 558 1048 644 Iooclt.
1079 557 1339 646 Camerario.

240 730 327 803 Epist.
342 730 374 783 ιδ
387 727 526 785 Gammae.
543 747 572 802 p.
584 729 630 787 88.
649 740 676 786 et
694 733 783 785 versio
805 730 887 786 latina
906 731 990 804 partis
1006 749 1101 806 graece
1114 732 1230 806 scriptae
1248 753 1275 808 p.
1289 733 1352 790 772.
1387 732 1481 788 Latine
1501 750 1561 787 earn
1584 732 1705 788 Peoelius
1726 751 1835 807 quoque
1853 733 1927 790 dedit
1946 734 1974 791 in
1995 736 2131 796 Melantln

310 797 440 855 conara.
457 798 490 855 e.
504 797 526 854 ι.
544 819 571 873 p.
585 799 627 857 ει.

537 950 786 1029 Ιοαοόίωο
813 949 1091 1030 Camerario
1123 955 1396 1055 Bambergensi
1413 959 1532 1031 amico
1550 985 1703 1043 summo,

99 1092 169 1183 Εὖ
189 1101 377 1206 πρόπαν.
408 1103 465 1179 ότι
484 1100 556 1199 μὲν
578 1105 700 1201 ἔμελλε
720 1105 812 1204 πρὸς
831 1105 930 1203 ὑμᾶς
947 1107 970 1204 ἡ
986 1104 1091 1205 φήμη

102 1206 295 1305 οὐχόμοια
304 1206 387 1305 περὶ
395 1213 464 1282 τοῦ
471 1202 603 1333 γόμου
613 1206 899 1307 τοῡΛουθήρου
910 1209 1091 1313 ἀγγεῖλαι,

102 1308 209 1396 ἔδοξέ
225 1337 292 1405 μοι
309 1307 391 1408 περὶ
412 1336 549 1384 τουτου
573 1305 641 1405 τήν
661 1337 701 1384 τε
725 1308 926 1413 ἀλήθειαν,
957 1310 1093 1395 καλῶς

102 1408 363 1515 γνώμηςέχω,
388 1434 446 1487 σοι
460 1409 689 1487 ἐπιστέλλειν.
714 1412 831 1508 μηνὸς
843 1411 990 1487 λουνίοο
1004 1411 1092 1508 ἡμέ-

102 1540 153 1615 ρᾳ
176 1508 224 1617 ιγ’
242 1509 528 1610 ἀπροσδοκήτως
554 1514 665 1614 ἔγημε
685 1513 754 1610 τὴν
768 1513 931 1611 Βορείαν
952 1511 1092 1590 ‹isiod-

102 1617 243 1714 θηρός,
275 1614 408 1711 μηδενὶ
441 1622 519 1689 τῶν
550 1614 673 1713 φίλων
703 1614 747 1690 τὸ
773 1624 930 1717 πρᾶγμα
951 1624 1092 1714 προτοῦ

104 1715 357 1812 ἀναθέμενος,
391 1715 465 1791 ἀλλ’
484 1716 638 1813 ἑσπέρας
653 1717 745 1815 πρὸς
766 1717 918 1793 δεῖπνον
937 1717 1093 1801 καλέσας

89 1816 172 1895 ’τόν
187 1817 434 1916 πωμερανιὲα,
462 1816 524 1891 καὶ
533 1815 691 1894 Λούπαν
704 1817 772 1894 τὸν
787 1815 1003 1920 ζωγράφον,
1028 1819 1093 1894 καὶ

102 1919 172 1995 τὸν
191 1919 352 2017 νομικὸν
367 1920 540 1995 Ἄπολλον
558 1917 720 2015 μόνους,
760 1922 905 2017 ἐποίησε
929 1921 977 1995 τὰ
998 1924 1093 1996 εἰθι-

104 2021 225 2120 σμένα
237 2020 436 2129 προτέλεια.
459 2019 773 2117 θαυμάσειεδόν
790 2051 845 2107 τις
859 2022 987 2116 τυχὸν,
1007 2020 1093 2098 τού-

102 2148 159 2223 τφ
172 2128 229 2222 τῷ
245 2120 425 2219 δυστυχεῖ
432 2119 572 2222 χρόνῳ,
592 2122 724 2199 ’καλῶν
738 2124 925 2225 κάγαθῶν
940 2123 1093 2223 ἀνδρῶν

101 2222 265 2303 πάντοτε
278 2224 659 2321 ταλαιπωρουμένων,
694 2233 831 2301 τοῦτον
852 2226 921 2321 οὐχ
942 2224 1024 2302 οἷον
1043 2224 1093 2300 el-

100 2330 169 2404 'rat
176 2322 422 2423 συμπάσχειν,
440 2328 513 2400 ἀλλ’
522 2324 733 2417 ελκόζεσθαι
743 2325 876 2422 σχεδὸν
887 2336 942 2427 τῶ
950 2324 1094 2403 παντό-

101 2452 221 2505 παοιν
237 2428 381 2525 ἀμελῶς
403 2429 523 2524 ἔχοντι
544 2436 622 2504 τῶν
643 2426 941 2518 λπιπολαζόντων
955 2438 1094 2518 κακῶν,

103 2529 374 2627 ὗλαιτουμένης
396 2558 439 2632 γε
459 2538 523 2626 τῆς
544 2528 651 2626 δόξης
673 2532 808 2619 αὐτοῦ,
851 2530 911 2605 ὅτε
933 2527 1094 2627 μάλιστα

99 2629 238 2733 ’χρείαν
259 2632 331 2727 ἔχει
350 2630 373 2729 ἡ
390 2631 583 2730 Γερμανία
598 2628 836 2731 φρονήματός
851 2630 968 2708 τεκαὶ
985 2629 1094 2717 ἀξιῶ-

89 2734 225 2833 Ιματος
244 2734 373 2808 αὐτοῦ.
407 2732 479 2833 ἐγῶ
499 2742 596 2835 γοῦν
615 2740 735 2809 ταῦτα
759 2733 858 2809 οὕτω
885 2741 964 2817 πῶς
990 2734 1094 2836 γενέ-

103 2838 202 2911 σθαι
216 2831 330 2931 οἶμαι.
349 2834 369 2909 ὅ
377 2833 448 2930 μὲν
464 2834 559 2934 ἀνὴρ
577 2835 677 2913 ἐστὶν
693 2835 1093 2932 οὐδαμῶςτῶνμιοαν-

103 2932 279 3039 θρῶπων
300 2935 383 3013 οὐδ’
408 2934 664 3034 ἀνομιλήτων.,
689 2937 733 3012 τὸ
756 2936 798 3015 δὲ
818 2946 884 3033 τῆς
904 2935 1095 3033 συνήθους

103 3036 251 3136 διαίτης
264 3038 334 3114 οὐκ
349 3039 504 3142 ἀγνοεῖς.
537 3043 576 3125 ἐξ
587 3033 643 3115 ῶν
654 3037 701 3114 τοὶ
718 3036 826 3114 λοιπὰ
842 3038 1096 3136 ἐνθυμεῖσθαί

105 3146 230 3217 actori
243 3137 470 3244 γράψασθαι
485 3139 564 3237 ἐμὲ,
591 3141 695 3217 δοκεῖ
712 3139 806 3217 εἶναι
820 3141 979 3238 βέλτιον,
1007 3139 1095 3225 ῶςιο

103 3241 150 3319 τὸ
173 3248 351 3344 γεννῶον
373 3241 535 3340 τάνδρὸς
558 3241 622 3320 καὶ
641 3239 906 3345 μεγαλόψυχον
927 3270 1095 3340 καταμα·

104 3342 300 3441 λαχθῆναό
319 3372 399 3428 πως
426 3343 540 3421 οὐδὲν
567 3340 811 3441 θαυμαστόν,
848 3345 1005 3428 diluere
1032 3342 1095 3420 καὶ

103 3454 176 3522 τοῦ
189 3444 439 3548 γεγενημίνου
458 3446 632 3543 οὐδαμῶς
646 3444 898 3521 ἐπονειδίστου
915 3445 940 3544 ἢ
954 3452 1095 3544 φεκτοῦ

104 3543 350 3647 ὑπάρχοντος.
383 3553 414 3622 ei
427 3543 502 3648 γάρ
517 3576 552 3623 τι
570 3550 694 3648 ἕτερον
711 3550 925 3645 θρυλλεῖται
940 3547 1097 3648 ἀπρεπέ-

106 3670 263 3749 στερον,
294 3648 350 3724 ὅτι
364 3648 505 3749 ψεῦδος
517 3658 629 3726 τοῦτο
643 3647 706 3725 καὶ
722 3646 878 3748 διαβολή
895 3652 969 3726 ἐστι
977 3705 989 3738 ,
1022 3678 1095 3751 φα·

104 3747 231 3850 νερόν.
256 3749 421 3852 ἠγοῦμαι
435 3749 476 3828 δὲ
489 3757 627 3853 γαμεῖν
641 3749 759 3827 αὐτὸν
774 3751 837 3827 καὶ
853 3751 1007 3848 ὑπὸτῆς
1022 3746 1096 3851 φό-

107 3876 202 3937 σεως
215 3853 516 3954 ἀναγκασθῆναι.
548 3848 657 3938 οὗτος
671 3851 712 3929 δὲ
726 3851 811 3953 βίος
824 3853 995 3937 ταπεινὸς
1013 3850 1095 3949 μὲν,

106 3952 261 4039 δοιοςδ
280 3953 376 4043 ἐστὶ,
402 3954 466 4031 καὶ
482 3956 519 4029 'ri'
528 3983 583 4040 τις
602 3956 737 4057 ἕτερος,
765 3954 828 4030 καὶ
847 3953 968 4050 τίμιος
987 3952 1007 4030 ὅ
1027 3950 1098 4058 γό-

105 4072 181 4152 μος
194 4059 235 4132 ἐν
248 4060 331 4144 ταῖς
344 4057 467 4159 ἁγίαις
479 4064 558 4133 τῶν
570 4064 732 4160 γραφῶν
754 4055 848 4134 εἶναι
870 4056 1021 4159 λέγεται.
1053 4085 1097 4131 το

106 4156 150 4234 δὲ
173 4158 332 4257 ἄκαιρον
352 4159 416 4234 καὶ
439 4157 740 4257 &apostotilam
745 4213 758 4248 ,
801 4158 852 4242 ῶς
882 4159 975 4234 ἔοικε
982 4214 994 4248 ,
1034 4166 1099 4255 τῆς

107 4255 292 4358 πράξεως,
337 4262 378 4335 ἐν
397 4254 429 4359 ᾧ
455 4257 617 4356 μάλιστα
646 4259 690 4336 τὸ
722 4258 978 4387 μεμφφιοιρον
1003 4257 1098 4357 δῆτα

106 4360 175 4437 καὶ
197 4358 385 4459 φιλαίτιον
407 4368 484 4438 τῶν
509 4364 660 4463 ἐχθρῶν
684 4363 967 4462 ἕντρυφησεταιε
999 4361 1099 4445 ὅπως

106 4462 162 4561 μὴ
171 4462 241 4539 καὶ
256 4462 354 4559 ἡμᾶς
368 4461 581 4563 διαταρόξῃ.
594 4459 729 4562 ,τούτῳ
742 4463 817 4565 γὰρ
831 4467 921 4548 ἴσως
931 4461 996 4538 καὶ
1007 4460 1098 4562 ›epti-

108 4591 202 4664 φιον
216 4565 279 4639 καὶ
293 4562 484 4663 θειότερόν
498 4594 534 4639 τι
549 4564 695 4643 ὕπεστι·
729 4565 810 4657 ’περὶ
828 4557 873 4640 οὗ
886 4572 1098 4668 πολοπραγ-

106 4670 242 4763 μονῶν
259 4666 392 4755 αὐδῶ,
427 4664 514 4743 οὐδὲ
525 4664 749 4765 ,φροντίζειν
771 4665 870 4761 ἡμᾶς
891 4674 956 4762 τῆς
976 4675 1098 4764 φλυα-

108 4768 285 4866 ρλαςτῶν
296 4766 608 4859 ἐπιτωθαζόντων
618 4767 681 4845 καὶ
691 4764 961 4864 λοιδορούντων
971 4776 1096 4856 τινῶν,

109 4870 199 4947 οὔτε
220 4871 411 4966 εὐσέβειαν
431 4869 524 4971 πρὸς
548 4868 757 4958 τὸνθεόν,
790 4869 876 4945 οὔτε
899 4869 990 4966 πρὸς
1010 4869 1098 4955 τοὺς

108 4968 341 5068 ἀνθρώπους
350 4968 728 5070 ἆρετὴνδοκοόντων.
755 4970 831 5047 ἐπεὶ
843 4967 884 5046 δὲ
898 4970 1016 5046 αὐτὸν
1029 4970 1097 5049 τὸν

108 5071 322 5172 Λοόθηρον
352 5070 529 5150 ἐπίλυπόν
555 5100 633 5161 πως
662 5072 759 5151 ὄντα
790 5071 867 5170 δρῶ
897 5072 961 5148 καὶ
986 5100 1102 5173 ταρα-

104 5175 256 5273 χθέντα
271 5173 411 5274 διὰτὴν
422 5183 491 5251 τοῦ
505 5174 594 5271 βίου
607 5174 831 5274 μεταβολὴν,
848 5171 947 5269 πόσῃ
957 5173 1102 5271 σπουδῇ

107 5277 176 5355 καὶ
196 5277 325 5375 terete
349 5282 516 5376 ἐπιχειρῶ
537 5280 861 5389 παραμυθεῖσθαι.
905 5274 992 5352 οὐδὲ
1017 5285 1101 5352 τολ-

107 5376 225 5479 μχδιγν
235 5378 285 5455 δν
299 5382 416 5484 ἔγωγε
430 5378 480 5465 ῶς
493 5377 723 5476 πταίσματος
736 5373 873 5455 τούτου
886 5377 1103 5479 καταψηφί-

161 5491 342 5555 tlemus.
355 5490 457 5559 Oren.
477 5488 561 5555 Vos.
579 5487 605 5553 l.

1144 1087 1261 1202 Quod
1285 1136 1360 1181 non
1384 1126 1472 1182 esset
1493 1114 1585 1181 fania
1609 1112 1653 1181 de
1672 1106 1822 1180 Lutheri
1845 1115 1979 1206 nuptiis
2002 1118 2131 1189 similia

1143 1215 1367 1299 nuntiatura,
1409 1215 1525 1284 visum
1547 1209 1639 1282 mihi
1664 1226 1715 1283 est
1738 1213 1851 1283 literis
1885 1231 1918 1286 et
1947 1219 2132 1289 veritatem

1144 1329 1178 1385 et
1191 1340 1307 1385 meam
1324 1316 1531 1386 sententiam
1554 1314 1619 1387 tibi
1637 1316 1887 1386 demonstrare.
1921 1317 2057 1389 Mensis
2070 1320 2131 1392 lu-

1144 1417 1197 1485 nii
1222 1420 1279 1488 die
1296 1416 1396 1490 Xlll.
1424 1417 1608 1509 inopinato
1631 1417 1733 1488 duxit
1750 1409 1942 1488 Lethaeas
1957 1415 2131 1505 Boream,

1144 1544 1224 1588 cum
1250 1521 1351 1589 nullo
1376 1521 1571 1590 amicorum
1601 1543 1641 1588 ea
1668 1543 1708 1588 re
1734 1519 1832 1611 prius
1864 1524 2131 1609 communicata,

1143 1623 1204 1690 sed
1231 1646 1373 1712 vespere
1394 1624 1439 1691 ad
1459 1645 1603 1690 coenam
1624 1620 1772 1690 invitato
1797 1619 1995 1693 Pomeraho
2017 1639 2052 1696 et
2075 1627 2130 1717 pi-

1144 1736 1239 1792 ctore
1253 1721 1368 1807 Luca,
1399 1738 1433 1794 et
1451 1720 1703 1792 Iurisconsulto
1718 1719 1847 1814 Apello
1869 1725 1970 1808 solis,
1998 1727 2133 1818 peregit

1144 1839 1308 1894 consueta
1325 1825 1513 1915 sponsalia.
1563 1821 1617 1894 Ac
1632 1826 1741 1917 possit
1756 1827 1902 1894 fortasse
1919 1827 2048 1920 aliquis
2060 1830 2131 1899 mi-

1144 1926 1217 1995 rari
1233 1927 1334 1994 illum
1350 1922 1417 1995 hoe
1432 1926 1564 1995 infelici
1586 1939 1761 2017 ternpore,
1792 1927 1895 1996 bonis
1919 1940 1954 1998 et
1975 1924 2131 2001 honestis

1144 2027 1231 2097 viris
1246 2027 1378 2119 ubique
1392 2030 1544 2117 graviter
1558 2028 1825 2119 laborantibus,
1848 2053 1920 2098 non
1936 2033 2041 2102 modo
2056 2055 2132 2102 non

1145 2130 1236 2199 allici
1251 2129 1359 2198 simul
1374 2131 1514 2214 dolore,
1546 2132 1607 2198 sed
1631 2129 1745 2198 videri
1766 2133 2023 2222 propemodum
2037 2129 2131 2203 nihil

1145 2231 1285 2322 penitus
1301 2256 1422 2301 curare
1439 2256 1477 2300 ea
1494 2231 1603 2316 mala,
1636 2255 1725 2323 quae
1747 2246 1828 2301 ante
1849 2234 1971 2303 oculos
1987 2258 2132 2304 versan-

1147 2347 1219 2402 tur:
1261 2357 1342 2402 cum
1366 2333 1499 2402 interea
1522 2334 1629 2403 etiam
1654 2332 1862 2403 existimatio
1886 2334 1996 2426 ipsius
2019 2337 2133 2406 demi-

1145 2445 1293 2516 nuatur,
1320 2436 1408 2503 dum
1429 2434 1579 2504 maxime
1600 2459 1688 2528 opus
1710 2449 1760 2505 est
1785 2431 1997 2506 Germaniae
2020 2439 2132 2507 excel·
2201 2510 2204 2515 ,

1146 2537 1247 2605 sitatc
1271 2535 1384 2603 animi
1408 2549 1442 2605 et
1466 2537 1636 2626 dignitate
1659 2536 1779 2628 ipsius.
1831 2533 1950 2630 Atque
1971 2560 2033 2628 ego
2057 2562 2132 2608 rem

1147 2633 1237 2706 hanc
1252 2636 1303 2705 sic
1314 2652 1445 2726 gestam
1463 2661 1535 2707 esse
1553 2638 1716 2712 arbitror.
1768 2635 1833 2707 Eat
1847 2639 1904 2707 vir
1920 2640 1984 2709 iste
1998 2652 2133 2734 nequass

1146 2763 1254 2833 quam
1279 2763 1319 2808 ex
1340 2739 1401 2823 iis,
1433 2740 1495 2831 qui
1516 2734 1678 2809 homines
1698 2741 1851 2810 oderunt
1873 2753 1906 2809 et
1927 2764 2132 2836 congressus

1145 2840 1296 2930 lugiunt.
1345 2839 1555 2911 Cotidianae
1570 2857 1687 2912 autem
1704 2842 1795 2911 vitae
1816 2841 1914 2911 illius
1936 2866 2040 2912 usum
2059 2867 2134 2914 non

1145 2942 1298 3032 ignoras.
1349 2940 1454 3013 Unde
1468 2943 1620 3034 cogitare
1633 2957 1667 3012 te
1685 2956 1834 3027 caetera,
1854 2966 1961 3036 quam
1974 2967 2032 3012 me
2046 2945 2135 3014 scri-

1146 3046 1248 3128 bere,
1282 3042 1427 3128 melius‚
1458 3057 1498 3115 ut
1519 3045 1666 3136 opinor,
1698 3044 1815 3115 luerit.
1868 3041 1991 3138 ltaque
2014 3046 2135 3116 molli-

1146 3160 1222 3216 tum
1251 3145 1357 3215 fuisse
1390 3146 1654 3238 quodammodo
1680 3166 1887 3235 generosum
1910 3160 1946 3216 et
1967 3168 2134 3237 magnum

1148 3247 1305 3316 animum
1327 3245 1457 3337 ipsius,
1489 3270 1564 3316 non
1586 3261 1637 3316 est
1658 3248 1872 3319 mirandum.
1923 3245 2132 3319 Praesertim

1148 3372 1227 3418 cum
1250 3349 1380 3417 factum
1395 3371 1621 3442 nequaquam
1637 3349 1855 3441 culpandum
1868 3361 1930 3419 aut
1942 3345 2135 3441 reprehen-

1148 3450 1305 3520 dendum
1319 3448 1376 3521 sit.
1426 3446 1517 3520 Nam
1540 3449 1569 3519 si
1591 3452 1676 3543 quid
1699 3450 1805 3541 vulgo
1827 3451 1939 3521 fertur
1961 3451 2059 3522 aliud
2078 3453 2136 3522 in-

1149 3550 1345 3634 decentius,
1385 3550 1423 3619 id
1452 3553 1697 3637 mendacium,
1729 3566 1764 3622 ct
1797 3547 1889 3622 hanc
1921 3551 2135 3624 calumniam

1149 3676 1241 3738 esse,
1271 3652 1495 3745 perspicuum
1518 3666 1586 3724 est:
1619 3678 1683 3744 ego
1708 3653 1813 3723 etiam
1835 3668 1998 3725 naturam
2020 3654 2158 3746 ipsum,

1149 3756 1304 3825 arbitror
1325 3754 1493 3844 coegisse,
1518 3769 1559 3827 ut
1580 3756 1679 3825 lieret
1700 3755 1858 3827 maritus.
1909 3751 2044 3848 Estque
2066 3758 2137 3827 vita
2208 3796 2210 3801 ·

1149 3857 1215 3928 ista
1239 3852 1385 3925 humilis
1409 3856 1470 3926 illa
1493 3858 1653 3950 quidem,
1693 3860 1753 3927 sed
1775 3869 1911 3940 sancta,
1950 3858 2043 3927 acsi
2067 3880 2137 3951 qua

1150 3959 1231 4030 alia.
1286 3952 1335 4027 Et
1357 3958 1500 4050 nuptiae
1527 3954 1720 4030 honoratae
1759 3956 1798 4026 in
1825 3958 1931 4028 sacris
1955 3958 2138 4051 scripturis

1149 4055 1394 4152 perhibentur.
1458 4058 1567 4148 Quod
1589 4075 1705 4130 autem
1727 4060 1766 4128 in
1791 4085 1829 4128 rc
1850 4060 2136 4150 intempestivum

1151 4176 1184 4231 et
1206 4161 1447 4231 inconsultum
1468 4161 1558 4231 inest
1580 4156 1637 4257 (in
1657 4186 1727 4254 qno
1744 4162 1895 4230 maxime
1911 4161 2056 4230 delicias
2072 4163 2137 4231 ob-

1150 4263 1322 4332 trectandi
1337 4277 1372 4333 ct
1392 4262 1578 4333 accusandi
1598 4264 1757 4337 studium
1779 4262 2061 4333 adversariorum
2084 4264 2137 4332 la-

1150 4361 1234 4461 ciet)
1260 4363 1454 4433 videndnm
1477 4389 1603 4435 nenos
1623 4365 1820 4439 conturbet.
1870 4362 1942 4435 lsto
1958 4363 2054 4433 enim
2070 4367 2137 4435 sub

1149 4466 1291 4557 negotio
1304 4468 1450 4571 fortasse
1469 4467 1604 4561 aliquid
1621 4467 1766 4551 occulti,
1797 4478 1831 4536 et
1852 4467 2023 4560 quiddam
2044 4467 2139 4536 divi-

1149 4570 1232 4637 nius
1247 4569 1382 4652 subest,
1413 4569 1542 4661 dequo
1559 4590 1625 4637 nos
1644 4569 1780 4639 curiose
1798 4565 1965 4662 quaerere
1980 4591 2054 4640 non
2071 4571 2138 4638 de-

1150 4685 1220 4752 cet,
1251 4692 1366 4762 neque
1388 4692 1511 4739 curare
1530 4691 1641 4760 nugas
1663 4670 1901 4740 deridentium
1923 4684 1957 4742 et
1980 4670 2145 4740 convicia·

1148 4771 1354 4841 facientium
1371 4773 1614 4866 quorundam,
1638 4773 1805 4865 aquibus
1825 4795 1941 4865 neque
1961 4773 2073 4862 pietas
2093 4773 2137 4840 ad

1149 4872 1283 4958 Deum,
1305 4874 1479 4967 nequead
1494 4868 1655 4944 homines
1669 4872 1793 4945 Virtus
1808 4887 1996 4945 exercetur.
2036 4873 2139 4961 Quo-

1150 4974 1246 5043 niam
1269 4998 1352 5045 vero
1374 4974 1491 5066 ipsum
1505 4970 1701 5046 Lutherum
1722 4975 1984 5069 quodammodo
2003 4974 2137 5045 tristio-

1149 5100 1225 5147 rem
1242 5097 1316 5145 esse
1330 5088 1455 5162 cerno,
1486 5090 1520 5173 et
1535 5079 1778 5170 perturbatum
1797 5077 1852 5169 ob,
1860 5075 1951 5144 vitae
1970 5077 2137 5147 mutatio-

1151 5184 1253 5263 neni,
1287 5179 1387 5248 o'mni
1404 5179 1521 5248 studio
1539 5192 1573 5249 et
1590 5178 1836 5249 benevolentia
1858 5177 2032 5247 consolari
2055 5202 2137 5248 eum

1151 5304 1270 5353 conor.
1320 5279 1442 5374 Neque
1466 5280 1580 5351 ausim
1599 5302 1692 5351 sane·
1705 5303 1767 5370 ego
1789 5292 1958 5373 tanquam
1982 5294 2136 5352 erratum

1150 5404 1212 5481 seu
1240 5382 1382 5472 lapsum
1397 5384 1400 5395 '
1415 5383 1511 5453 istud
1542 5382 1674 5455 factum
1705 5382 1958 5453 condemnare:
1991 5384 2139 5475 ¹tametsi

1263 5482 1314 5556 48
