4500 5782
107 210 184 307 'aee
682 228 1116 331 nmsronaauu
1164 232 1272 321 nto.
1311 235 1376 335 tv.
1419 235 1564 337 ‚teau
2014 204 2020 213 ’
2071 246 2140 353 su

106 415 222 477 actum
239 424 341 493 agere
358 401 508 475 viderer.
558 399 682 497 ltaque
699 403 780 493 ille,
801 406 864 499 qui
881 400 1096 501 adductus²>
1151 407 1274 487 dolone
1306 424 1368 479 aut
1393 410 1577 482 iracundia
1600 415 1733 501 victus,
1764 416 1908 486 videare
1933 440 2068 507 pam
2085 411 2140 501 be·

107 518 177 590 est,
198 505 245 575 ad
257 527 321 575 vos
333 504 582 596 proficiscitur,
604 507 702 599 quod
713 498 851 605 [Deus]
869 507 960 581 bene
972 521 1102 585 vertat..
1151 510 1268 579 buisse
1288 525 1370 581 tuae
1391 513 1514 584 salutis
1538 519 1724 585 rationem.
1789 513 1958 587 Christus
1979 518 2140 608 gubernet

207 602 281 675 Nos
297 600 356 675 hic
373 630 454 675 curn
468 629 596 697 magno
609 602 638 701 ³)
663 607 888 688 incommodo
915 608 1096 695 conflictae
1152 624 1186 680 et
1200 613 1373 682 custodiat
1389 626 1440 702 te,
1465 617 1516 684 mi
1532 601 1722 705 leubice.
1773 608 1865 688 Vale
1879 619 2047 694 feliciter.

107 731 198 781 mur.
256 700 489 779 Pomeranus
509 709 711 797 gravissime
745 725 779 781 et
803 711 1102 803 periculosissime-
1272 780 1275 787 .
1307 738 1310 745 ·
1600 784 1603 789 ,
1895 715 2100 814 Philippus.

107 822 262 899 aegrotat
276 801 328 900 ¹³).
393 809 544 907 Sinistra
574 811 669 881 auris
700 835 764 883 seu
794 814 959 903 profluxu
971 810 999 908 ⁴)
1034 837 1107 885 seu·
1534 844 1537 849 ·
2075 800 2080 813 ⁸

107 922 318 1003 apostemate
335 910 518 981 obsidetur
523 936 534 998 3
561 935 670 982 cares
688 914 863 984 cruciatus
878 914 1097 987 acutissimos
1746 984 1751 993 .

106 1013 211 1104 parit.
261 1010 365 1103 Rogo
381 1013 489 1102 igitur
504 1026 554 1097 te,
586 1028 627 1085 ut
643 1014 717 1084 eius
734 1015 975 1087 valetudinem
990 1012 1098 1088 Chri·
1130 1038 1135 1048 ·
1159 1049 1215 1120 No
1244 1048 1321 1121 444
1870 1056 1957 1153 (sm
1972 1065 2004 1126 ἀ
2020 1071 2054 1134 5,
2066 1036 2142 1146 ω)

108 1126 161 1185 sto
172 1110 201 1211 ⁵)
217 1116 440 1184 commendes
454 1114 525 1185 tuis
537 1115 712 1205 precibus.
762 1114 839 1208 Ego
855 1119 1098 1209 magisdolere
1156 1103 1332 1177 *02⁹⁰
1605 1156 1608 1161 ·
1863 1110 2138 1197 ,σν-ι’..

108 1238 184 1284 non
198 1238 336 1307 possem
350 1208 399 1310 ⁸),
417 1216 474 1284 vel
487 1216 518 1285 si
533 1230 633 1307 pater
648 1242 746 1289 meus
762 1218 871 1313 simili
884 1223 923 1291 in
937 1221 1095 1313 periculo
1393 1306 1396 1313 ¹
1412 1229 1624 1317 Michasslp'
1649 1229 1884 1343 Rottingo„
2001 1204 2009 1217 ⁶

108 1330 214 1398 esset,
246 1341 352 1410 quam
375 1340 471 1387 nunc
493 1316 614 1403 doleo,
644 1333 677 1390 et
699 1321 847 1405 salutem
871 1321 945 1394 eius
967 1346 1095 1413 magno
1128 1374 1131 1379 -
1920 1332 1926 1346 ’

108 1443 189 1490 meo
214 1418 371 1508 periculo
394 1419 610 1511 redemptam
630 1420 749 1495 velim.
801 1416 1017 1495 Omiseram
1042 1425 1097 1494 vi·
1218 1405 1363 1532 Etgffgilll·
1376 1404 1544 1547 31282509.
1558 1437 1595 1453 ““
1622 1402 1748 1497 Nune'ez
1760 1408 1931 1482 autographo
1950 1409 1982 1473 ³¹¹
2004 1408 2140 1467 ΜΗ*

107 1531 180 1591 tam
195 1516 384 1591 hominum
400 1533 454 1592 tot
472 1520 664 1592 obnoxiam
687 1523 962 1599 calamitatibus!
995 1525 1097 1601 Vale.

938 1625 978 1703 Ρ,
996 1626 1050 1703 Μ,
1151 1611 1394 1697 Michaeli
1416 1611 1670 1715 Bottingo,
1709 1614 1854 1704 docenti
1874 1618 1998 1705 bonus
2022 1619 2140 1705 literas

1336 1715 1607 1815 Itbrimbergae
1623 1716 1679 1793 ud
1689 1718 1731 1792 S.
1747 1718 1967 1825 Aegidinm.

1020 1937 1027 1952 ⁹
1151 1832 1257 1928 S,.,D.
1309 1853 1405 1942 Quia
1421 1855 1595 1927 incertum
1613 1862 1706 1940 erat,
1735 1880 1783 1927 an
1803 1861 1901 1950 apud
1914 1882 1983 1930 vos
1998 1852 2144 1933 locati.

117 1918 287 2050 ΜΨ
717 1933 804 2015 (sm
826 1936 856 1998 d·
885 1941 941 2003 ¹3·
965 1930 1075 2017 Mau.)
1151 1978 1233 2027 mue
1248 1967 1354 2041 esset,
1379 1957 1464 2027 duxi
1479 1959 1523 2026 ad
1543 1971 1596 2041 tc,
1623 1958 1677 2027 mi
1688 1953 1882 2041 Michael,
1917 1962 2143 2033 scribendum

712 2030 1071 2066 m
1152 2080 1237 2131 esse.
1288 2053 1439 2129 ADuca
1459 2051 1622 2151 Georgia
1643 2059 1682 2127 in
1703 2085 1834 2154 pompa
1853 2063 2013 2152 nuptiali
2036 2062 2144 2134 nocui

385 2106 533 2194 ῙΟαθῘῑ·
565 2105 823 2196 cameram·
1152 2156 1328 2250 Principis
1344 2152 1384 2255 *)
1413 2160 1601 2251 impetravi
1630 2161 1749 2231 literas
1776 2166 1821 2233 ad
1847 2160 2143 2252 Bambergentem

178 2284 264 2358 χρὴ..
277 2287 312 2341 ad
326 2285 465 2342 emm
484 2287 571 2359 P·⁷⁷·
1151 2258 1369 2352 Episcopum
1396 2286 1462 2353 pro
1484 2253 1677 2331 Inachimi
1697 2265 1805 2333 fratre
1831 2259 2105 2362 [Hieronymo]
2117 2262 2142 2361 ¹)

109 2416 362 2499 [oachim
401 2421 510 2502 Cam
521 2429 681 2501 erario
712 2426 947 2525 Bambergm
983 2423 1102 2497 amico
1152 2363 1309 2480 scriptas.
1356 2359 1427 2433 Eas
1441 2365 1486 2432 ad
1501 2386 1564 2432 vos
1579 2364 1695 2447 mitto,
1714 2377 1767 2449 ut,
1786 2366 1817 2434 si
1834 2380 1887 2436 est
1906 2369 2142 2452 commodum,

1153 2487 1202 2534 ers
1218 2462 1382 2537 utamini.
1433 2464 1541 2553 Quod
1566 2463 1656 2535 siin
1680 2466 1735 2539 ius
1750 2481 1902 2537 ¹vocatus
1923 2482 1979 2538 est
1997 2464 2141 2559 Episco-

529 2556 683 2609 wmmffi
907 2594 910 2601 ·
1152 2589 1235 2656 pus,
1271 2588 1347 2659 non
1370 2565 1563 2637 admodum
1587 2559 1811 2661 hcc-genere
1840 2569 2028 2639 literarum
2056 2592 2140 2661 cpne

109 2641 152 2734 S.
169 2664 214 2740 D.
264 2665 407 2758 Lipsiae
434 2666 552 2758 accepi
575 2682 655 2739 tuas
678 2668 798 2739 literas
820 2657 994 2743 Suleeldi
1015 2664 1102 2743 scrt-
1152 2690 1226 2737 esre
1243 2666 1441 2745 existimo...
1468 2665 1558 2738 Misi
1572 2675 1721 2753 tamen‚·'
1739 2669 1822 2761 <juia
1837 2678 1910 2763 quo
1927 2668 2141 2751 instetutus

109 2779 205 2859 ptus,
240 2793 320 2838 cum
343 2768 453 2838 biduo
476 2781 558 2839 ante
581 2767 1101 2861 longiorem·iltam‚epiuolnm
1151 2768 1231 2841 istic
1245 2781 1387 2853 essent,
1421 2768 1614 2860 egopla‘ne
1631 2769 1850 2857 ignorabam,
1910 2769 2008 2843 Sunt
2027 2784 2140 2859 autem

109 2871 328 2962 accepissem.
380 2868 515 2963 ltaque,
540 2895 744 2967 quanquam
759 2871 977 2955 dubitabam,
991 2892 1037 2946 att
1054 2870 1099 2939 ad
1152 2870 1415 2961 binaeprioree
1438 2868 1577 2959 Torgae
1604 2872 1774 2963 accipter,
1812 2880 1934 2963 postea
1965 2873 2140 2945 alteraea

109 2986 144 3044 tc
159 2988 329 3043 venturus
345 2987 434 3043 esset
448 2968 632 3061 Sentius,
657 2974 742 3046 dedi
760 2974 923 3045 eitamen
940 2968 1004 3043 bas
1018 2971 1100 3042 lite-
1152 2968 1344 3067 Tretren²)
1362 2965 1432 3042 buc
1448 2972 1586 3044 missae.
1637 2970 1687 3042 ln.
1696 2974 1954 3064 posterioribus
1972 2973 2141 3047 inclutam

108 3098 183 3159 ras,
225 3075 420 3168 inquibus
445 3076 586 3163 utinam
614 3099 753 3168 possem
775 3076 913 3169 aliquid
938 3073 1100 3157 scribere,
1151 3073 1310 3164 suspicor
1329 3075 1506 3166 quandam
1530 3097 1668 3158 meam,
1699 3088 1740 3144 ut
1761 3089 1908 3160 vocant,
1939 3075 2141 3148 instructiu-

108 3177 206 3270 quod
231 3177 368 3246 iuvaret
392 3200 533 3246 causam
562 3193 734 3262 vestram,
782 3192 843 3249 aut
875 3176 1100 3246 imminueret
1151 3198 1249 3258 nem,
1280 3176 1366 3268 quia
1387 3173 1469 3247 Dux
1488 3168 1672 3267 Georgius
1693 3175 1782 3247 scire
1803 3177 1971 3267 cupiebat
1994 3199 2140 3262 cauum

108 3291 209 3349 tuum
225 3276 396 3351 dolorem.
428 3275 497 3348 Sed
515 3302 578 3368 ego
593 3275 685 3347 nihil
702 3276 814 3350 habeo
831 3278 982 3362 consilii,
1003 3277 1096 3369 qitod
1151 3300 1215 3351 cur
1230 3270 1421 3348 [euthimi
1435 3278 1543 3347 frater
1566 3290 1688 3367 captus
1709 3282 1809 3351 ess'et.
1857 3274 1910 3347 Et
1924 3277 1997 3354 nisi
2009 3273 2139 3349 Lutbe.

109 3380 274 3470 prodesse
304 3380 406 3449 fratri
432 3379 552 3470 possit.
615 3378 820 3451 Consolatio
852 3394 968 3450 autem
999 3377 1097 3446 nulla
1150 3401 1240 3451 rana.
1258 3402 1361 3449 causa
1380 3390 1488 3462 esset,
1520 3379 1753 3468 pollicebatur
1770 3379 1989 3464 liberaliter,
2019 3402 2058 3453 se
2079 3403 2138 3471 pm

109 3480 177 3551 alia
196 3480 302 3549 scribi
319 3493 449 3571 potest,
474 3505 654 3574 quamea,
687 3506 792 3576 quam
811 3481 1097 3551 sciotibi'notam
1151 3503 1191 3549 eo
1208 3481 1523 3571 seriptuntmjease.
1562 3479 1664 3550 .Sum
1685 3480 1795 3569 igitur
1816 3493 1959 3551 coactus
1983 3504 2024 3550 ea
2047 3482 2138 3553 dene

110 3605 199 3667 este,
240 3596 279 3652 ut
298 3583 346 3652 -in
375 3581 530 3651 adversis
552 3584 658 3653 rebus
688 3583 969 3668 meminerimus,
1005 3576 1099 3648 nibil
1151 3581 1268 3649 literas
1292 3583 1336 3649 ad
1358 3579 1494 3650 Ducem
1516 3573 1716 3673 Georgium
1736 3581 1895 3665 mittere,
1936 3604 2027 3673 qun
2047 3583 2139 3673 ipsu

109 3685 186 3754 sine
199 3698 297 3753 certo
307 3681 376 3753 Dei
390 3683 537 3753 consilio
551 3684 717 3769 accidere,
743 3697 776 3754 et
792 3683 970 3776 speremus
982 3679 1098 3753 Deum
1150 3682 1198 3751 ita
1216 3683 1425 3780 temperavi,
1455 3695 1496 3751 ut
1512 3677 1605 3751 nihil
1617 3683 1834 3772 scripserim,
1864 3684 1963 3776 quod
1980 3684 2037 3750 vel
2052 3679 2138 3775 Epi-

109 3786 302 3879 aliquando
327 3786 431 3856 nobis
456 3809 559 3876 opem
586 3786 740 3859 laturum
767 3810 850 3858 esse.
915 3784 975 3856 Sic
1004 3784 1097 3853 enim
1150 3807 1295 3873 scopum
1312 3783 1492 3856 offendere
1505 3798 1638 3874 posset,
1668 3783 1741 3878 nisi
1759 3784 1906 3854 fortasse
1930 3808 2052 3855 meum
2074 3808 2137 3857 no·

109 3890 272 3958 adversas
289 3911 345 3977 res
360 3885 493 3957 Paulus
508 3887 656 3980 perferri
682 3887 803 3972 iussit,
836 3882 933 3956 hcine
956 3900 1099 3977 portum
1149 3909 1234 3959 nten
1250 3885 1426 3969 offendat,
1466 3886 1511 3953 de
1531 3909 1600 3977 qua
1622 3909 1660 3953 re
1681 3907 1744 3953 vos
1764 3885 2023 3961 deliberabitis.
2076 3881 2137 3967 Est

105 3989 278 4074 ostendit,
311 4012 392 4059 cum
407 3989 469 4059 ait:
503 3983 616 4063 Orate
632 3990 708 4059 sine
724 3990 777 4060 ira
794 4004 829 4059 et
848 3989 926 4058 sine
947 3982 1099 4056 haesita·
1150 3985 1265 4070 enim,
1306 4001 1347 4056 ut
1369 3987 1494 4065 video,
1531 3985 1743 4054 mirabiliter
1761 4009 1933 4056 morosus.
1965 3982 1968 3990 ’
1996 3983 2137 4079 Scripsi,

108 4093 215 4165 tione.
266 4089 363 4160 Haec
381 4091 411 4159 si
426 4090 493 4160 tibi
509 4090 627 4179 ignota
647 4078 719 4160 e'sse
735 4091 943 4175 arbitrarer,
967 4089 1099 4159 seribe—
1150 4111 1195 4155 ne
1224 4087 1367 4180 quidem
1391 4088 1503 4158 obiici
1522 4088 1682 4157 studium
1702 4078 1946 4156 serirfnvbrem
1966 4078 2134 4166 Lutlteri,

108 4219 182 4264 rem
200 4194 243 4262 ad
259 4207 291 4262 te
314 4192 465 4281 longius.
485 4205 492 4215 '
516 4190 621 4263 Nunc
643 4193 748 4270 etiam
770 4194 893 4273 dolore
913 4190 1099 4281 impedior,
1149 4212 1214 4257 nec
1237 4189 1343 4258 fuisse
1360 4186 1588 4283 Hieronymo
1610 4187 1884 4265 familiaritatem
1906 4212 1991 4265 tutu
2006 4183 2134 4265 Lutbe·

109 4320 179 4389 quo
205 4293 323 4363 minus
346 4295 454 4365 libeat
475 4297 744 4392 μακρηγορεῖν,
790 4294 927 4364 tametsi
952 4293 1012 4361 illa
1040 4316 1099 4360 ea-
1150 4289 1256 4363 ranis.
1320 4287 1375 4361 De
1400 4314 1519 4360 sorore
1542 4314 1627 4359 rem.
1640 4302 1750 4359 totam
1773 4289 1942 4366 transtuli
1968 4290 2008 4358 in
2032 4289 2134 4382 patris

109 4398 190 4467 dem
212 4420 269 4464 me
291 4396 530 4467 consolatione
555 4409 765 4482 sustentem,
798 4410 832 4466 et
855 4418 990 4487 sperem
1013 4394 1098 4478 fore,
1150 4405 1296 4462 aetatem
1324 4405 1358 4463 et
1380 4394 1638 4477 necessitatem,
1668 4404 1709 4461 ut
1730 4390 1848 4464 debui.
1900 4387 2134 4462 Potuissema

2 4523 4 4527 ’
107 4511 149 4568 ut
178 4496 340 4588 respiciat
371 4511 404 4568 et
437 4498 598 4569 sublevet
626 4499 770 4569 fratrem
800 4492 866 4566 hac
901 4496 1098 4566 calamitate
1150 4490 1706 4586 reliquisPrincipibusomnibus
1723 4491 1913 4583 impetrare
1930 4491 2132 4577 literas,sed

106 4596 216 4673 Deus.
274 4591 502 4669 Pomeranus
527 4600 748 4672 convalescit.
814 4596 1011 4691 Reliquum
1037 4611 1098 4682 est,
1149 4588 1256 4663 limus
1286 4619 1417 4671 nomen
1444 4598 1523 4687 plus
1556 4594 1754 4664 arbitrabar
1782 4594 1996 4679 valiturum,
2036 4616 2133 4689 quen

107 4703 204 4799 quod
228 4715 263 4772 te
284 4725 364 4786 oro,
396 4726 441 4773 ne
463 4702 550 4797 quid
573 4702 831 4773 inconsiderate
853 4700 976 4786 facias,
1007 4722 1097 4768 neve
1149 4710 1281 4765 eeteros
1306 4698 1502 4770 universos.
1561 4694 1677 4766 Video
1707 4707 1825 4769 autem
1856 4718 1988 4787 parum
2017 4692 2132 4773 auxilii

1148 4790 1264 4865 adhuc
1279 4799 1436 4868 attulisse
1452 4794 1626 4869 homines.
1654 4792 1777 4888 ltaque
1786 4792 1949 4865 iuvemus
1965 4820 2047 4866 enm
2061 4819 2131 4865 ora·

159 4929 187 4992 2)
209 4928 358 4994 adductus]
376 4925 439 4979 cod.
454 4926 520 4980 Bav.
537 4935 564 4978 et
576 4925 670 4980 Mebn.
685 4929 847 4979 conductus.
1085 4928 1089 4933 '
1147 4898 1305 4984 tionibus
1320 4903 1413 4992 apud
1428 4899 1560 4985 Deum,
1588 4900 1732 4992 eiusque
1747 4898 1897 4993 Sitilliem
1914 4899 2131 4991 commelltle·

159 5013 187 5068 8)
206 5033 269 5067 eum
282 5018 399 5078 moene]
413 5012 474 5066 cod.
488 5012 553 5067 Bae.
566 5023 592 5067 et
606 5031 631 5066 e.
645 5011 739 5065 Mebn.
754 5027 811 5063 non
824 5027 893 5065 uno.
941 5042 945 5061 .

140 5099 169 5167 ⁸¹)
189 5099 230 5151 De
249 5115 304 5169 quo
318 5098 416 5149 morbo
434 5095 487 5153 vid.
499 5095 579 5153 etiam
595 5094 675 5168 epist.
686 5093 797 5149 tuden
808 5093 842 5146 ed
857 5092 1051 5149 Brimannum
1068 5095 1094 5151 d.

174 5167 200 5220 ⁶·
216 5166 283 5220 Μδῑῖ
297 5164 373 5220 ¹5²7·
1179 5181 1210 5247 ⁸¹)
1230 5179 1360 5234 Lutberur
1381 5190 1407 5234 et
1419 5177 1581 5233 Melentbon
1598 5172 1781 5232 interfuerunt
1796 5174 1900 5254 nuptiis
1914 5176 1957 5234 lo.
1969 5176 2129 5234 Fridertetu

157 5249 183 5315 4)
197 5246 347 5320 mostuene]
358 5247 421 5303 cod.
434 5247 499 5301 Bar.
511 5255 537 5301 et
549 5247 611 5302 cod.
623 5243 823 5315 Melumfluoeu.
1215 5249 1335 5319 Sibyllae
1350 5249 1377 5302 d.
1388 5250 1414 5303 2.
1430 5248 1489 5302 lun.
1504 5248 1621 5319 'largae

157 5336 186 5405 b)
206 5335 328 5402 Christo]
350 5331 442 5389 c19=
460 5334 585 5388 dometio.
710 5388 720 5399 ,
973 5320 979 5337 “
1197 5335 1224 5402 1)
1244 5334 1358 5388 Hieron.
1373 5334 1446 5388 abest
1460 5332 1493 5387 ab
1508 5341 1613 5402 autogr.
1812 5400 1817 5407 .
2007 5384 2015 5399 ,

156 5421 185 5492 6)
199 5423 325 5491 possem]
345 5436 371 5475 c.
381 5418 446 5474 Bar.
460 5436 572 5489 wem.
1162 5451 1167 5458 -
1195 5416 1223 5489 ξ)
1242 5417 1362 5479 lietera
1372 5415 1556 5483 ισίμίιΜοΙ.
1568 5412 1611 5471 i.e
1627 5412 1768 5481 Drudeut
1783 5410 1876 5487 Spanb
1895 5411 2128 5489 ediditeDtedt·
