4500 5782
7 174 12 194 '
104 206 182 289 aaa
677 195 1112 283 urtsronanun
1164 201 1274 278 ura.
1309 201 1376 277 ιιι.
1429 197 1559 281 aare.
1864 128 1882 141 „
2065 206 2134 281 ua

104 385 295 461 solutiones
308 373 373 454 καὶ
384 333 659 459 θιωινεύστοιις
672 372 771 449 baud
784 378 858 449 fere
871 371 1095 460 sentirinisi
1146 386 1244 471 ’ρακα
1258 366 1407 456 πόνους.
1438 373 1490 449 ἔτι
1505 368 1546 449 δὲ·
1562 368 1721 472 undgrei
1742 371 1827 471 ιλκη
1846 374 1887 451 bt
1909 372 2044 471 μέλιτι.
2069 371 2130 453 td

105 493 147 563 in
164 484 302 579 magnis
323 480 579 553 calamitatibus
604 494 639 552 et
660 480 759 550 seriis
783 477 897 548 animi
914 475 1095 568 angustiis.
1144 500 1256 555 rarat
1276 471 1317 550 de*
1339 473 1403 549 καὶ
1421 472 1491 571 τὴν
1512 472 1634 572 δίψαν
1658 470 1812 564 παύειν,
1848 470 1918 553 ἐάν
1938 504 1996 563 τις
2021 477 2063 555 iv
2081 484 2130 577 op

103 591 197 665 Nem
210 613 273 682 per
287 609 427 657 mrtem
440 607 476 653 se
490 576 653 653 Christus
665 581 770 654 uobis
783 580 949 653 ostendit.
997 574 1095 668 Ego-
1146 570 1303 673 στόματι
1328 576 1402 673 ἔχῃ.
1442 573 1502 673 διὸ
1524 573 1643 673 ταύτῃ
1666 604 1706 655 τε
1732 575 1797 671 eni
1822 577 1969 675 ἱππακῇ
1992 574 2129 681 διάγω

107 718 176 791 que
198 693 248 761 ita
273 688 405 772 sentio,
439 684 508 754 nisi
533 685 571 753 in
591 686 714 770 malis,
745 685 917 754 abusnros
939 704 1004 750 nos
1019 702 1094 749 esse
1145 676 1239 776 <paui
1256 672 1743 776 τοῦςΣκύθαςὴμέραςκαὶ
1756 676 2127 759 ἕνδεκαασὶδώδαα.

105 794 212 868 donis
225 793 308 863 illis.
359 786 514 881 Ideoque
528 786 636 856 satius
653 810 726 855 esse
749 781 880 854 humili
901 798 936 854 et
959 782 1108 851 deiecta·
1145 780 1242 853 Haec
1268 777 1548 875 Theophrastus.
1610 762 1840 865 Stomatiiam
1873 785 1968 857 dixit
1997 782 2127 861 Plinius

105 894 224 970 mente
239 904 435 983 exspectare
449 888 618 958 beneficia
633 885 734 972 Dei,¹
751 911 858 980 quam
877 884 1013 978 praeire
1038 882 1093 950 illi
1145 884 1356 979 glycyrizam
1377 909 1461 959 esse.
1492 878 1753 956 stomacht'cam
1768 887 1911 980 putavit
1924 884 2125 963 Hermolaus

106 1027 147 1073 ec
172 993 423 1089 praescribere,
454 992 632 1083 quomodo
667 1003 701 1060 et
732 989 818 1083 quid
848 988 974 1059 debeat
997 987 1092 1057 dare.
1144 986 1214 1075 legi
1228 986 1368 1061 debere.
1418 986 1489 1058 Sed
1512 983 1597 1059 hine
1619 1001 1763 1080 apparet
1783 988 1872 1084 quid
1893 984 2124 1062 voluerith'-

106 1101 207 1195 Quid
232 1097 329 1192 quod
355 1094 417 1162 illa
448 1115 549 1182 saepe
580 1090 714 1161 carnali
743 1091 882 1160 adfectu
906 1101 1091 1181 petuntur.
1145 1088 1238 1161 nius.

106 1202 234 1297 Nostra
248 1197 468 1292 quaerimus,
499 1218 573 1261 uon
589 1207 628 1263 ut
644 1193 699 1261 illi
720 1193 936 1285 placeamus,
968 1190 1029 1259 secl
1053 1200 1094 1258 ut
1242 1182 1285 1261 Ὁ
1299 1181 1524 1273 διδάσκαλος
1534 1183 1572 1290 *)
1589 1193 1632 1262 ad
1651 1205 1684 1265 te
1703 1190 1827 1265 scribit
1850 1186 1936 1288 περὶ
1960 1195 2043 1269 σῶν
2062 1216 2122 1265 m-

108 1330 174 1376 nos
198 1301 287 1372 lauti
309 1298 429 1369 simus.
482 1290 592 1387 quue
612 1295 682 1365 late
699 1308 803 1386 patet.
853 1289 950 1382 Ergo
965 1292 1010 1361 de
1025 1285 1094 1359 Dei
1144 1290 1250 1377 eata,
1277 1291 1517 1381 sedbreriter.
1553 1291 1645 1365 Tota
1662 1316 1718 1363 res
1741 1293 1782 1366 ἐν
1801 1297 1850 1388 τῇ
1873 1289 2124 1391 oirrtdtottptssp

109 1403 264 1479 consiliis
288 1403 332 1470 de
353 1414 386 1470 te
412 1395 488 1466 noli
505 1396 701 1488 disputare,
727 1411 762 1467 et
775 1409 873 1466 utere
886 1393 990 1463 bonis
1005 1415 1094 1485 quae
1146 1392 1285 1484 copiose
1300 1394 1524 1482 tractabitur,
1550 1410 1590 1466 ut
1601 1419 1715 1489 spero,
1736 1390 1824 1493 περὶ
1838 1401 1908 1471 τοῦ
1923 1389 1958 1469 α’
1971 1388 2025 1490 β’.
2069 1395 2123 1468 Se-

109 1505 289 1583 concedit,
330 1514 427 1592 grato
451 1522 490 1566 ac
514 1500 575 1589 pio
601 1498 736 1582 animo,
775 1523 814 1566 ac
841 1519 944 1588 perge
971 1495 1095 1576 iacere,
1146 1507 1249 1564 natus
1267 1495 1436 1587 principis
1460 1497 1662 1568 decreverat
1681 1511 1721 1568 ut
1743 1498 1888 1570 daretur
1909 1512 2124 1582 courmexus,

20 1650 24 1663 ·
107 1607 204 1706 quod
219 1607 335 1674 debes.
384 1599 527 1672 Caetera
544 1601 620 1668 sine
634 1614 674 1670 ut
688 1613 784 1669 curet
800 1599 892 1689 ipse,
925 1594 1095 1692 quemad·
1146 1588 1343 1691 dipxwffl)
1358 1597 1431 1690 ipsc
1445 1612 1594 1674 recusat.
1632 1598 1798 1671 Sciseius
1815 1612 1994 1672 naturam.
2032 1598 2125 1671 Nunc

29 1718 32 1727 “
106 1712 253 1783 ιιιοιΙιιιιι
276 1707 321 1775 ad
337 1706 481 1773 fratrem
496 1699 583 1772 loab
597 1700 735 1794 inquit,
759 1698 884 1791 2Reg.
899 1698 944 1770 X.
995 1694 1095 1786 Quid
1146 1696 1293 1768 omnino
1316 1712 1401 1789 puto
1424 1701 1663 1791 proiecturum
1683 1701 1772 1770 illud
1788 1695 2125 1795 atphabetumMol

106 1813 204 1886 enirn
218 1811 263 1889 fit
273 1806 348 1877 istis
374 1804 691 1896 disputationibus,
724 1803 794 1871 nisi
813 1817 853 1873 ut
876 1802 1095 1871 exulceretur
1145 1792 1316 1882 buriam,
1346 1801 1443 1870 unde
1457 1824 1534 1870 nou
1550 1802 1669 1872 literas
1683 1804 1788 1876 modo
1802 1803 1911 1888 alias,
1933 1804 1998 1873 sed
2014 1824 2126 1875 omnes

42 1952 45 1957 ·
108 1916 248 1986 animus
265 1911 431 1979 adversus
453 1906 625 1976 iudicium
638 1903 729 1975 Dei?
759 1928 831 1998 quo
857 1914 998 1995 peccato
1020 1923 1094 1969 non
1146 1901 1240 1971 cives
1269 1901 1375 1971 etiam
1403 1902 1567 1987 eiieiuut,
1605 1903 1666 1997 qui
1689 1899 1974 1999 συμμαίνεσθαι
1997 1906 2126 1977 ιιοΙιιιιι.

107 2017 206 2091 aliud
223 2015 262 2082 in
278 2010 413 2078 mundo
434 2009 555 2103 maius¹
570 2020 631 2109 est.
684 2005 795 2099 ldque
818 1998 887 2090 est,
918 2003 1015 2099 quod
1036 2000 1094 2091 di·
1145 1999 1312 2093 Regnum
1333 2001 1386 2072 ibi
1401 2004 1491 2094 gerit
1502 1997 1683 2078 Thomas.
1735 2003 1812 2098 Ego
1833 2030 1902 2100 pro
1926 2019 2024 2079 certo
2044 2006 2128 2079 enei·

108 2122 212 2201 cun't,
240 2116 352 2204 legem
376 2112 464 2179 iram
485 2106 634 2202 operari.
684 2105 873 2200 Propterea
892 2129 973 2176 cum
993 2126 1095 2196 saepe
1146 2105 1225 2196 pio,
1265 2103 1437 2174 nuncium
1461 2106 1608 2177 missum
1632 2131 1705 2177 esse
1729 2107 1775 2179 ad
1794 2109 2047 2181 accersendum
2069 2100 2150 2181 elr-

107 2223 212 2304 aliaa,
243 2231 321 2287 tum
344 2213 389 2282 ad
413 2210 483 2284 Ro.
497 2208 581 2281 Xll.
595 2208 727 2280 Paulus
752 2205 942 2301 praecipit,
972 2219 1014 2279 ut
1033 2228 1095 2296 spe
1146 2199 1180 2278 α’
1192 2198 1243 2301 β.
1281 2203 1505 2276 Tabellarius
1519 2214 1589 2280 τοῦ
1603 2203 1637 2280 α’
1651 2203 1702 2305 β.
1716 2226 1892 2305 quantum
1905 2233 1973 2303 ego
1988 2208 2128 2303 {accipio¹

107 2323 342 2419 gaudeamus,
373 2327 415 2383 ut
428 2313 466 2382 in
480 2311 709 2384 tribulatione
721 2310 928 2405 patientiam
941 2321 1096 2400 praeste-
1145 2320 1284 2401 praeter
1296 2307 1463 2378 meritum
1477 2321 1551 2378 tam
1567 2311 1696 2401 tragice
1709 2327 1853 2407 questus
1873 2326 1926 2385 est
1947 2314 1995 2383 de
2014 2324 2128 2383 noem

106 2448 207 2509 mus,
236 2432 278 2491 ut
292 2418 431 2487 assiduo
446 2438 598 2488 oremus.
649 2409 710 2484 An
732 2428 770 2485 tu
792 2406 969 2483 Inachime
988 2432 1096 2500 nega·
1146 2412 1247 2485 urbe.
1296 2408 1369 2481 Sed
1390 2410 1652 2483 committamus
1674 2407 1762 2485 baec
1778 2413 1878 2500 Deo,
1895 2438 1979 2489 nos
1996 2426 2128 2491 nocuae

106 2528 164 2601 bis
177 2540 211 2597 te
226 2521 319 2616 patri
335 2543 407 2588 esse
423 2516 549 2589 curae?
598 2514 779 2599 Nondum,
800 2514 905 2598 dices,
926 2511 1033 2582 sentit
1049 2510 1095 2581 il-
1146 2510 1379 2582 conscientiae
1394 2525 1499 2606 etque
1516 2512 1609 2587 vitae
1623 2513 1865 2591 conditionem
1876 2517 2077 2591 rideamne.

106 2632 178 2702 lius'
201 2622 455 2714 benignitatem
477 2619 628 2690 enimus.
687 2615 803 2689 Immo
823 2639 909 2686 vero
932 2613 1004 2683 iam
1028 2614 1095 2685 ob-
1245 2610 1300 2683 De
1314 2613 1543 2704 profectionis
1555 2616 1705 2689 consilio
1716 2619 1873 2691 tmuabo
1888 2612 2129 2691 constitere.

107 2731 227 2805 ruitur
246 2727 309 2797 illa
324 2724 387 2794 lux
402 2720 514 2791 animi
526 2719 708 2804 molestia,
741 2742 781 2788 ac
796 2715 1096 2810 disputationibus
1145 2708 1336 2788 Michaeli
1352 2716 1501 2789 salutem
1522 2717 1618 2789 dices
1637 2733 1759 2791 nostro
1774 2721 1933 2794 nomine.
1982 2702 2129 2793 dimili

109 2835 204 2916 istis,
242 2852 332 2924 quae
354 2846 471 2895 tamen
492 2833 652 2914 erumpet
673 2833 778 2914 atque
806 2818 971 2890 emicabit
997 2816 1095 2891 iuxta
1146 2817 1274 2888 medici
1288 2816 1666 2891 interdixeruntusum
1681 2821 1870 2897 librorum.
1926 2816 2129 2913 Ategobo-

108 2933 299 3011 consilium
315 2926 397 3001 Dei.
447 2923 502 2997 De
518 2916 584 2995 hae
601 2945 639 2992 re
660 2925 774 3017 deque
796 2922 876 2995 aliis
898 2920 968 2991 tuis
988 2944 1098 3015 quae-
1145 2945 1229 2990 nam
1243 2919 1464 2990 Dioscoridis
1477 2935 1612 3011 partem
1628 2922 1951 3015 iutereapercurri.
1990 2920 2042 2997 Et
2056 2921 2128 2997 lw-

107 3036 283 3112 stionibus
309 3053 428 3102 coram
449 3026 567 3111 brevi,
597 3040 638 3097 ut
659 3049 774 3119 spero.
830 3019 909 3114 Ego
932 3025 1018 3093 dum
1040 3018 1096 3093 his
1144 3015 1328 3120 μολογίαν
1348 3020 1494 3093 latinam
1515 3026 1634 3116 pueris
1655 3026 1803 3101 absolvi.
1853 3023 1953 3097 Haec
1975 3048 2042 3116 ego
2062 3048 2128 3095 non

108 3141 235 3213 diebus
250 3135 365 3206 otium
382 3128 547 3200 valetudo
561 3153 601 3199 ac
622 3127 727 3199 ferias
747 3126 851 3212 fecit,
880 3126 921 3194 in
940 3123 1097 3194 medico·
1145 3124 1261 3194 scribo
1284 3123 1486 3209 ambitiose,
1516 3150 1672 3213 verum„
1688 3141 1732 3199 ut
1752 3125 1999 3199 infelicitatem
2023 3150 2128 3199 meent

109 3264 191 3314 rum
211 3237 313 3308 libris
335 3231 494 3321 legendis
514 3230 646 3300 bonam
666 3229 835 3321 temporis
855 3241 992 3319 partem
1010 3250 1097 3297 con·
1146 3226 1363 3309 consideres,
1390 3226 1447 3293 cui
1462 3250 1527 3297 nee
1542 3228 1580 3295 in
1596 3243 1668 3299 tam
1684 3229 1777 3300 mela
1795 3227 2009 3300 valetudine·
2024 3229 2127 3301 otium

110 3341 231 3415 sumsi.
259 3336 387 3408 Inveni
401 3346 437 3403 et
451 3346 609 3403 veterum
622 3326 706 3426 περὶ
718 3323 889 3429 γλυκείας
902 3322 1002 3421 ῥίζης
1015 3351 1096 3396 sen·
1146 3341 1207 3402 est.
1256 3325 1344 3395 Vale
1359 3327 1575 3413 felicissime,
1599 3325 1856 3409 miluaehime,
1906 3328 2127 3403 Saluum}-

108 3443 250 3525 teutias,
276 3452 389 3521 eaest,
410 3433 780 3527 quamvocantnostri
794 3445 959 3523 corrupto
973 3452 1095 3519 paeon
1146 3452 1216 3503 cos.
1278 3425 1388 3498 Domi
1408 3444 1549 3500 nostrae
1570 3432 1607 3500 iu
1631 3434 1848 3524 crepusculo.
1911 3428 1985 3505 Die
2010 3431 2126 3507 Martis

109 3545 256 3619 nomine
275 3537 506 3635 Lyciriziam,
546 3537 685 3606 dulcem
713 3534 869 3605 radicem
895 3531 1001 3601 vertit
1020 3528 1097 3601 Pli-
1145 3526 1239 3625 μετὰ
1254 3524 1324 3623 τὴν
1339 3526 1411 3625 πρὸ
1425 3535 1503 3607 τῶν
1515 3529 1658 3627 βαΐων.
2009 3546 2015 3555 ’

110 3650 203 3724 nius.
253 3642 324 3716 Sed
341 3634 409 3710 hoc
426 3663 444 3707 a
461 3634 681 3711 Dioscoride.
1690 3668 1693 3675 ·
1884 3630 2086 3729 Philippus⁴

128 3780 131 3785 ·
210 3743 308 3817 Haec
336 3741 562 3833 scripseram,
601 3763 682 3807 cnm
710 3735 808 3810 venit
836 3728 1025 3817 seiherus,
1061 3747 1097 3805 et

110 3865 242 3924 vestras
263 3846 383 3918 literas
401 3838 549 3917 καὶτοῦ
564 3832 598 3910 α’
611 3832 649 3935 β
664 3838 793 3912 reddit.
827 3834 902 3909 Has
917 3859 980 3929 ego
996 3835 1096 3927 prius
1159 3902 1163 3908 ,
1608 3886 1612 3897 .
1704 3882 1709 3889 .
1834 3872 1837 3877 -
1994 3864 1997 3869 -
2033 3888 2036 3893 .

110 3951 263 4049 perlegi,
293 3970 399 4042 quam
412 3967 604 4038 pergerem.
654 3936 767 4011 Porro
782 3940 899 4013 vuum
914 3938 1096 4010 estabsol-
1144 3951 1213 4025 No,
1229 3948 1318 4026 329,
1555 3984 1566 4013 ,.
1598 3976 1601 3985 ·
1699 3986 1711 3993 ..
1934 3958 2015 4039 (boe
2027 3954 2121 4039 NJ)

110 4049 298 4128 verebanc
311 4047 510 4142 epistolam.
560 4042 653 4115 Iussi
671 4054 791 4114 autem
805 4056 851 4117 ut
870 4067 953 4112 mox
967 4034 1097 4112 etSti-
1153 4046 1325 4077 *Ν
1883 4084 1886 4089 .
1958 4046 2116 4081 νον-ν

110 4140 218 4232 betur
240 4153 419 4225 scriberet.
466 4146 555 4219 Erat
576 4145 671 4216 enim
691 4168 795 4215 mane
816 4144 978 4213 abitums
999 4165 1096 4213 nuu-
1379 4118 1500 4204 Hier.
1528 4112 1891 4232 Battmgartnert).

93 4250 198 4334 eius.
246 4253 326 4326 Hoc
345 4255 493 4347 iuquam
512 4247 675 4319 dissentit
690 4242 931 4317 aIlioscoride
945 4243 1096 4328 Plinius,
1255 4316 1262 4330 ι
1324 4314 1330 4330 ,
1805 4304 1809 4311 ¹

110 4362 209 4459 quod
219 4352 379 4429 echinata
391 4354 477 4425 lolia
487 4343 717 4453 γλυκυρίζαν
735 4348 822 4419 dicit
833 4342 984 4432 babere,
1004 4343 1096 4419 Dio-
1213 4315 1360 4440 Elffiss·
1374 4314 1522 4456 wa&
1539 4348 1575 4361 ·
1608 4314 1690 4370 ΝΜ
1708 4333 1739 4369 ²¹
1755 4313 1928 4388 ²⁰¹0e¹²eb0
1944 4314 2013 4371 Met.
2026 4316 2054 4372 ln
2065 4314 2119 4374 cst.

112 4462 268 4537 scurides
289 4450 433 4532 ἐοικότα
456 4449 573 4548 σχίνῳ
587 4452 625 4522 id
639 4464 691 4521 est
705 4449 864 4535 lentisco.
909 4444 959 4521 Et
971 4447 1095 4519 lentis-

112 4589 174 4637 cns
195 4586 279 4633 tane
303 4558 503 4631 cuiusmodi
528 4556 593 4639 sit,
626 4575 701 4623 nou
729 4552 979 4643 est'ignotum.
1034 4547 1096 4621 ,Τιι
1170 4536 1225 4613 D.
1250 4537 1901 4645 HieronymorBoprgartpero‚
1928 4532 2103 4615 Noriber·
2158 4611 2162 4619 ,

111 4666 201 4763 quid
215 4664 344 4735 sentias
359 4660 489 4740 scribe,
520 4671 625 4751 atque
639 4654 746 4727 etiam
760 4677 807 4725 an
822 4651 997 4723 eiusmodi
1009 4651 1095 4723 lolia
1333 4643 1443 4738 gensi
1454 4640 1630 4741 patricio,
1654 4666 1798 4713 summo
1813 4640 1947 4719 amieo.

2 4764 14 4785 ”
112 4771 186 4842 sint
199 4762 376 4838 radiculae
395 4760 566 4833 vetimii&
615 4754 740 4828 Liblffl
757 4755 976 4839 fldmlbffla
1006 4777 1097 4848 ‘1¹¹³‘
1147 4754 1193 4848 S·
1243 4773 1402 4848 Tametsi
1437 4772 1531 4847 nihil
1562 4771 1745 4860 haberem,
1788 4777 1883 4870 quod
1905 4752 2124 4875 'magnopere

114 4875 160 4945 de
185 4894 225 4941 ee
253 4868 404 4959 legeram
430 4854 532 4957 Meli
558 4849 784 4978 θ’θφξᾶσῑῳ
807 4856 933 4977 indul·
955 4853 992 4927 9·
1013 4849 1098 4950 περὶ
1147 4878 1317 4972 perscribi
1331 4880 1378 4949 ad
1393 4902 1457 4948 vos
1471 4879 1634 4962 referret,
1660 4892 1779 4949 tanen
1792 4876 2124 4969 parumbumennm

113 4998 192 5074 W
205 4976 222 4995 ”
253 5020 266 5058 s
306 4981 348 5039 ¹¹²
376 4978 563 5037 minim
592 4963 749 5033 ‘adm
773 4973 904 5031 ‘elim‘
926 4980 1097 5031 mmm·
1172 4980 1269 5052 atavi
1283 4980 1462 5063 dimittere
1476 4980 1553 5050 sine
1566 4980 1652 5049 meis
1666 4981 1778 5055 literis
1800 4980 1843 5049 ad
1858 4994 1893 5051 te
1907 4984 2125 5087 notissimup

113 5076 266 5178 γλυκεῖα
293 5064 335 5147 δὲ
362 5064 426 5142 καὶ
447 5055 653 5188 ἡσκυιῗιιὴ
679 5056 743 5187 xvi!
758 5055 849 5135 ἔνιοί
863 5086 907 5160 ιι
920 5063 1096 5184 καὶξῧσξν
1148 5006 1348 5167 bominem,
1364 5078 1367 5085 ’
1382 5062 1897 5183 Christop'tioilm'ldst'rde
1917 5060 2126 5179 'prde'seitim

115 5172 235 5271 ωιηὴγ
248 5167 346 5263 εὐθὺ
362 5175 539 5273 ytvgsenr
553 5160 673 5263 ῥιζαν,
700 5186 844 5265 preerat
861 5155 902 5239 di
925 5184 1007 5255 nepe
1028 5182 1099 5255 την·
1154 5230 1384 5250 ,,,,,,,,,,
1445 5204 1448 5209 -
1559 5188 1563 5199 ·
1747 5190 1750 5195 ·
1821 5190 1825 5197 ·

115 5282 306 5353 Μαιῶτιν.
335 5266 500 5369 χρησίμη
523 5262 568 5357 δὲ
588 5259 679 5363 πιός
701 5259 809 5345 ’Μᾶ
832 5258 1014 5356 &fliium
1034 5255 1100 5333 καὶ
1179 5300 1356 5372 enum·
1370 5301 1402 5358 c
1416 5299 1473 5354 w.

115 5376 207 5477 πρὸς
223 5376 325 5475 βῆχα
340 5369 471 5471 ξηρὸν,
505 5366 569 5444 καὶ
588 5365 697 5451 ὅλους
716 5360 804 5449 cocle
822 5359 906 5461 rapt
926 5358 996 5436 τὸν
1015 5352 1099 5435 dni-
1181 5386 1230 5455 aa,
1247 5384 1369 5443 mm„
