4500 5782
607 244 1089 325 ‘EPISTULARUM
1131 241 1238 317 LlB.
1267 238 1295 316 l.
1357 234 1485 314 1516.

981 507 1150 599 1516.

56 708 111 783 h'o.
126 710 161 786 A.
817 714 875 797 (m.
890 712 1028 796 lllanto.)
1087 707 1137 778 tia
1157 704 1280 775 laudes
1304 698 1377 769 illis
1395 708 1534 770 tautum
1553 688 1712 764 heroicas
1726 690 1824 761 velut
1838 687 1996 781 exempla
2013 687 2079 757 de·

49 809 171 833 w
813 807 1032 839 m
1088 811 1182 881 dere.
1232 800 1443 874 Homericos
1464 821 1562 888 reges
1585 808 1671 888 puto
1693 807 1728 864 et
1745 791 1912 881 Tragicos
1936 789 2080 859 concio·

308 881 353 966 P
349 878 452 964 attlo
488 875 778 966 Geraea'ldw·
1088 933 1162 982 nes.
1209 901 1268 977 his
1283 902 1514 974 Pindaricum
1537 921 1664 991 poema
1683 919 1758 965 non
1778 895 1928 964 addetur
1950 892 2079 981 inepte.

106 1037 249 1096 Ρηιῐιιίο
275 1039 304 1095 tn
327 1041 503 1106 romeam,
535 1058 618 1111 quem
642 1039 805 1096 Meunthon
829 1037 914 1095 ,aaa
936 1036 974 1090 a.
996 1034 1041 1089 in·
1088 1009 1236 1103 Reliqui
1261 1007 1300 1076 in
1322 1003 1570 1075 communibus
1597 999 1726 1069 versati
1756 995 1885 1066 caussis
1924 991 2079 1063 familiae

143 1107 296 1180 seriptum:
315 1108 505 1173 „Comoedias
521 1109 550 1162 Ρ.
566 1108 691 1162 Terentii
702 1119 790 1163 metro
804 1107 977 1178 numerisque
994 1121 1041 1156 re·
1089 1136 1211 1185 curam
1242 1107 1462 1199 civitatisque
1489 1116 1619 1175 statum
1641 1098 1866 1192 descripsere,
1914 1094 1987 1165 illis
2008 1089 2081 1165 Co-

142 1171 1043 1302 diffuililliilifiiiiil⁰¹¹li⁰di¹i²liiii³ii⁸iil⁸t
1089 1214 1231 1284 moedia
1254 1235 1290 1280 se
1312 1210 1416 1281 debet
1437 1206 1636 1299 praecipua.
1686 1199 1872 1272 Praetereo
1895 1219 1984 1291 quac
1998 1193 2081 1286 plu-

52 1318 55 1325 '
145 1330 211 1370 ⁶⁰¹⁰
240 1314 338 1369 ὀδω
363 1312 549 1370 M‘lm'lfflssh
576 1314 719 1386 prooemio
744 1314 849 1388 Lipsiae
877 1331 901 1367 ³·
927 1310 994 1366 ¹⁵¹⁸
1018 1318 1044 1363 θ’
1090 1317 1181 1386 rima
1196 1315 1302 1384 etiam
1318 1334 1423 1382 versu
1437 1308 1509 1378 suis
1528 1306 1708 1378 interdum
1726 1301 1832 1373 amici
1845 1298 2081 1371 tradiderunt

145 1382 363 1524 A⁵ssitiiit⁴¹d'.
379 1381 843 1525 addririffilwhiiwpi’
861 1379 1044 1442 de'hm’
1091 1409 1250 1501 Hesiodi
1281 1411 1373 1513 ἔργα
1402 1406 1466 1484 καὶ
1485 1405 1625 1505 ἡμέρας
1655 1406 1700 1475 ad
1725 1407 1870 1475 fratrem
1891 1423 1981 1494 opus
2011 1397 2082 1468 tale

386 1549 466 1616 ..alt
490 1548 704 1607 LECTOREM.
1091 1523 1212 1591 forsan
1239 1512 1440 1587 habebitur.
1486 1511 1612 1605 etqui
1641 1499 1882 1603 Pythagorae
1913 1504 2082 1619 dicunmr

147 1632 350 1709 Quisqrrises.
376 1633 421 1689 eut
438 1632 558 1689 Romani
583 1637 717 1691 sermonis
739 1634 869 1707 elegantia
893 1642 934 1689 est
958 1629 1046 1695 cordi,
1093 1621 1192 1692 aurei
1210 1617 1387 1701 versiculi,
1408 1628 1531 1685 autore
1547 1637 1622 1682 non
1639 1611 1745 1695 malo,
1764 1610 1829 1679 sed
1845 1619 1963 1677 tamen
1978 1626 2082 1693 igno-

149 1702 313 1767 hortamor,
337 1702 366 1757 ia
385 1704 514 1757 Terentii
530 1702 633 1758 fabulas
649 1704 746 1757 animis
765 1702 928 1759 incumbite.
973 1700 1045 1756 Usus
1092 1723 1170 1794 bili·
1218 1734 1252 1790 et
1265 1712 1499 1811 Theognidos
1514 1705 1814 1807 phocyliquue
1834 1731 1976 1778 carmen
2002 1724 2083 1773 cum
2115 1780 2126 1807 Ι

147 1781 209 1825 esto
222 1771 374 1836 librorum,
391 1772 438 1842 qui
453 1772 693 1826 nostrirlormulis
706 1774 793 1827 excusi
810 1781 974 1844 spectantur.
1011 1767 1045 1823 lli
1280 1819 1288 1836 ,
1457 1818 1465 1835 ,
1624 1816 1647 1833 ,,
1975 1807 1984 1823 .

149 1837 645 1911 dmtibintaoeseriar,trugem
666 1841 1046 1902 citramontanam
1093 1819 1305 1895 Solomonis
1324 1816 1470 1891 hebraei
1484 1829 1667 1887 sententies
1683 1815 1863 1885 collatum.
1915 1821 1951 1879 et
1973 1828 2083 1875 rnuu·

151 1906 1047 2047 ‘'iliaelndolidriiinudtulldii'il,plidnpiiaenlehmhrlilriiiiz‘f
1093 1949 1211 1996 merae
1227 1918 1379 1991 Solonis
1394 1915 1506 1991 Attici
1519 1939 1735 2011 paraeneses.
1757 1910 1937 2008 quicquid
1961 1907 1999 1977 id
2022 1918 2084 1989 est,

150 1992 462 2125 iiototeetortaueao,
479 2043 581 2107 emito.
598 2056 714 2101 veruo.
751 2044 812 2101 Tibi
827 2047 923 2101 blasae
938 2047 1046 2100 Terea·
1095 2027 1191 2123 quod
1208 2024 1351 2118 publico
1368 2023 1489 2092 favore
1505 2022 1701 2114 plausuque
1717 2017 1848 2099 caruil,
1872 2013 1947 2085 ⁵⁰¹⁰
1964 2009 2085 2102 priva-

152 2112 188 2165 ’ὅ
200 2112 381 2167 ⁰⁰¹⁰⁰²³³²¹¹¹
396 2112 533 2168 ‘'mm'‘
566 2110 602 2168 ¹¹·
617 2122 642 2167 ²¹
655 2112 686 2171 ¹*
721 2113 934 2187 s.t'uttngen.”
968 2115 1002 2170 F·
1095 2144 1214 2201 torum
1229 2151 1298 2198 usu
1320 2125 1462 2195 laudem
1486 2120 1684 2217 promeruit
1698 2143 1773 2189 non
1786 2115 1974 2185 modicam.
2023 2106 2084 2182 Ad

64 2264 277 2372 Philipp}
307 2268 466 2344 Mela,
494 2269 730 2345 Brutum·
761 2270 818 2345 ad
839 2271 1047 2347 Paulum
1096 2232 1162 2301 ista
1177 2232 1301 2314 redeo,
1333 2251 1422 2321 quac
1438 2224 1683 2320 frequentibus
1707 2215 1863 2291 cultibita
1878 2210 2085 2308 spectaculis

65 2366 406 2493 Geraeandrqm
455 2372 854 2495 Salodurgensem
898 2377 937 2448 in
976 2375 1050 2451 Te·
1095 2414 2086 2518 mm,cautordinerelcramus‚pfflll⁰³lll¹1⁸P⁰l²¹¹d⁸

255 2485 366 2547 ’Μ’
388 2469 613 2550 C⁰m⁰⁶dm⁸
640 2473 849 2579 Pm‘salw'
1095 2534 1274 2608 ridentur.
1346 2527 1449 2601 Olim
1487 2528 1682 2621 composito
1718 2520 1943 2596 Athenarum
1981 2528 2086 2601 status

68 2600 141 2718 Qui
158 2648 275 2694 mores
299 2624 388 2696 olim
407 2626 573 2720 publicae
594 2628 823 2723 privataeque
843 2631 936 2701 ritae
963 2655 1049 2703 con-
1097 2660 1177 2707 cum
1193 2647 1227 2706 et
1241 2633 1339 2727 pacis
1353 2646 1388 2703 et
1402 2633 1471 2703 ocii
1486 2633 1613 2717 studia,
1639 2655 1704 2700 ceu
1718 2629 1803 2713 fato,
1817 2623 2011 2716 coepissent
2027 2642 2087 2689 ea·

70 2728 248 2798 stituerunt
258 2724 331 2797 viri
345 2729 461 2819 graeci
487 2724 589 2823 (nam
604 2731 649 2801 ab
669 2731 741 2801 illis
762 2732 860 2803 velut
876 2727 1050 2803 humana-
1096 2739 1185 2824 coli,
1210 2738 1420 2831 priusquam
1443 2722 1533 2805 ess'et
1555 2734 1617 2803 illa
1640 2727 1839 2802 communis
1853 2716 2087 2820 philosopho·

16 2872 23 2887 ·
71 2852 138 2897 amr
152 2828 283 2899 artium
295 2828 422 2923 primis
436 2831 622 2903 autoribus
630 2831 887 2925 auspicandum
896 2834 1048 2932 censeo),
1096 2864 1178 2910 uun
1193 2839 1401 2932 appellati03
1433 2836 1562 2908 Poetae
1583 2857 1620 2904 se
1634 2833 1779 2929 quidam
1801 2827 1936 2919 ingenii
1948 2823 2087 2894 viribus

70 2928 185 3021 partim
198 2930 379 3023 apologis,
404 2931 526 3027 qualrn
540 2934 705 3007 feruntur
721 2928 816 3003 Aeso
842 2933 893 3018 ci,
919 2939 1048 3028 partim
1096 2942 1317 3026 extulerunt,
1340 2939 1462 3029 magui
1476 2936 1656 3021 homines,
1678 2931 1822 3004 vivendi
1842 2932 1993 3001 somnam
2005 2946 2086 3013 gra·

70 3030 281 3121 aenigmatis,
306 3047 348 3103 ut
372 3033 490 3127 scrupi
515 3049 599 3106 sunt
620 3027 795 3107 Cleobuli
805 2957 958 3131 Ayndit
973 3039 1049 3110 iau-
1096 3043 1155 3114 tiis
1180 3038 1349 3113 adhibitis
1375 3043 1550 3129 eleganter
1574 3038 1825 3130 exprimentes,
1858 3044 1892 3101 et
1921 3027 2087 3120 prodesse

71 3134 131 3212 acie
142 3133 350 3224 conscripti,
373 3136 504 3225 partim
522 3136 628 3207 sacris
652 3138 862 3231 quibusdem
876 3137 1048 3225 Deormu,
1095 3145 1200 3214 bonis
1215 3144 1394 3213 mentibus
1410 3154 1444 3211 et
1460 3143 1632 3213 delectare
1648 3139 1853 3227 afficereque
1867 3127 2010 3201 virtutis
2027 3149 2086 3199 ar·

24 3292 33 3307 .
71 3245 102 3302 n
127 3232 324 3322 ferebatur,
370 3234 523 3307 oraculis
555 3262 631 3309 rem
661 3240 900 3313 absolverunt.
960 3240 1047 3312 Mox
1095 3258 1263 3335 gemente
1286 3244 1460 3336 populum
1490 3240 1619 3314 conati.
1682 3235 1825 3326 Tragici
1857 3232 2087 3312 vocabantur,

71 3333 167 3425 prima
179 3330 480 3428 philosophorum
493 3354 613 3426 actas,
631 3335 819 3411 bominum
835 3342 951 3412 studia
966 3366 1049 3412 sen-
1095 3345 1159 3440 qui
1170 3346 1328 3416 faciliore
1337 3345 1519 3438 alicprauto
1529 3344 1630 3435 pede,
1645 3338 1807 3434 quamvis
1815 3329 2087 3405 heroosHome·

70 3436 170 3506 tertiis
191 3438 374 3529 paumlis,
400 3437 506 3509 etiarn
530 3464 552 3510 a
572 3457 677 3535 poeta
700 3443 868 3535 quopiam
887 3445 1047 3536 acceptis,
1094 3449 1186 3518 rieos
1199 3447 1337 3533 imitati,
1359 3447 1556 3517 orationem
1574 3441 1734 3514 numeris
1747 3438 1902 3509 vinxere.
1931 3430 2087 3526 pedestri

70 3537 264 3631 composuit.
316 3535 421 3610 Adde
434 3541 625 3635 posteriori
640 3545 756 3615 seculo
776 3558 915 3637 praeter
928 3542 1048 3638 philo·
1095 3573 1135 3619 ea
1149 3545 1271 3619 habita
1289 3563 1341 3619 est
1355 3570 1430 3619 nou
1442 3547 1630 3619 absimilis.
1669 3542 1832 3613 Primum
1845 3538 1953 3609 fuisse
1967 3536 2088 3605 ferunt

70 3632 250 3731 sophorum
272 3638 421 3731 sulgus,
447 3644 612 3741 exempla
640 3669 784 3717 morum
806 3642 981 3717 Socraten
1013 3661 1047 3717 et
1093 3646 1132 3720 Τ
1130 3644 1260 3747 hespiu
1284 3645 1460 3737 Atticum,
1493 3649 1555 3743 qui
1572 3643 1812 3717 multitudinis
1832 3641 1971 3712 animos
1993 3635 2099 3711 odia.

69 3728 280 3835 Diogenem,
313 3766 469 3836 quonam
491 3761 640 3841 uterque
664 3771 739 3817 non
762 3761 835 3817 tam
861 3748 956 3819 ritae
979 3773 1046 3820 usu
1094 3752 1292 3843 Tragoedia
1306 3766 1513 3844 personatus
1528 3751 1611 3819 inse
1627 3744 1811 3829 convertit,
1832 3743 1890 3811 sel
1906 3764 1947 3810 co
1961 3739 2087 3821 clarus,

70 3855 226 3933 uerutus
239 3841 346 3928 foris,
373 3870 480 3938 quam
495 3840 635 3918 scholae
653 3848 770 3918 studio
796 3850 894 3919 domi
915 3852 1047 3943 proba·
1094 3856 1191 3947 quod
1206 3868 1361 3931 extrema
1386 3866 1498 3923 aetaue
1512 3852 1682 3923 Solonem
1699 3858 1928 3939 spectatorem
1946 3835 2087 3911 habuit.

70 3954 194 4030 maest,
215 3944 357 4015 tametsi
372 3944 452 4015 aliis
466 3946 572 4039 longe
582 3948 716 4020 finibus
731 3950 915 4045 utriusque
936 3953 1046 4022 ratio-
1094 3955 1176 4043 Quo
1207 3956 1314 4025 etiam
1342 3969 1500 4046 tempore
1528 3951 1672 4023 accessit
1702 3949 1838 4019 artibus
1875 3936 2086 4013 incrementi

71 4062 117 4113 nes
128 4044 330 4118 constitere.
381 4042 571 4130 Socrates,
595 4064 638 4121 ut
658 4051 803 4121 vivendi
826 4054 933 4122 modo
957 4054 1046 4123 civi·
1093 4070 1253 4143 tautum,
1283 4072 1324 4128 ut
1338 4050 1583 4134 Pisistratus,
1608 4047 1884 4123 Atheniensium
1908 4043 2086 4137 princeps,

72 4140 134 4231 lior,
157 4146 323 4217 oratione
335 4148 406 4219 fuit
418 4149 612 4222 modestiae
630 4177 669 4222 ac
685 4147 915 4224 humanitatis
929 4155 1044 4246 plena.
1092 4153 1247 4226 Homeri
1267 4182 1392 4250 poema
1412 4182 1495 4227 mox
1518 4155 1632 4245 digeri
1659 4154 1769 4245 probe
1793 4146 1935 4221 cruorit.
1988 4143 2087 4237 quis-

73 4258 177 4319 tontra
189 4240 382 4343 Diogenes
398 4265 432 4322 et
446 4252 519 4322 vita
535 4267 570 4324 et
583 4277 745 4325 sermone
759 4278 877 4347 asper,
899 4256 1049 4345 rigidus,
1093 4259 1173 4353 <pris
1198 4260 1259 4329 ille
1283 4260 1353 4329 fuit
1380 4256 1482 4354 (nam
1503 4247 1765 4329 Aristarchum
1793 4248 1968 4343 posterior
1991 4256 2085 4315 aetas

71 4349 231 4443 carpendo
247 4374 347 4436 acer,
373 4354 535 4445 quamris
556 4354 603 4427 ah
619 4355 700 4441 illa,
722 4381 812 4448 qnae
827 4370 903 4426 tum
917 4357 1045 4449 coepit,
1094 4358 1202 4456 tulit),
1216 4361 1280 4455 qui
1297 4386 1373 4433 rem
1388 4360 1530 4455 tyranni
1546 4359 1714 4429 mandato
1731 4373 1910 4444 aggressus
1916 4346 2086 4454 Hauseri-

72 4445 251 4520 rixatorem
266 4450 455 4545 disciplina
478 4456 630 4529 maxime
646 4457 793 4541 alienus,
820 4481 930 4548 nugas
944 4473 1045 4550 puto,
1092 4463 1148 4532 dis
1168 4478 1204 4535 et
1220 4458 1425 4555 Rhapsodis
1445 4484 1571 4551 magua
1594 4482 1760 4529 versuum
1775 4448 1960 4525 volumina
1974 4448 2086 4523 denir.

74 4550 179 4639 quoles
192 4550 232 4620 in
249 4549 353 4623 illurn
371 4554 593 4630 iactabantur
610 4552 699 4655 tara
715 4553 790 4651 alpi
804 4554 897 4657 tyni,
923 4556 992 4632 oda
1013 4554 1045 4631 si
1090 4563 1262 4635 Solebant
1275 4578 1354 4635 tum
1371 4565 1426 4635 illi
1439 4562 1645 4654 ragabrmdi'
1656 4573 1793 4653 partem
1803 4551 1985 4627 Homerici
1997 4572 2086 4644 poe·

74 4640 122 4719 ui·
151 4648 359 4750 ἄνθρωπος
381 4650 428 4727 ‹le'
447 4657 518 4751 εἶμι
527 4709 541 4744 ,
572 4652 620 4731 od
644 4656 718 4753 ἄρα
744 4655 814 4733 οὐκ
830 4657 1044 4755 ἄνθρωπος.
1090 4665 1196 4736 matis
1219 4666 1355 4752 allecti,
1385 4667 1443 4736 rol
1462 4663 1654 4749 mercedis,
1685 4663 1742 4732 vel
1764 4658 1897 4751 gloriae
1916 4652 2083 4747 cupidine

73 4740 171 4843 Quod
182 4774 249 4849 ego
263 4779 361 4838 sum,
376 4765 415 4827 ta
431 4781 505 4827 non
520 4782 579 4838 es;
603 4753 898 4854 hermagoram,
920 4761 1046 4858 tuigi-
1090 4768 1289 4844 decantare.
1337 4765 1460 4840 Crevit
1483 4765 1719 4837 aemulatione
1738 4762 1913 4843 sardium,
1941 4752 2083 4849 pauci&

73 4844 330 4927 tortomo‘non
346 4880 396 4929 es.
432 4855 588 4933 Accessit
604 4862 650 4933 ad
667 4863 827 4935 instituta
846 4865 1045 4957 sapientum
1090 4893 1161 4963 que
1175 4882 1255 4961 post
1275 4870 1398 4955 aunis,
1427 4883 1566 4962 praeter
1591 4881 1730 4940 autores
1746 4859 1964 4953 Tragoedias
1986 4850 2082 4920 mul·

74 4948 263 5047 ”Phlffiffls
292 4983 367 5029 ¹¹0ss
390 4958 453 5032 flla
474 4962 678 5054 nugatoria,
708 4966 770 5035 sed
792 4990 882 5058 quae
898 4962 1043 5057 posthac
1090 4984 1166 5056 tos,
1192 4994 1275 5049 suae
1298 4972 1427 5066 cuique
1458 4970 1597 5062 privato
1629 4991 1769 5039 caussae
1801 4967 1958 5034 dramate
1980 4951 2081 5069 vario

73 5074 139 5125 cum
158 5050 306 5131 historia
330 5060 494 5153 copulata¹
515 5077 578 5140 est
611 5064 710 5139 utilis
740 5067 900 5160 apprime
931 5067 1044 5138 mori·
1088 5067 1362 5164 comprehensae
1394 5071 1525 5164 passim
1552 5073 1755 5162 agebantur.
1813 5065 1927 5133 donec
1966 5067 2080 5147 poelt}

73 5152 129 5270 ips
155 5150 344 5243 laomim
368 5160 574 5241 formandis.
624 5158 673 5239 Et
703 5183 785 5239 ante
814 5168 927 5260 poetis
961 5170 1042 5262 opi·
1088 5174 1276 5262 negocium
1299 5175 1422 5247 datum
1446 5186 1517 5258 est,
1540 5172 1604 5265 qui
1624 5172 1732 5264 paulo
1753 5162 1913 5235 festivius
1932 5181 1998 5253 pro
2023 5154 2081 5227 ln·

73 5274 164 5328 arone
180 5261 266 5332 artis
287 5279 437 5334 cesserat
449 5265 554 5357 louge
574 5269 728 5339 unxima
747 5294 829 5362 pars
853 5270 1043 5342 institucn-
1087 5275 1184 5364 genii
1197 5275 1369 5366 elegantia
1385 5275 1509 5345 stultas
1524 5273 1623 5364 vulgi
1642 5265 1885 5343 contentiones
1904 5261 2081 5340 baderent,

71 5354 125 5431 dae
138 5361 249 5451 ritae,
273 5366 442 5462 equibus
456 5367 616 5468 plerique
632 5371 834 5477 principum
850 5372 944 5445 aucti
960 5394 1042 5465 gra·
1087 5374 1191 5448 certis
1219 5375 1363 5449 interim
1389 5374 1595 5447 nominibus
1620 5396 1696 5446 non
1722 5366 1848 5442 tacitis.
1898 5361 1974 5456 Qui
1998 5357 2080 5440 loci,

1095 2332 1206 2402 vitam
1221 2353 1364 2407 omnem
1378 2327 1480 2423 quasi
1496 2327 1568 2397 suis
1582 2325 1757 2416 depictam
1769 2320 1909 2391 vicibus
1931 2326 2086 2387 ostenta·
2145 2375 2147 2378 a
