4500 5782
10 4466 13 4553 l

59 240 126 315 ru
652 180 1084 311 urtsronauu'u
1134 232 1243 308 mu.
1273 232 1320 311 11.
1374 230 1507 312 1620.
1881 302 1889 309 .
2024 236 2098 308 tes

57 408 247 501 theologia,
279 412 443 507 adeoque
467 424 590 482 contra
609 411 825 505 perniciosas
845 407 1051 499 Theologo-
1100 407 1140 477 in
1156 407 1259 477 terris
1273 406 1402 500 pignus
1416 408 1531 499 pacis,
1556 406 1844 480 contentionibus
1858 399 2094 499 prophanare,

55 539 134 587 rum
156 512 283 585 aetatis
304 526 448 585 nomae
470 508 626 599 scholas,
653 516 842 586 adversum
866 536 955 608 quas
974 536 1049 581 non
1100 506 1194 581 nihil
1214 510 1315 603 prius
1339 510 1462 599 fuerit,
1497 534 1604 605 quam
1629 510 1814 601 suffragari
1841 503 1988 593 scholis,
2021 508 2094 578 nisi

55 632 125 690 uno
167 615 296 701 nobis,
334 630 378 689 ut
407 617 458 687 ita
497 618 633 702 dicam,
673 614 828 688 Hercule
861 638 951 709 opus
987 627 1050 685 est.
1093 608 1242 683 'Christo
1264 626 1318 684 tot
1338 613 1454 687 modis
1478 614 1741 704 refragarentur
1762 612 1869 704 ipsae.
1934 607 2092 681 Proinde

56 718 233 813 Suscipio
252 718 366 809 igitur
382 743 458 791 nou
480 719 587 791 modo
612 716 784 790 orationis
804 732 963 805 nostrae,
987 719 1049 787 sed
1100 715 1216 784 visum
1240 729 1306 801 est,
1338 717 1460 808 paucis
1487 716 1554 786 tibi
1578 714 1771 786 sentcntiae
1794 738 1892 783 meae
1916 713 2092 783 rationem

55 823 202 893 annino
242 844 424 893 sacrarum
461 822 663 907 literarum,
705 845 858 917 quarum
892 842 1049 891 caussam
1100 818 1263 904 reddere,
1291 833 1332 890 ut
1353 813 1484 888 habeas
1506 819 1639 888 alieubi
1660 820 1757 912 quod
1779 816 1902 886 amicis
1923 839 2001 884 meo
2024 840 2093 884 no-

55 924 208 1015 egirnus,
238 925 499 1016 patrocinium,
532 923 677 1014 dignam
701 926 858 1016 profectu
882 947 959 993 rem
982 947 1050 991 no-
1100 920 1195 989 mine
1210 923 1437 1013 respondeas.
1488 919 1612 1016 Neque
1633 916 1702 991 hoc
1717 943 1801 1009 ago,
1827 932 1867 989 ut
1887 917 2092 987 censoribus

55 1028 150 1099 utine
173 1040 250 1097 tuo.
308 1022 402 1095 Nam
424 1041 459 1097 et
487 1026 607 1096 literas
631 1027 724 1097 tueri
743 1027 963 1120 praeclamm
988 1039 1050 1109 est,
1099 1022 1188 1092 meis
1203 1022 1430 1093 satisfaciam:
1457 1047 1547 1117 quos
1560 1023 1775 1095 morosiores
1789 1043 1862 1091 esse
1875 1018 1964 1103 scio,
1984 1042 2093 1113 quam

54 1144 86 1201 α
99 1152 221 1201 sacras
238 1127 422 1201 vindicare
440 1125 552 1221 pium.
601 1124 817 1199 Martittum
830 1119 1051 1213 bertherum,
1099 1139 1141 1197 ut
1155 1126 1229 1196 ulla
1244 1124 1393 1196 omnino
1415 1126 1554 1197 ratione
1573 1125 1708 1219 placari·
1725 1123 1872 1217 possint.
1924 1120 2029 1203 Tibi,
2054 1134 2094 1191 ut

55 1230 287 1303 vinmiuxtn
306 1231 410 1323 pium
424 1245 530 1325 atcpre
548 1233 748 1318 errrditum,
774 1255 926 1325 vereque
945 1226 1050 1301 theo·
1100 1251 1223 1321 spero,
1254 1229 1377 1319 paucis
1400 1226 1621 1315 satisfecero,
1645 1224 1786 1321 homini
1812 1239 1847 1295 et
1869 1245 1957 1317 pure
1984 1218 2094 1293 Chri·

56 1334 194 1425 lognm,
235 1333 305 1405 tibi
334 1336 557 1409 commende.
616 1334 715 1405 Vale.
774 1333 1049 1423 Vuittenbergae
1100 1331 1231 1400 stianas
1253 1331 1373 1401 literas
1395 1331 1535 1402 erudito
1575 1344 1611 1401 et
1633 1329 1757 1400 iudicii
1782 1329 1821 1397 in
1848 1328 1955 1397 rebus
1985 1324 2093 1395 sacris

56 1435 239 1509 Saxonum
259 1432 368 1509 M.D.
376 1434 456 1511 XX.
1100 1433 1249 1501 minime
1269 1432 1436 1523 vulgaris.
1492 1432 1656 1505 Primum
1674 1456 1759 1501 vcro
1782 1432 1977 1511 admoneo,
2010 1451 2094 1497 sen-

1100 1536 1228 1607 tentias
1243 1558 1301 1604 me
1315 1535 1453 1629 aliquot
1468 1531 1599 1607 scholis
1613 1533 1838 1628 proposuisse
1852 1530 2094 1623 disputandas,

1100 1639 1145 1706 de
1173 1638 1305 1731 quibus
1332 1638 1521 1709 consilium
1545 1639 1614 1709 fuit
1638 1637 1780 1719 audire,
1821 1635 1908 1729 quid
1937 1632 2094 1724 optimus

55 1776 120 1854 No·
131 1776 196 1853 52·
789 1780 847 1863 (m
861 1781 1001 1845 februari
1004 1781 1050 1865 ο.)
1101 1738 1250 1833 quisque
1262 1762 1303 1809 ac
1319 1740 1544 1811 doctissimus
1559 1742 1715 1813 sentiret.
1759 1737 1857 1808 Male
1871 1736 1995 1806 affecta
2012 1757 2093 1805 cer-

57 1872 196 1903 *νυ
776 1874 1048 1915 κον-ν
1100 1866 1188 1934 pora
1205 1842 1385 1934 quondam
1410 1841 1450 1911 in
1473 1843 1616 1935 publica
1638 1841 1906 1933 exponebantur
1927 1837 2093 1929 compita,

372 1962 530 2048 [oanni
575 1964 728 2047 113330·
1101 1945 1336 2015 communiter
1359 1944 1404 2014 ab
1429 1946 1598 2015 omnibus
1625 1944 1771 2015 visenda
1800 1943 1954 2025 civibus,
1994 1953 2036 2010 ut
2062 1937 2094 2007 si
2126 1964 2128 1969 ¹

1101 2047 1180 2142 quis
1200 2046 1321 2117 morbi
1343 2047 1418 2115 vim
1444 2063 1659 2139 compertam
1683 2041 1849 2129 haberet,
1887 2055 1950 2113 aut
1978 2062 2094 2110 mme-

121 2178 240 2301 l’hilipqri
253 2174 387 2251 adllessu
434 2177 546 2259 epistola
561 2194 615 2230 una
635 2176 954 2233 cumdeclarnatinncula
967 2176 996 2229 in
1011 2174 1048 2230 D.
1100 2150 1201 2219 (lium
1218 2161 1353 2233 Πθὸὅθῑ,
1381 2148 1565 2224 lsslllssdl'el.
1624 2147 1722 2237 Quill
1748 2160 1843 2217 vellii
1866 2146 1962 2215 idem
1986 2144 2025 2211 ln
2046 2142 2094 2211 ll·

155 2246 540 2373 affiiffl‘ffinfflum
556 2244 694 2301 Vuiuenb.
714 2266 759 2370 ”fs
773 2244 875 2304 Md&-
888 2245 1048 2301 ¹¹⁰¹¹¹¹⁰‘¹¹¹¹¹
1101 2252 1186 2321 teris
1210 2251 1310 2320 fieri?
1359 2248 1443 2320 Nun
1466 2252 1568 2322 liceat
1591 2251 1703 2321 sicubi
1726 2250 1887 2334 dubites,
1929 2246 1974 2316 ad
2002 2244 2094 2315 alio-

502 2313 592 2370 forma
607 2315 730 2387 quadrup
742 2327 809 2370 reato
819 2335 914 2369 excusa
927 2326 977 2370 est.
1001 2314 1050 2384 (cf.

155 2381 351 2513 ssianlecetl.)
376 2380 413 2435 Es
424 2402 479 2455 quo
492 2384 561 2439 libro
571 2384 672 2438 litteras
682 2384 819 2455 exscripsi.
846 2386 1048 2438 Matoustana.
1100 2378 1181 2423 fflm
1210 2352 1384 2424 iudllilllfss
1418 2354 1634 2445 provocare?
1691 2350 1947 2443 proposuimus
1973 2347 2095 2440 explo-

208 2454 558 2535 ⁹²¹i⁰m⁸¹⁸erqt>⁰⁸¹¹⁰t³t
571 2452 1049 2525 quitusprobarecturturinum·
1100 2455 1229 2541 taturi,
1254 2456 1298 2525 de
1321 2456 1495 2526 sententia
1518 2470 1639 2528 nostra
1662 2456 1750 2548 quid
1770 2454 1962 2524 sentiretur
1982 2474 2005 2519 a
2027 2451 2094 2521 do-

155 2520 548 2585 busdiriniserbiblusstcns,
560 2540 766 2593 sequererne:
778 2521 1049 2577 humanacumtradi·
1136 2557 1144 2573 .
1192 2558 1200 2574 .
1288 2551 1298 2585 ι
1399 2556 1411 2591 1
1463 2558 1471 2574 .

153 2589 432 2651 tionumauctoritate
440 2592 586 2662 petendum
596 2608 661 2645 esse.
677 2590 984 2663 lodeqoeconcluserat,
996 2592 1050 2656 „ci-
1100 2559 1270 2628 ⁰l¹⁰f¹b¹¹⁵
1299 2552 1326 2651 l·
1377 2556 1492 2627 bolus
1515 2553 2093 2647 8811θῙῙΟῙῙῘΕῙῘῙΕῘἘῘ)Ῑ’()Ῑ)ῗιι)ἷή“τε

155 2660 478 2719 rememoratum
486 2662 1049 2727 essemusneustranuusstamtauomm
1099 2662 1161 2730 scd
1183 2660 1213 2729 si
1233 2659 1313 2753 quis
1332 2660 1461 2731 rectius
1476 2661 1611 2756 aliquid
1634 2672 1813 2745 moneret,
1839 2681 1950 2751 aequo
1973 2654 2093 2724 animo

152 2740 208 2789 aut
217 2732 417 2785 oberantem
426 2730 621 2785 autumatur·
645 2730 754 2799 Ecdrirs,
768 2740 798 2786 ut
810 2730 924 2791 videtur.
933 2729 1049 2787 bacere-
1492 2764 1501 2779 .
1904 2758 1959 2775 ..
2055 2755 2064 2773 0

154 2802 247 2857 hm,
259 2805 436 2853 mmmm,
460 2798 1049 2873 Metanttmnentmtnuaaaduersumept·
1100 2763 1275 2833 calculum
1304 2776 1531 2836 revocaturrs.
1591 2760 1742 2835 Scholae
1766 2775 1800 2832 et
1829 2774 2021 2831 certissima
2053 2780 2093 2825 m

154 2870 225 2925 stola
237 2864 348 2922 scribite
368 2868 483 2939 ..Atque
495 2868 599 2922 utinam
611 2867 829 2941 certiusaliquod
843 2869 975 2923 haedere
1004 2889 1048 2923 ro·
1099 2866 1250 2936 dubium
1265 2879 1408 2934 vocant:
1436 2888 1499 2955 ego
1516 2865 1561 2935 de
1576 2867 1719 2936 inceptis
1742 2880 1777 2936 et
1800 2866 1845 2933 de
1867 2862 1997 2954 quibus
2020 2859 2092 2927 iam
2143 2910 2147 2919 .

153 2935 354 3001 fentEcldut,
369 2936 415 2991 cui
434 2937 504 2991 adeo
521 2934 808 3007 discipleotuostra.''
841 2938 967 2991 Fortasse
1015 2956 1049 2995 eo
1268 2967 1276 2982 ·
1314 2967 1322 2982 ·
1810 2967 1818 2983 ·
1995 2962 2004 2979 ·

155 3006 193 3063 ad
207 3004 290 3063 latr
306 3002 428 3061 libellum
448 3008 507 3069 „de
521 3008 688 3073 praesentia
709 3008 834 3073 eorporis
853 3016 881 3061 et
899 3008 1049 3075 sanguinis
1100 2981 1153 3038 t⁰t
1168 2967 1296 3037 secuhs
1312 2980 1405 3037 mter
1420 2992 1550 3060 paucos
1566 2970 1654 3038 adm
1670 2982 1853 3051 ⁰⁰¹¹V⁰¹¹¹l2
1873 2986 1948 3033 ”⁰¹¹
1967 2962 2093 3052 duim*

155 3072 282 3160 aque?
298 3066 429 3154 ⁸t⁶⁶¹⁸¹ib
469 3072 517 3128 ¹¹¹⁸
535 3075 588 3155 {³¹¹¹
607 3091 650 3127 Μ
671 3075 753 3159 onitu
767 3076 948 3160 Matantupn,
969 3075 1047 3161 euius
1100 3068 1196 3141 tem?
1251 3064 1443 3161 Antiquari
1470 3066 1672 3141 scholarum
1702 3092 1840 3138 morem
1867 3077 2024 3158 oportet,
2061 3060 2093 3131 si

153 3144 269 3219 quidem
284 3142 1047 3217 utomta,clequ1lrush..agrtur.rntcrussevulea·
1098 3172 1278 3262 disputare
1320 3172 1426 3240 rebus
1472 3172 1592 3242 dubiis
1632 3198 1706 3241 non
1745 3171 1849 3253 licet,
1893 3166 1965 3235 nisi
2006 3163 2093 3234 solis

153 3221 214 3271 tor.
249 3210 286 3269 cl.
297 3228 366 3283 quac
377 3230 460 3285 supra
472 3230 534 3285 paq.
551 3213 599 3267 125
616 3212 773 3272 dictasunt.
806 3214 841 3271 F.

1098 3271 1300 3344 Saxonibus
1335 3296 1410 3341 non
1445 3272 1545 3361 licet,
1586 3276 1684 3369 quod
1713 3287 1748 3343 et
1776 3269 1875 3341 Boiis
1909 3282 1944 3340 et
1974 3265 2094 3351 Ubiis,

58 3402 106 3481 D,
144 3394 405 3481 IOHANNI
441 3396 643 3491 HESSQ
696 3398 1047 3481 NVRENBER,
1099 3388 1135 3445 et
1160 3375 1329 3445 omnibus
1359 3374 1494 3469 ubique
1518 3372 1649 3447 scholis
1671 3374 1884 3470 permissum
1910 3384 1972 3446 est.
2042 3364 2093 3439 Et
2212 3420 2215 3429 .

91 3498 227 3585 GBN,
258 3496 569 3579 THEOLOGO
610 3500 760 3581 PHIL·
792 3504 932 3583 ΜΗ.
967 3508 1008 3589 ιςο
1096 3477 1347 3571 proposuimus
1392 3479 1565 3572 quidem,
1601 3493 1644 3551 ut
1698 3479 1982 3571 disputaremus,
2034 3494 2093 3540 rc-

1098 3579 1302 3665 trnctnturi,
1343 3577 1374 3648 si
1405 3580 1487 3674 quis
1517 3582 1648 3653 rectius
1679 3594 1852 3654 moneret.
1921 3571 1972 3649 At
2008 3596 2092 3642 cen-

56 3656 171 3761 Vide,
185 3774 188 3779 Ι
203 3672 260 3743 mi
279 3668 412 3781 flesse,
446 3696 536 3765 quac
558 3684 600 3741 tu
622 3696 738 3767 nuper
764 3698 829 3767 pro
859 3676 971 3746 animi
992 3679 1046 3750 tui
1098 3706 1196 3752 sores
1232 3682 1309 3767 isti,
1349 3706 1430 3751 cum
1469 3678 1565 3753 nihil
1597 3697 1784 3769 moneant,
1827 3678 2093 3751 calumniantur

56 3778 208 3851 condem
228 3773 443 3846 axiomataa
466 3774 571 3844 nobis
586 3772 862 3868 Vuittenbergae
886 3779 1047 3873 disputa·
1098 3798 1237 3871 tamen,
1261 3796 1295 3854 et
1317 3804 1422 3855 suum
1442 3784 1534 3855 illud
1552 3786 1787 3880 quiritium,
1813 3780 1996 3862 Haerere,
2022 3778 2093 3846 im-

55 3872 146 3975 h')
159 3870 348 3969 tantopere
374 3876 567 3969 probabas,
604 3900 645 3947 ea
666 3900 763 3950 nunc
785 3902 946 3951 censores
965 3884 1048 3977 qui-
1097 3910 1159 3956 mo
1181 3910 1274 3956 nova
1302 3880 1466 3961 haeresis.
1531 3887 1601 3960 Sed
1631 3888 1848 3958 excutiamus
1875 3907 1951 3953 rern
1978 3882 2093 3972 ipsam

55 3984 132 4055 dam
160 3982 373 4073 dogmatum
402 3973 689 4050 Christianorum
724 3983 852 4052 ordine
888 4000 1047 4057 movent·
1097 3988 1204 4082 paulo
1222 3987 1427 4059 accuratius.
1476 3985 1522 4058 In
1542 4013 1691 4061 numero
1713 3989 1928 4059 axiomatum
1950 3995 2094 4053 nostro-

56 4080 93 4155 lo
108 4084 375 4179 prinbautenr
390 4082 601 4153 sementiam
618 4084 664 4151 de
681 4086 1047 4159 transsubstantiatio·
1097 4114 1181 4167 rum
1212 4091 1286 4161 duo
1316 4091 1491 4184 quaedam
1522 4104 1622 4179 sunt,
1662 4114 1684 4161 e
1715 4092 1846 4186 quibus
1876 4085 2023 4158 tertium
2047 4084 2093 4154 de

55 4212 112 4273 ne,
134 4208 249 4287 quaro
262 4184 357 4255 inter
371 4182 539 4257 articulos
552 4182 637 4255 fidei
654 4209 841 4259 numerare
855 4210 957 4283 posse
971 4213 1046 4261 non
1098 4190 1512 4265 Transsubstantintione
1527 4208 1561 4266 et
1574 4188 1774 4277 charactere
1786 4214 1851 4262 ceu
1870 4211 1889 4259 e
1907 4190 2006 4259 fonte
2027 4186 2093 4255 de-

54 4302 170 4383 puta:
211 4278 314 4369 ‚llam
337 4308 380 4357 eo
407 4284 490 4355 loco
516 4287 649 4358 nostris
678 4288 898 4383 temporibus
923 4290 1047 4365 literae
1096 4295 1244 4366 rivatus.
1302 4286 1418 4388 Quod
1444 4286 1701 4380 Catholicum,
1733 4300 1878 4392 praeter
1899 4282 2092 4369 articulos,

53 4386 277 4481 (hebdoade
302 4400 407 4472 sunt,
447 4400 488 4457 ut
516 4386 619 4481 pium
649 4414 776 4461 vocare
804 4415 911 4463 nemo
942 4394 1046 4479 ausit,
1097 4391 1387 4494 praescripturo
1405 4394 1557 4493 probat,
1582 4398 1721 4469 nonsit
1737 4414 1874 4466 necesse
1893 4386 1993 4463 ulios
2016 4412 2093 4460 ere·

54 4492 120 4565 nisi
134 4490 253 4587 qdod
283 4488 394 4580 vulgo
427 4502 608 4583 receptum
646 4487 787 4565 scholae
823 4496 1045 4585 profitentur.
1098 4492 1191 4573 dere.
1235 4490 1385 4567 Deinde
1408 4496 1643 4571 conciliorum
1673 4497 1910 4569 autoritatem
1932 4489 2092 4591 seriptu-

55 4592 141 4685 (Μ
160 4614 287 4665 arere
316 4598 393 4662 nou
419 4590 523 4661 facile
545 4593 779 4687 perniciosior
805 4596 896 4667 alius
921 4600 1060 4693 fuerit:'
1094 4594 1162 4671 'rue
1178 4597 1378 4671 autoritate
1395 4598 1500 4672 vinei
1550 4599 1593 4671 E
1605 4599 1740 4703 quibus
1749 4596 1801 4696 fit
1817 4598 1910 4671 citro
1928 4589 2093 4666 haeresis

56 4695 176 4791 ΜῬἕ
192 4714 271 4791 ’φο
295 4690 376 4767 fiffl
397 4693 578 4779 Videfflffl,
601 4709 643 4767 ut
665 4698 777 4788 magis
793 4700 881 4793 quid
904 4694 1046 4772 scholae
1098 4700 1252 4784 crimen,
1293 4723 1368 4771 non
1397 4700 1497 4774 credi
1520 4699 1999 4777 Transsubstantiutionem
2025 4703 2093 4766 uut

56 4798 239 4893 redp'not,
262 4819 374 4893 qoam
394 4795 483 4915 quid
503 4791 668 4868 Christus
694 4801 836 4887 doceat,
860 4816 1046 4897 spectetur.
1097 4797 1376 4887 Choructerm,
1407 4814 1475 4875 aut
1494 4804 1652 4881 similia.
1709 4808 1934 4879 Postremum
1952 4799 2091 4871 axioma

57 4894 267 4987 fflldme,
289 4894 354 4995 qui
373 4895 489 4969 nolim
500 4892 722 4975 Christianus
737 4902 873 4991 literas,
897 4906 1046 4977 unicum
1097 4908 1251 4979 convelli
1271 4930 1346 4978 non
1365 4908 1499 4999 potuit,
1525 4912 1596 4983 nisi
1609 4912 1792 5005 prioribus
1807 4908 1947 4978 duobus
1959 4900 2093 4972 refuta-

161 5034 165 5043 ·
216 5032 219 5041 ·
1097 5009 1152 5084 tis.
1202 5008 1335 5095 Porro,
1358 5032 1474 5105 neque
1489 5015 1535 5085 acl
1547 5008 1996 5085 Transsubstantiationem
2009 5016 2091 5074 tan-

1096 5126 1173 5184 tum
1188 5128 1250 5185 aut
1262 5106 1527 5203 characterem,
1552 5118 1615 5189 sed
1634 5118 1679 5187 ad
1698 5113 1818 5186 omnia
1841 5109 1917 5181 eius
1941 5102 2092 5199 gennis,

65 5100 335 5124 ψ

87 5224 255 5295 'lm
271 5224 417 5283 &adata
436 5232 476 5283 t'tt.
492 5226 648 5298 Septembri
666 5231 740 5315 1519ε
781 5230 833 5300 (ef‘.
846 5248 927 5316 qepun
941 5232 1041 5305 prm.

118 5364 127 5379 ·
146 5306 300 5421 ιιιαῖἴιῗ
315 5296 1044 5443 tf'u'r't'attillftilt'tl'td‘lfttltt'llll

121 5442 176 5501 tt.
191 5452 262 5509 με
278 5434 299 5491 t
313 5452 346 5493 e·
359 5433 476 5491 eonion
511 5434 560 5504 a.)
1148 5446 1175 5515 u
1193 5446 1371 5522 loedoriam]
1390 5452 1441 5527 up.
1454 5450 1534 5509 usu.
1553 5448 1613 5504 ua
1631 5446 1853 5513 „natarunt”
1888 5444 1922 5499 r.
