4500 5782
163 231 214 302 43
600 306 603 310 ,
755 214 1197 294 EPISTOLARUM
1239 220 1421 298 LIB.II.
1485 220 1611 337 1518.

110 429 113 435 ’
163 400 344 496 proposita
359 398 507 490 perstiti.
532 394 722 488 Nunquam
736 395 826 463 alius
841 395 1054 463 amesactus
1067 415 1155 465 sum.

171 497 666 593 Illittcmbergnm'concessi.
713 495 781 584 Ibi,
806 497 903 589 quod
919 496 980 582 ais,
1003 495 1156 571 caussari

163 630 232 685 me,
248 604 364 672 neseio
382 602 495 695 quae?
520 599 638 668 Homo
651 593 886 689 philosophus
900 621 999 696 sum.
1027 591 1086 665 An
1098 618 1155 665 me

164 721 266 799 putas
289 706 409 793 magui
432 705 565 796 facere,
605 724 712 795 quam
743 723 891 768 amoeno
922 701 999 768 loco
1030 698 1155 787 agam?

69 796 71 801 ’
162 807 242 878 Hoc
266 806 542 898 magnipendo,
573 817 615 873 ut
639 800 786 871 honesto
808 802 886 870 loco
912 824 1049 894 queam.
1102 797 1155 868 Ac

46 933 51 951 ‘
163 909 343 1004 quomodo
368 909 433 975 sim
458 907 599 975 futurus
628 898 702 975 W
697 899 947 995 illembcrgae,
982 925 1087 969 nemo
1111 900 1155 968 de

109 1060 112 1065 -
162 1037 220 1080 me
242 1011 475 1102 pronunciet,
515 1021 724 1099 anteaquam
747 1018 909 1096 expertus
930 1004 975 1072 sit
997 1003 1154 1101 studium

1258 391 1446 464 Calumnia
1463 388 1517 492 *);
1541 398 1612 466 iam
1629 397 1667 465 in
1686 398 1851 468 incudem
1869 403 1974 473 missa
1996 422 2058 490 est,

1256 493 1538 584 Dictionarium3

1256 592 1339 692 aspi
1356 592 1507 672 ἀκούειν
1520 593 1721 669 Plutarchi
1733 596 1807 699 *¹33

1258 694 1340 794 περὶ
1355 695 1572 793 ἀδολεσχίας
1584 696 1786 774 Plutarchi
1790 734 1802 781 ,·

1256 799 1423 896 Hymnus
1440 803 1481 887 in
1498 805 1641 893 angelos
1658 829 1818 894 graecus3

1257 895 1541 996 Athenagoram
1622 918 1641 955 ⁹

1256 1001 1366 1073 Liber
1383 1005 1426 1072 de
1444 1030 1603 1075 successu
1621 1010 1836 1096 studiorum3

162 1137 292 1183 meum.
352 1109 443 1194 Scis,
471 1108 558 1201 quid
580 1108 728 1192 moliar,
760 1107 825 1175 scit
845 1105 1057 1174 universitas
1080 1118 1155 1172 stu·
1256 1096 1430 1174 Platonis
1470 1110 1709 1200 symposium:
1759 1127 1793 1180 et
1828 1115 1895 1181 alia
1943 1116 2088 1183 fortasse
2118 1107 2197 1207 m)

163 1216 322 1296 diorum,
348 1237 417 1305 qua
432 1212 500 1279 fide
515 1213 669 1282 doceam.
720 1206 894 1301 Pleraque
907 1201 1103 1276 Martinus
1117 1198 1154 1300 ⁴⁵)
1205 1203 1283 1274 Diis
1307 1208 1511 1278 iuvantibus
1533 1226 1566 1279 ct
1587 1213 1741 1302 auspicio
1759 1212 1935 1307 Principis
1959 1216 2064 1289 felici.
2117 1211 2198 1287 Ob-

131 1310 132 1314 ¹
161 1320 327 1399 sortasse,
353 1314 507 1405 optimus
530 1337 569 1381 ac
590 1310 814 1381 doctissimus
834 1311 909 1395 vir,
935 1324 1050 1379 tecum
1074 1331 1154 1378 meo
1205 1331 1302 1377 secro
1325 1323 1376 1394 te,
1410 1310 1461 1377 mi
1477 1304 1692 1407 Spoletina,
1719 1308 1941 1412 Philippum
1962 1318 1999 1385 in
2020 1319 2124 1388 fidem
2150 1320 2198 1386 si-

162 1417 318 1491 nominc.
369 1412 507 1486 Omnes
529 1413 583 1484 tui
605 1411 724 1506 superi
747 1436 786 1481 ae
807 1412 914 1481 inferi
933 1424 1015 1480 eant
1035 1408 1155 1503 perdi·
1205 1433 1342 1503 nusque
1357 1424 1437 1480 tuos
1451 1417 1736 1483 commendatum
1751 1411 1853 1491 habe.
1880 1416 1970 1487 Vale
1984 1419 2196 1489 felicissime.

161 1536 257 1605 tum,
283 1518 313 1588 si
332 1541 407 1587 uon
423 1517 590 1586 omnihus
611 1511 679 1585 hoc
693 1538 807 1585 unum
824 1509 923 1584 horis
938 1536 1057 1603 agam,
1082 1536 1152 1605 quo

1307 1510 1558 1583 Commendari
1576 1517 1643 1586 tibi
1659 1518 1747 1586 meis
1759 1517 1886 1588 litteris
1906 1522 1983 1591 vult
2008 1521 2197 1611 diligenter

70 1671 74 1681 ·
162 1622 383 1695 commodem
412 1619 544 1709 gloriae
564 1612 776 1687 Academiae
801 1614 979 1707 Principis
1002 1608 1154 1707 Optimi.
1204 1608 1397 1683 Iohannes
1419 1608 1675 1720 Grueendorff
1692 1610 1816 1715 ****),
1841 1622 2060 1716 salutemque
2080 1624 2197 1714 pluri.

54 1726 58 1737 ’
96 1724 101 1729 ’
131 1734 134 1741 ’
160 1718 238 1795 Iam
253 1746 348 1793 nrrnc
364 1723 495 1791 iterum
508 1721 614 1790 ludus
627 1720 773 1813 quidam
782 1717 941 1810 prodibit
953 1741 1029 1786 non
1042 1715 1153 1785 inuti-

159 1826 204 1897 lis
226 1825 300 1909 rei,
326 1838 431 1917 atque
454 1822 535 1891 ideo
558 1817 625 1891 hnc
644 1833 743 1913 parte
759 1822 804 1888 ad
819 1833 853 1891 te
871 1819 1011 1912 parcius
1026 1817 1154 1900 scribe,

147 1928 256 2022 ,quod
277 1925 384 1995 velim
398 1948 435 1994 re
451 1924 582 2014 magis,
605 1947 711 2016 quam
728 1922 846 1992 verbis
869 1920 1026 2014 probari.
1079 1917 1154 1989 Va-

158 2031 265 2115 leant,
284 2027 348 2122 qui
364 2028 407 2096 de
423 2027 528 2096 nobis
543 2048 640 2095 secus
658 2025 822 2109 sentiant,
844 2048 883 2094 ac
898 2023 1039 2094 debent.

261 2161 315 2234 Te
331 2185 478 2256 quaeso,
503 2185 561 2230 me
575 2183 622 2229 ne
636 2161 787 2230 deseras.
830 2156 1015 2246 Quantum
1030 2154 1075 2224 ad
1088 2157 1153 2244 pe·

158 2267 301 2338 cuniam
322 2265 465 2348 attinet,
490 2287 536 2331 ne
557 2261 700 2346 dubita,
726 2257 799 2352 Op.
819 2258 997 2351 Principis
1021 2257 1153 2325 libera-

123 2364 256 2438 ‘'Iitate
282 2365 366 2435 nolo
393 2364 503 2438 abuti.
560 2360 681 2433 Didici
703 2362 852 2452 gratiam
882 2361 1001 2430 metiri
1028 2357 1151 2449 gratia.

49 2526 54 2531 .
158 2465 306 2561 Optime
321 2468 417 2552 vale,
443 2469 549 2536 decus
565 2490 604 2535 ac
625 2464 840 2557 praesidium
860 2487 991 2535 meum.
1043 2459 1152 2534 Wit-

157 2572 356 2667 tembergae
376 2563 733 2662 αὐτοσχεδιαστικῶς
752 2559 823 2662 ”b

819 2722 1007 2819 Philippus
1033 2739 1125 2798 tuus.

97 2942 99 2947 «
259 2869 375 2975 Cupio
393 2904 471 2951 mea
493 2881 532 2948 in
547 2877 682 2951 Suevos
697 2877 809 2963 mitti,
838 2891 879 2949 ut
900 2878 1041 2969 scripsi3
1067 2900 1150 2947 nam

129 3055 134 3061 .
172 3020 176 3027 ·
214 3018 220 3031 ·
257 2988 368 3055 modo
389 2982 586 3055 alitcclieri
603 2979 739 3075 nequit.

207 3274 223 3317 b

137 3432 301 3555 Q
887 3433 945 3513 (111-
966 3432 1135 3520 sepum.)

876 3528 1150 3567 κοψεν-ν’

497 3606 547 3695 G.
576 3605 819 3719 Spelutt‘no.

227 3794 264 3847 Er
279 3789 462 3847 blelanthonis
482 3783 648 3857 autographo
668 3785 697 3838 in
710 3785 778 3840 cod.
796 3783 876 3840 aaut.
889 3786 921 3841 F.
937 3789 996 3843 101.
1017 3791 1094 3862 epist.
1105 3792 1149 3847 76.

262 3857 439 3932 Chirographi
463 3855 640 3974 praescriptio
663 3853 832 3935 desideratur
853 3854 963 3929 eiusque
986 3860 1090 3916 subscri
1110 3861 1150 3916 tio

227 3983 231 3991 ,
263 3929 349 3983 deleta
374 3936 422 3980 est.
475 3924 582 3977 Melon!
603 3941 640 3976 on
664 3922 803 3994 epistolam
826 3923 884 3978 sine
907 3925 961 3979 ulla
984 3926 1150 3985 dubitatione

262 3998 412 4064 Spoletina
428 3994 506 4048 arisit.
541 3991 632 4059 (Quae
646 4002 810 4062 sequnntur,
830 3992 956 4073 cuiquam
968 3995 1150 4053 Melantbonis

261 4068 296 4123 ad
314 4054 480 4137 Spblatinum
507 4062 635 4131 epistolae
655 4059 758 4115 inclusa
782 4060 863 4116 luisse
887 4063 1029 4128 videmur.
1059 4067 1097 4122 ita
1119 4077 1150 4123 ut

263 4132 489 4215 praescriptione,
504 4148 584 4201 quam
592 4127 625 4182 V.
632 4127 668 4184 D.
684 4129 937 4186 Bretarlsueiderus
951 4132 1096 4199 desiderat,
1115 4155 1149 4193 ne

263 4223 332 4276 opus
347 4203 456 4273 quadem
472 4199 514 4254 ait.
550 4198 598 4265 F.)

161 4374 353 4465 Habemus
379 4388 544 4461 hebraica
571 4388 704 4473 biblia,
743 4389 921 4482 quatefeci
947 4414 987 4460 ex
1012 4384 1150 4489 Lipsiae

162 4497 292 4567 afferri.
340 4480 442 4565 Libii
458 4495 531 4563 duo
547 4500 649 4576 sum,
675 4491 763 4562 alter
785 4510 867 4561 cum
889 4494 1151 4565 commentariis

163 4597 353 4670 aureorum
364 4593 473 4666 XIIII
487 4593 601 4686 pretio
617 4593 830 4679 aestimatus,
855 4594 944 4664 alter
960 4596 1035 4665 sine
1055 4621 1152 4667 com

161 4701 348 4772 mentatio.
413 4697 614 4767 Prodibunt
643 4690 710 4764 hoc
737 4719 833 4764 anno
864 4711 897 4766 et
921 4700 1037 4768 statim
1066 4695 1152 4770 haec

46 4816 50 4829 '
134 4829 259 4874 ‘mem

163 4990 462 5008 Μ

198 5089 231 5155 e)
258 5089 413 5147 lutherus,
449 5081 497 5154 qui
519 5080 734 5134 assumtionem
759 5078 910 5148 spatarios
935 5085 1022 5140 tribus
1050 5086 1155 5152 littoris,

233 5175 369 5346 Ξίοὲἐὴῗ
382 5223 420 5291 (d.
436 5222 463 5275 9·
476 5219 593 5292 Septbr.)
607 5218 633 5270 la.
646 5237 670 5273 a.
684 5216 782 5270 iterum
803 5229 882 5291 atque
903 5223 1000 5277 iterum
1018 5244 1155 5283 commen.

253 5312 265 5345 a
281 5331 288 5346 .
369 5328 376 5342 .
1096 5334 1099 5339 .

197 5391 249 5459 tt)
266 5390 435 5458 Spoletinus
447 5358 604 5458 adscripsit:
622 5400 711 5446 „auru
726 5362 825 5441 l518.¹'

319 5154 369 5206 rid.
384 5151 442 5206 Cal.
458 5149 608 5219 septemb,
625 5148 651 5201 2.
666 5148 833 5219 Septembr.,
847 5161 874 5205 et
889 5152 971 5209 altera
987 5166 1094 5211 octavae
1111 5174 1154 5212 na·
1192 5172 1194 5177 '

1203 1741 1298 1784 mam
1322 1718 1479 1791 nunciat.
1537 1717 1708 1809 Magister
1727 1716 1840 1794 Vltus
1857 1721 1918 1819 †),
1947 1724 2080 1814 collega
2104 1738 2197 1808 tuus,

1204 1815 1359 1903 Saevus,
1397 1842 1471 1888 sese
1493 1820 1561 1889 tibi
1585 1825 1829 1908 commendat,
1866 1827 2086 1919 salutemque
2108 1830 2199 1896 meis

1203 1920 1320 1990 verbis
1340 1922 1497 1994 nunciat.
1549 1920 1638 1992 Item
1659 1938 1695 1996 et
1707 1919 1899 1995 Iohannes
1916 1922 2109 1999 Micnerus
2124 1927 2196 2022 ††)

1204 2045 1242 2089 ac
1252 2014 1531 2101 Huldenrichus
1545 2021 1643 2120 †††)
1659 2027 1827 2099 volebant
1843 2029 1909 2100 tibi
1927 2031 2091 2101 mandari
2106 2031 2196 2099 meis

1203 2123 1346 2209 litteris,
1372 2140 1413 2195 ut
1431 2138 1545 2195 essent
1559 2151 1664 2219 quam
1681 2132 1964 2206 commendatiss.
1979 2132 2057 2205 tibi.

1305 2223 1384 2317 Ipse
1412 2249 1474 2318 ego
1506 2229 1604 2320 coepi
1632 2221 1833 2311 Proverbiis
1860 2228 2076 2303 Salomonis
2104 2216 2201 2303 mihi

1202 2327 1369 2398 meditate
1392 2330 1557 2415 reddere;
1597 2332 1636 2399 in
1659 2333 1708 2401 eis
1728 2335 1890 2404 assiduus
1912 2359 2034 2405 versor
2055 2331 2196 2429 lstl).

1202 2425 1341 2522 Itaque,
1380 2455 1461 2500 cum
1484 2425 1757 2504 Bosclaenstain
1772 2433 1925 2532 †††††)
1952 2437 2108 2523 venerit,
2142 2437 2195 2507 Ia-

1236 2652 1264 2726 *)
1281 2655 1315 2709 cs.
1331 2673 1398 2727 quae
1412 2655 1445 2709 de
1458 2656 1509 2712 bae
1526 2655 1704 2712 translatione
1724 2655 1823 2712 litteris
1839 2658 1962 2716 anteced.
1982 2670 2008 2716 et
2027 2679 2071 2734 ep.
2083 2661 2128 2720 at.
2144 2666 2193 2722 ad·

1269 2724 1376 2796 aerspsi.
1411 2726 1446 2782 F.

1235 2802 1285 2874 ⁴³¹¹)
1310 2805 1470 2862 blelanthon
1492 2805 1548 2863 iam
1570 2828 1609 2863 m.
1633 2807 1758 2864 Ianuario
1788 2811 1815 2866 h.
1840 2833 1865 2869 a.
1890 2813 2045 2871 uenantum
2072 2821 2195 2892 scripsit:

1271 2912 1288 2936 „
1296 2875 1444 2930 Plutarchi
1463 2874 1494 2935 ad
1516 2878 1580 2952 περὶ
1602 2873 1715 2933 ἀκούειν
1734 2899 1750 2934 a
1768 2900 1812 2934 me
1831 2901 1940 2940 versum
1959 2884 2005 2938 cui
2026 2885 2195 2946 abdicabo.

1271 2943 1310 2999 es.
1324 2962 1404 3017 supro
1416 2963 1475 3016 pag.
1488 2947 1532 2999 21.
1581 2946 1615 3002 F.
1895 2988 1900 2997 ·

1237 3027 1314 3098 m)
1334 3027 1458 3085 Annales
1472 3029 1661 3103 typograpbiei
1676 3031 1807 3087 nimirum
1829 3034 1928 3100 libros,
1944 3054 2014 3109 quoa
2029 3039 2196 3099 Melanthea

1269 3097 1314 3152 hic
1336 3110 1489 3164 enumerat,
1518 3111 1626 3171 excepta
1640 3100 1762 3155 Luubni
1780 3102 1917 3168 oratione,
1939 3105 1972 3160 ad
1993 3126 2078 3166 unum
2098 3131 2195 3171 omues

1270 3175 1451 3240 praetereunt.
1486 3168 1555 3222 Nam
1573 3167 1636 3222 satis
1653 3188 1788 3241 superque
1802 3180 1922 3234 constat,
1940 3193 1974 3228 ne
1987 3175 2112 3235 Pouaers'
2130 3183 2194 3257 qui·

1271 3235 1334 3289 dem
1352 3235 1463 3291 annales
1479 3238 1558 3309 plene
1578 3236 1769 3310 cumulateque
1789 3259 1845 3294 esse
1862 3241 2011 3310 perfectos,
2046 3247 2081 3303 ita
2102 3259 2133 3304 ut
2151 3252 2206 3311 vix·

1271 3303 1431 3366 dubitarim,
1457 3306 1524 3377 quin
1545 3325 1616 3361 unus
1636 3317 1662 3360 et
1680 3306 1745 3361 item
1764 3308 1831 3362 alter
1851 3307 1952 3364 borum
1971 3312 2106 3373 librorum
2123 3322 2195 3393 typis

1270 3373 1419 3443 exscriptus
1439 3375 1483 3429 sit.
1526 3375 1618 3443 Quare
1638 3376 1671 3428 ab
1692 3375 1739 3437 iis,
1762 3376 1808 3446 qui
1827 3376 1909 3432 talem
1925 3379 2027 3437 librum
2041 3384 2195 3458 deprehen·

1206 3480 1220 3500 ,
1271 3440 1377 3502 derint.
1400 3442 1480 3497 etiam
1495 3453 1576 3515 atque
1597 3443 1676 3497 etiam
1697 3455 1774 3516 peto,
1795 3455 1825 3499 ut
1845 3464 1908 3500 eum
1929 3467 2038 3505 mecum
2057 3454 2193 3514 benevole

1271 3511 1487 3567 communicent.
1539 3513 1574 3567 1⁴¹.

1235 3589 1334 3660 ****)
1352 3593 1460 3676 Ioanni
1480 3615 1500 3648 a
1515 3594 1718 3666 Gravendorff.
1744 3597 1821 3651 cuius
1845 3618 1946 3654 nomen
1969 3601 2052 3676 vulgo
2066 3606 2124 3663 Gre
2144 3570 2195 3664 eu-¹

1268 3662 1349 3728 dorff
1357 3665 1499 3725 scribatur,
1520 3682 1578 3718 non
1593 3664 1630 3719 ita
1645 3664 1732 3720 multo
1773 3676 1815 3721 ost
1830 3667 1957 3724 Vinariae
1978 3690 2080 3729 munus
2100 3608 2195 3734 cirne·

1264 3732 1334 3795 ‚rarii
1349 3730 1453 3786 ducalis
1467 3733 1625 3802 mandatum
1640 3744 1692 3789 est.
1732 3686 1771 3790 ld:

1235 3813 1269 3884 J5)
1286 3815 1424 3885 'Magister
1449 3816 1535 3870 Vltus
1562 3816 1718 3883 Warbecl,
1753 3817 1963 3878 Iurisconsultus
1992 3835 2018 3880 et
2037 3825 2196 3886 Canonium

1272 3882 1507 3967 Altenburgepsis,
1536 3884 1569 3938 de
1593 3904 1647 4008 quo
1667 3886 1703 3942 el.
1726 3887 1774 3941 aa.
1793 3891 1946 3957 Soblegelr‘i
1962 3890 2105 3949 historiam
2124 3896 2196 3954 ritae

1271 3950 1307 4005 G.
1320 3953 1448 4021 Spalatum
1463 3954 1553 4020 (lenae
1567 3955 1599 4008 16
1617 3953 1643 4008 ³.
1656 3955 1729 4025 410),
1751 3956 1795 4011 cui
1809 3956 1910 4012 multae
1918 3960 2050 4031 Spoletini
2060 3963 2094 4018 ad
2101 3963 2196 4021 War-

1267 4019 1397 4076 beclrium
1410 4021 1540 4094 epistolae
1551 4042 1671 4078 annesae
1683 4035 1755 4081 sunt.
1808 4026 1844 4080 F.
2050 4038 2053 4043 '

1235 4104 1436 4188 ††)·Doct·oris
1461 4105 1488 4161 I.
1506 4105 1630 4188 lllsners‘
1644 4108 1674 4162 in
1693 4109 1825 4183 Spalatini
1848 4111 1882 4167 ad
1896 4110 2106 4173 Warbeckium
2133 4138 2196 4194 epp.

1270 4175 1412 4245 aliquotres
1427 4185 1534 4229 mentm
1549 4174 1589 4229 lit.
1624 4176 1659 4231 F.

1236 4256 1389 4331 †††),cut
1420 4258 1534 4329 quidem
1562 4258 1759 4314 Huldenrt'clto
1781 4260 1915 4329 (Ulrieo)
1938 4283 2040 4322 nomen
2068 4266 2196 4327 Endera

1270 4329 1473 4412 qudls’rageaes'
1488 4325 1551 4383 suit.
1566 4376 1569 4381 .
1584 4327 1667 4383 Pater
1686 4331 1756 4395 eius,
1776 4331 1890 4386 narseus
1902 4334 2025 4405 Ps'rrder,
2043 4335 2197 4415 Nprdtinga

1271 4397 1417 4480 oriundus,
1443 4395 1601 4477 Isrtebergae
1631 4416 1688 4452 non
1715 4399 1801 4481 multo
1832 4412 1893 4483 post
1923 4402 2062 4460 fundatam
2087 4409 2198 4467 Acade·

1268 4484 1352 4590 att
1373 4465 2123 4596 pgffloffi‘pqqamgduppruffinam.
2138 4486 2197 4533 ‘¹⁸'

1272 4602 1404 4674 migravit,
1421 4602 1512 4674 ibique
1523 4607 1646 4656 mortuns
1659 4553 1707 4659 gt.
1741 4604 1835 4669 Filius,
1847 4555 2197 4684 iuriiuutriusqittnlldtctuoii

1271 4682 1330 4725 tum
1349 4672 1479 4743 temporis
1492 4672 1657 4738 toreuma
1675 4675 1844 4730 versabatur.
1884 4676 1919 4732 el.
1932 4677 2054 4734 Lutlserr'
2069 4699 2132 4755 epp.
2153 4684 2196 4739 ed.

1273 4746 1308 4794 de
1325 4741 1423 4795 Wette
1442 4741 1462 4803 l,
1478 4740 1521 4794 58.
1533 4741 1577 4795 62.
1591 4752 1618 4794 et
1630 4741 1692 4795 230.
1745 4743 1780 4796 F.

1238 4829 1329 4895 Ηῆ)
1348 4827 1538 4880 Melanthonr's
1563 4827 1663 4880 scholia
1694 4827 1722 4880 in
1754 4830 1897 4900 proverbia
1920 4831 2075 4890 Salomonis
2102 4848 2197 4893 autore

1274 4896 1361 4951 inscio
1374 4894 1523 4979 primumll
1575 4912 1643 4975 noae
1654 4915 1680 4952 a.
1689 4897 1757 4951 toea
1769 4899 1878 4953 ostonis
1890 4900 1988 4984 {oemio
2004 4922 2101 4988 excusa
2126 4920 2197 4991 suut.

1274 4961 2198 5099 ilidii?iffi.dibililii‘diissliiiiiiiiibfbil

1274 5102 1403 5163 leuthone
1419 5101 1541 5174 primum
1561 5119 1585 5155 a.
1602 5102 1673 5157 1524
1691 5104 1798 5174 prelum
1818 5106 1968 5162 subierunt·
2010 5110 2203 5167 etaemus

1274 5168 1487 5311 §afflriqlqtqron
1496 5168 1717 5294 gelsuchtbon’s
1731 5173 1911 5231 Verdiensten
1923 5194 1970 5231 um
1984 5177 2012 5234 d.
2023 5177 2090 5235 teit.
2096 5179 2198 5237 sebna

1240 5325 1351 5393 {stt-t)
1361 5323 1502 5377 Lntlserua
1510 5321 1856 5392 AugustaeVindelicorom
1867 5285 1946 5383 initio
1955 5328 2121 5388 moneor.
2134 5334 2199 5387 ¹518

1276 5394 1414 5451 Ioannem
1432 5392 1634 5449 auctentum
1653 5391 1862 5464 Esaliogenum
1886 5397 1920 5451 ad
1945 5398 2066 5471 liugnam
2085 5401 2198 5464 ¹bebrai.
