4500 5782
54 226 126 309 su·
647 230 1082 309 urrsroranou
1132 233 1237 311 cru.
1272 234 1318 310 u.
1375 204 1502 311 152'1.
2020 230 2098 307 oso

58 402 230 500 Aposuti.
271 404 354 479 ·Sed
375 406 400 475 ii
415 405 501 501 quid
518 406 761 499 respondent?-
791 398 927 497 Nempe
943 426 1050 503 opor·
1102 408 1163 477 siis
1179 406 1293 501 Papa,
1318 422 1352 479 ct
1368 432 1432 477 nos
1447 406 1612 476 frivolam
1628 404 1825 489 censemus,
1850 404 1920 473 nisi
1936 426 1977 473 eo
1999 400 2093 471 refe-

58 518 124 579 tere
138 500 206 579 deo
219 506 351 601 araugis
360 502 527 591 obedire,
549 530 663 605 prtum
677 500 901 579 horninibus,
928 506 1051 600 ltaque
1100 513 1186 579 ratis
1205 534 1296 595 cam,
1322 524 1362 580 ut
1381 509 1515 593 sciatis,
1541 509 1646 576 licere
1663 508 1764 575 vobis
1786 508 1828 574 de
1846 507 1952 575 rebus
1965 500 2092 575 Eccle-

59 612 205 705 qtria'tle
221 610 386 679 doctriua
400 602 602 681 Christiana
626 612 758 701 agitur,
784 610 931 677 interest
944 605 1051 679 (ltnf-
1101 612 1172 681 siae
1183 614 1344 683 ¹statuere
1356 613 1413 681 vel
1429 605 1551 681 contra
1567 604 1779 679 Anticlrristi
1800 608 1900 676 istius
1925 608 2091 676 volunta-⁴

59 702 466 797 decimumnonum,
492 726 566 781 uon
584 716 693 781 ruodo
715 704 891 801 lautiori,
918 708 1050 780 'adver-³
1102 728 1193 797 tem,
1222 726 1302 783 curri
1323 722 1535 807 persuasum·
1551 713 1596 781 sit
1628 710 1733 803 atque
1758 710 1804 779 ita
1832 708 2004 777 sancitum
2024 707 2090 775 illo

60 814 306 906 uri‘iist't'qni'
317 813 435 909 'illam‘
449 800 623 885 evertunt:
648 814 665 851 i'
677 810 719 881 ln
731 810 929 902 'Evangelio
943 806 1052 881 Chri-
1104 818 1226 907 putido
1243 818 1332 900 iure,
1353 808 1455 882 nihil
1462 836 1567 909 posse
1578 811 1711 881 novari
1722 809 1760 878 iu
1778 804 2104 893 rchrrslicclesiaa·

60 918 226 987 eurtum
239 918 388 983 mettium
404 915 575 1013 abscindi,
602 916 745 984 oculum
761 914 838 983 erui
854 915 963 997 iubet,
973 932 978 947 ¹
988 912 1050 1005 qui
1102 915 1181 989 nisi
1192 907 1764 1004 intercedotIlomoaiPontificis
1779 909 1993 981 auctoritas.
2018 908 2091 979 Sed

61 1018 236 1101 olleudtr't,
262 1026 413 1115 quaeso,
443 1017 530 1108 quid
554 1016 652 1084 aliud
677 1012 864 1108 praecipit,
888 1038 994 1108 quam
1011 1028 1052 1084 ut
1102 1015 1409 1103 voluitClrristus,
1434 1017 1712 1100 votuitl‘autur,
1735 1015 1907 1083 iudicium
1929 1012 2092 1097 emerium

61 1108 510 1213 ue'a'clmittamus‘impiam
528 1114 748 1189 cldctriuam.¹
770 1114 863 1186 ¹dut
884 1117 971 1210 qnicl
995 1114 1051 1185 iu'-'
1102 1144 1222 1191 terrim
1240 1147 1314 1191 non
1328 1114 1638 1212 pencsEpiscopos
1657 1140 1746 1200 esse,
1771 1118 1832 1185 sed
1848 1138 1954 1208 penes
1967 1108 2092 1183 Eccle-

61 1214 669 1311 bet=²'caueri'pseudoprophetas
693 1222 864 1311 ‘adeoque'
898 1218 1051 1309 pseudo-

62 1326 264 1417 episcopos,
289 1320 459 1391 st=notutc
481 1334 541 1389 e'os
564 1315 789 1413 reprebendi.
841 1315 946 1389 ‘Absit
965 1314 1051 1388 liaer

61 1422 291 1497 tantulane
304 1422 472 1492 'libertate
487 1422 652 1507 servitus,
672 1438 800 1492 utnon
816 1408 1052 1490 liccatEvad:

61 1529 192 1619 pelium·
211 1524 399 1616 profiteri,¹
425 1524 482 1592 eui
505 1534 558 1593 tot
579 1525 808 1593 sacramentis
834 1546 955 1591 scimus
980 1524 1052 1589 ini-

62 1630 168 1703 tatis·
191 1623 325 1719 ltaque
342 1644 425 1693 ¹eum
442 1626 585 1695 divinae
603 1620 1000 1719 voces,'pr‹·›pl1etanun
1018 1636 1052 1693 et

61 1726 316 1825 Apostolorum
326 1728 490 1817 ¹eucarpla
505 1722 741 1817 Evangelium
759 1728 885 1795 docere
904 1726 1053 1795 iubeant

59 1828 296 1935 quantmnvis·
309 1826 519 1899 reclamante
541 1831 694 1913 meando,
730 1828 818 1922 qnid
840 1822 929 1895 milri
951 1826 1053 1916 frigi-

60 1939 119 2005 dos
133 1932 491 2021 tlt-impioseanones
509 1929 620 1999 citas?
669 1926 753 2000 Non
774 1928 954 1998 maledicit
975 1952 1053 1996 msi-

59 2025 442 2129 glstetmrihutderus,
468 2032 527 2099 sed
543 2028 778 2125 Enmgelium
794 2026 954 2116 exhibet,
980 2054 1051 2123 qno

59 2138 156 2233 quod
173 2135 231 2203 illi
245 2134 478 2203 offenduntur
492 2132 696 2201 surudi'esse
712 2124 881 2201 Lothcro
896 2150 973 2198 uon
990 2133 1054 2199 dc-

59 2242 126 2314 bet.
175 2232 246 2306 Est
263 2228 572 2327 positusChristus
588 2234 625 2301 iu
643 2235 782 2322 signum
800 2233 1054 2304 contradictio-

60 2342 280 2427 nis,·saxum
304 2349 375 2419 est,
392 2336 440 2403 'in
461 2336 557 2428 quod
581 2336 780 2427 impingent·
796 2334 898 2426 impii
919 2357 1053 2402 timeres.

59 2442 156 2533 Quid
172 2452 311 2523 autem,
331 2438 427 2531 quod
445 2450 482 2505 et·
496 2460 571 2505 non
595 2437 633 2503 in
651 2426 732 2505 loco
754 2438 839 2505 citas
859 2432 924 2506 hos
945 2458 1054 2504 eano-

58 2544 177 2615 ΜΡ
193 2539 293 2633 Quid
311 2540 410 2635 prod
422 2535 610 2607 Nicolaum
627 2536 945 2623 citasl‘onti'liccm,
970 2556 1052 2607 euru

59 2638 334 2734 abitrort··qui
362 2637 607 2712 Ravennatem
629 2636 847 2731 Episcopum
867 2637 1053 2711 Romanae

60 2748 132 2819 setll
158 2742 333 2826 subiecit,
368 2742 515 2835 quicum
549 2742 603 2809 dc·
619 2737 799 2810 Ecclesiae
824 2741 953 2833 opibus
985 2741 1053 2810 alt:

59 2846 231 2945 quamdiu
253 2845 357 2913 etde
378 2843 469 2913 sedis
486 2844 693 2912 auctoritate
709 2844 881 2913 ce'rtsuat?
931 2842 1053 2914 Liceat

62 2954 178 3045 itaque
193 2962 270 3017 non
282 2937 453 3013 Lottlero
469 2945 593 3027 modo,
619 2946 681 3013 sed
697 2947 864 3015 omnibus
876 2941 1052 3016 Christia-

60 3054 113 3123 nis
134 3048 320 3120 mentibus
340 3047 385 3117 de
398 3042 595 3134 Evangelio
618 3047 799 3138 disputare
822 3070 862 3116 ac
883 3046 1052 3116 iudicare.

60 3148 304 3227 Christianum
334 3148 490 3218 officium
518 3146 619 3230 facit,
664 3148 825 3240 quisquis
857 3149 1053 3235 refragatur

60 3256 190 3348 impiae
200 3248 403 3331 tlu'etriuae,
428 3260 538 3342 quare
550 3262 626 3317 non
645 3262 710 3332 cst,
733 3248 828 3342 quod
840 3240 1051 3316 Lecturam

61 3346 495 3434 eimirrcrtoremefitaus‚
513 3351 617 3442 'quod
627 3345 1052 3420 ¹b.mcCamarinam·mo-'

60 3458 162 3540 verit,
188 3454 342 3525 maxime
357 3475 438 3521 curn
453 3476 494 3519 eo
509 3454 652 3521 adactus
667 3452 712 3520 sit
726 3453 878 3521 aliorum
897 3467 972 3522 tum
992 3451 1052 3520 in-

60 3560 228 3645 suthosa
256 3562 335 3625 tur'u
358 3552 477 3643 impiis
497 3552 648 3642 seriptisi
692 3548 751 3621 Ad
773 3554 1050 3646 disputationem

61 3648 366 3746 deludulgentiis
390 3652 531 3723 vocavit
547 3646 742 3737 Deceliae,
772 3656 818 3723 de
844 3656 1051 3727 :ructoritate

60 3748 348 3833 seditdlemcmae
363 3750 517 3840 Ecoius,
542 3756 585 3824 de
600 3754 679 3823 aliis
703 3754 764 3823 alii
781 3757 886 3842 locis,
911 3756 955 3826 iis
981 3757 1051 3825 im-

60 3852 158 3957 mi
169 3858 203 3931 ‘si
217 3857 494 3953 qdidscriptum
511 3871 564 3927 est
576 3848 787 3943 alietatem,
813 3860 908 3952 quod
923 3858 1054 3951 displi-'

60 3978 122 4039 ecta·
132 3948 362 4053 -Qttadquam
378 3958 409 4025 si
423 3978 487 4027 suo
504 3958 933 4050 ipseeonsilioeocpisset
948 3984 1049 4030 carus-

60 4060 364 4137 samOluistianae
374 4054 626 4150 Reipublicae,
650 4054 863 4150 reprebendi
879 4084 953 4130 raon
966 4082 1050 4154 pos-

60 4184 121 4253 cet,
164 4180 208 4235 ut
237 4160 392 4257 quidet
417 4152 562 4251 operam
591 4182 708 4231 sacrae
727 4162 918 4232 doctrinae
946 4164 1049 4234 resti-

59 4268 221 4341 tuendae.
271 4264 274 4269 “
348 4278 352 4283 ·

153 4464 339 4540 Hactenus
359 4464 403 4535 de
418 4462 589 4535 Pontifice
608 4467 691 4535 satis
710 4466 822 4538 multa
839 4468 931 4554 dixi,
957 4446 1047 4562 qnae

1103 1224 1209 1306 siam,-
1240 1240 1348 1313 perus
1373 1223 1544 1314 populum
1563 1218 1818 1290 Christianum.
1870 1218 1973 1288 Nunc
1996 1212 2094 1283 enim

1103 1325 1317 1415 raou'patiar,
1333 1322 1512 1395 Ecclesiae
1524 1323 1736 1393 vocalmlum
1754 1320 1903 1391 istorum
1917 1342 2017 1389 more
2033 1336 2094 1385 ex-

1103 1427 1189 1518 poni
1214 1451 1278 1517 pro
1299 1424 1482 1499 Pontifice.
1540 1424 1602 1495 Sic
1625 1423 1720 1491 enim
1740 1422 1828 1492 licet>
1846 1422 1923 1491 istis
1941 1420 2095 1510 scriptu-

1103 1553 1180 1597 ram
1194 1530 1240 1597 ad
1254 1552 1354 1597 suam
1370 1528 1594 1621 tyrannidem
1614 1551 1678 1617 pro
1703 1525 1850 1593 arbitrio
1871 1525 2093 1612 detorquere.

1102 1628 1238 1712 l'iden,
1272 1625 1387 1715 hirec,
1422 1650 1529 1721 <liccam
1556 1628 1685 1697 frustra
1715 1626 1896 1718 quiriteris
1926 1626 2094 1693 adversus

1102 1723 1329 1814 Lutdcrum,
1368 1732 1466 1823 quod
1491 1728 1647 1799 Romam
1674 1726 1896 1821 Babylonem
1936 1720 2095 1793 vocarit?

1104 1832 1248 1921 Quanto
1274 1833 1370 1901 enirn
1393 1831 1455 1899 illa
1478 1832 1661 1924 ‹prroudam
1682 1828 1846 1922 Babylon
1874 1825 2095 1899 tolerabilior

1103 1934 1171 2005 suit
1189 1933 1326 2003 ludaeis
1341 1934 1522 2016 exulibus,
1550 1956 1656 2024 qnam
1675 1932 1781 2001 uoltis
1793 1930 1911 2003 Roma
1932 1943 2004 1997 tam
2023 1926 2095 1995 mi·

1104 2060 1197 2119 sere,
1219 2050 1290 2105 tam
1308 2036 1410 2105 loule
1424 2034 1683 2105 servientibus?
1716 2031 1985 2114 Immodestnm,
2006 2026 2095 2097 stul-

1105 2151 1197 2222 tum,
1222 2137 1396 2206 furiosum
1409 2137 1584 2227 adpellas,
1608 2158 1698 2229 quae
1717 2135 1892 2217 convicia,
1916 2132 1999 2224 quia
2013 2150 2098 2199 cum·

1104 2238 1233 2309 sanctis
1254 2238 1456 2307 communia
1478 2233 1602 2321 babet,
1626 2238 1731 2306 facile
1755 2240 1853 2309 ieret.
1903 2231 1952 2304 Et
1973 2234 2096 2302 beatos

1105 2340 1349 2431 pronuntiavit
1363 2335 1536 2423 Christus,
1558 2363 1648 2432 qnos
1660 2341 1817 2409 mundus
1832 2349 1976 2431 propter
1992 2331 2095 2403 iusti-

1104 2443 1189 2513 tiam
1206 2454 1453 2533 persecuturus
1470 2440 1526 2515 sit.

1138 2655 1205 2730 ou
1230 2598 1576 2730 conmanunt
1600 2655 1670 2730 ur
1695 2652 2066 2732 montenonis.

1155 2890 1158 2895 ,
1204 2809 1400 2905 Reliquum
1431 2825 1499 2897 est,
1536 2812 1633 2907 quod
1664 2813 1709 2882 de
1736 2811 2095 2904 poenitentiadeque

1104 2914 1447 2995 condonationibus,
1473 2938 1561 3006 quas
1576 2930 1705 2985 vocant
1718 2911 1960 3003 Indulgentias
1977 2912 2098 3000 vulgo,

1103 3015 1310 3089 disseruisti.
1367 3012 1444 3084 llac
1467 3018 1511 3085 de
1533 3040 1572 3085 rc
1593 3016 1760 3107 pauciora
1782 3016 1916 3099 dicam,
1942 3014 2037 3107 quod
2056 3010 2096 3079 iu

1103 3117 1208 3201 libro,
1223 3140 1328 3211 quem
1344 3114 1614 3210 dellabyloniea
1631 3115 1832 3208 captivitate
1849 3114 2000 3206 scripsit,
2012 3136 2095 3182 sen-

1103 3217 1249 3313 tentiam
1268 3242 1368 3286 suam
1384 3218 1427 3285 de
1445 3219 1671 3287 sacramentis
1685 3208 2095 3309 exposueritLutdcros.

1103 3314 1221 3415 Atque
1234 3318 1338 3399 illum
1353 3319 1455 3413 vobis
1468 3314 1628 3407 exhibeo,
1641 3318 1836 3412 Principes,
1854 3318 2096 3411 relegendum,

1102 3434 1312 3515 anteaquam
1343 3416 1387 3505 de
1416 3410 1585 3511 Lotderp
1616 3420 1864 3512 pronuntietis.
1929 3416 2094 3492 Exhibeas·

1103 3536 1220 3592 autem
1235 3517 1301 3592 liae
1318 3520 1410 3613 lege,
1433 3536 1474 3592 ut
1489 3547 1534 3591 ne
1549 3524 1755 3615 patiamini,
1778 3549 1859 3593 eum
1872 3525 2020 3594 istorum
2035 3522 2095 3591 su-

1102 3624 1206 3713 riosis
1225 3624 1440 3695 clamoribus
1463 3624 1643 3710 damnari,
1672 3627 1877 3720 priusquam
1901 3624 2095 3715 scripturae

1102 3726 1312 3796 testimoniis
1337 3726 1535 3799 refutarint.
1601 3724 1694 3796 Nam
1717 3728 1870 3797 offensos
1893 3727 1998 3797 audio
2022 3724 2095 3793 ini-

1102 3828 1211 3896 ruieos
1234 3827 1395 3923 omilium
1417 3829 1568 3897 maxime
1591 3822 1659 3898 hoc
1680 3830 1829 3923 scripto,
1855 3830 1951 3923 quod
1973 3823 2095 3897 bacte-

1101 3953 1169 3997 nus
1185 3952 1291 3999 nemu
1306 3929 1524 4023 optimorum
1541 3953 1582 3998 ac
1598 3930 1883 4001 doctissimorum
1901 3955 1975 3999 non
1992 3952 2092 4019 egre-
2121 3968 2127 3976 ·

1100 4028 1156 4121 gie
1178 4028 1315 4123 probat.
1374 4028 1445 4121 Sed
1472 4030 1631 4101 dicemus
1651 4045 1686 4103 et
1707 4056 1774 4102 nos
1793 4034 1837 4101 de
1858 4030 2092 4117 Paenitentia,

1100 4156 1206 4226 quam
1220 4144 1365 4223 vocant,
1390 4127 1571 4207 rrounibil.

1202 4260 1284 4334 Duo
1305 4277 1388 4333 sum
1405 4264 1554 4334 omrrino
1574 4265 1610 4335 in
1622 4262 1777 4335 Ecclesia
1797 4264 1938 4335 divinae
1959 4269 2096 4357 gratiae·

1100 4366 1215 4455 signa,
1240 4390 1330 4459 quae
1353 4367 1481 4453 vulgus
1505 4382 1721 4437 sacramenta
1745 4382 1864 4453 vocat,
1888 4366 2093 4461 Baptismus

1099 4481 1133 4537 et
1145 4463 1383 4551 Euclraristia,
1403 4492 1488 4535 naun
1502 4468 1808 4560 poenitentiarum
1823 4487 1875 4542 est
1890 4472 2001 4557 aliud,
2020 4472 2092 4543 nisi

56 4596 150 4644 exre
167 4562 495 4671 p‘opuliClrristiani
511 4567 619 4637 fuerit
637 4582 705 4637 vos'
716 4570 924 4661 expendere,
938 4567 1047 4639 Prin·
1099 4571 1271 4662 <praedam
1298 4569 1464 4659 baptismi
1496 4572 1713 4657 recordatio,
1756 4586 1949 4669 utrumque
1976 4589 2018 4644 ut
2043 4576 2092 4644 sit

54 4660 382 4767 eipcs.·'·‘l’roinde
409 4693 490 4738 curn
518 4683 661 4738 vestrae·
680 4672 761 4739 fidei
786 4673 970 4742 commissa
1001 4672 1046 4740 sit
1096 4670 1320 4761 profanatum
1340 4671 1641 4742 abominabilibus
1655 4670 1771 4765 Papae
1795 4675 1967 4759 inventis,
1988 4702 2028 4746 ex
2047 4701 2090 4747 co

52 4772 218 4867 Europa,
243 4772 272 4841 si
295 4782 409 4840 vestra
429 4768 550 4851 vobis,
582 4769 612 4838 si
628 4768 821 4841 Christiani
843 4772 967 4866 populi
990 4798 1046 4843 sa-
1098 4772 1190 4840 libro
1209 4773 1442 4863 coguoscetis,
1467 4798 1572 4867 quaem
1591 4768 1747 4848 cxlribui.
1800 4774 1910 4847 Missa
1928 4776 2089 4869 quaestui

53 4880 108 4949 lus
120 4886 319 4951 curaeest,
344 4870 627 4961 expergiscimini
650 4875 860 4967 aliqnando,
887 4889 921 4945 et
942 4874 1044 4943 illum
1096 4868 1264 4958 liabetur,
1311 4889 1570 4944 sacrosanctum
1599 4877 1736 4944 domini
1766 4900 1894 4968 corpus
1925 4877 2088 4947 foedissi-

51 4982 94 5050 ab
115 4976 208 5050 ovili
227 4971 360 5046 Christi
384 4967 644 5043 antichristum
663 4976 846 5068 depellite,
869 4972 1045 5047 (ibristia-
1097 4998 1172 5042 mos
1186 4988 1327 5043 ventres
1346 4976 1421 5045 alit.
1469 4972 1706 5062 Poenitcntia,
1731 5003 1799 5071 qua
1823 5003 1897 5047 rien
1918 4993 2016 5071 pane
2035 4990 2088 5049 est

51 5106 113 5153 nas
135 5082 277 5161 literas,
314 5070 515 5145 Christiana
539 5075 699 5147 instituta
722 5092 883 5148 revocate
908 5080 946 5147 in
966 5100 1044 5147 rne-
1095 5076 1247 5144 obnoxia
1262 5074 1446 5147 Romanae
1463 5078 1668 5171 tyrannidi?
1713 5076 1876 5149 Primum
1893 5081 1988 5148 eninr
2005 5100 2085 5151 cum

50 5186 166 5266 atium,
205 5178 305 5249 illius
333 5177 471 5267 legibus
496 5189 531 5247 et
560 5179 812 5250 traditionibus
843 5180 1042 5253 obliterata.
1094 5201 1168 5247 raon
1192 5180 1290 5246 aliud
1315 5179 1359 5248 sit
1375 5180 1609 5271 poenitentia,
1637 5180 1707 5249 nisi
1728 5180 1819 5249 vitae
1846 5178 2029 5252 innovatio
2051 5198 2087 5255 et

50 5283 232 5357 Frivolam
245 5275 528 5371 disputationem
537 5294 666 5351 vocant
679 5282 825 5373 qnidam
843 5277 946 5361 lianc,
971 5307 1039 5374 qua
1093 5280 1221 5348 veteris
1238 5272 1339 5349 Adae
1361 5306 1475 5367 mors,
1507 5281 1564 5351 isti
1586 5282 1689 5369 acerbis
1711 5280 1948 5353 consessiones
1969 5298 2004 5357 et
2025 5302 2083 5355 sar·

51 5387 250 5481 quaeritur,
281 5378 454 5451 divinone
478 5378 557 5449 inre
575 5382 707 5474 praesit
731 5386 897 5455 omnibus
916 5380 1040 5455 Eccle·
1094 5382 1308 5451 tislaetiones
1322 5394 1548 5474 repererunt,
1574 5407 1665 5475 quae
1683 5383 1772 5462 duo,
1797 5380 1929 5452 urirum
1952 5402 2019 5474 est,
2043 5398 2085 5458 ut
