4500 5782
116 246 234 321 423
744 239 1173 317 E-PtsTOLaRUM
1221 240 1325 316 LlB.
1363 239 1410 315 ll.
1467 236 1598 312 1521.
2116 238 2197 310 324

162 415 290 494 horum
307 411 643 504 Theologastrorum
663 416 814 498 iudicio,
839 428 987 504 arguent
1005 427 1058 483 tot
1075 413 1153 505 pla-
1204 416 1299 484 sanis
1314 413 1537 509 sermonibus
1552 409 1690 481 domini
1701 409 1818 478 nostri
1832 406 2063 484 lesuChristi.
2100 406 2206 482 Rur-

163 543 244 610 gae‚
275 531 327 587 tot
348 517 580 606 ignominiae,
612 516 765 609 denique
787 540 883 585 mors
910 517 970 584 illa
999 516 1152 599 infamis,
1204 541 1283 586 sum
1313 517 1456 607 plusne,
1493 514 1628 606 inquis,
1663 511 1869 602 praecipiti,
1895 534 2001 605 (pram
2026 513 2206 583 solidissi-

164 645 233 714 qua
254 614 436 689 Christum
469 617 625 708 proxime
654 619 722 709 piis
750 619 956 709 expressisse
985 613 1153 688 hactenus
1205 618 1295 686 mis?
1347 615 1394 685 At
1418 613 1570 685 hicnon
1594 614 1715 697 video,
1752 636 1816 682 eur
1836 614 2063 705 praecipitem
2086 616 2206 705 magis

166 724 262 790 visus
280 743 326 788 es.
361 719 442 788 Nou
457 719 566 802 fuisti,
586 719 744 809 iuquam,
763 717 883 803 Paule,
902 718 1072 808 Magister
1086 743 1155 788 no·
1205 711 1412 788 Lutlrerum
1446 741 1565 803 voces,
1607 738 1714 809 quam
1744 711 1970 785 scholasticos
1998 731 2096 800 tuos,
2138 716 2205 810 qui

56 891 60 901 ,
167 838 246 907 ster,
268 836 313 906 et,
335 822 432 913 quod
447 821 721 890 abominabilius
736 834 803 904 est,
824 821 967 890 sordida
983 845 1154 889 manuum
1205 823 1360 913 primum
1380 819 1564 890 literarum
1584 818 1808 901 divinarum,
1834 817 1962 886 deinde
1981 831 2015 886 et
2032 817 2206 910 spiritua-

166 947 273 1015 opera
288 923 419 992 victum
440 922 504 989 tibi
520 923 697 1013 quaesisti.
745 920 786 990 lu
801 923 959 992 talicum
973 919 1156 993 Christum
1207 926 1295 992 lium
1323 924 1524 993 adfectuum
1545 922 1650 988 rudes
1677 919 1720 987 de
1741 919 1874 986 divinis
1895 921 2001 988 rebus
2020 944 2205 989 commen-

168 1020 344 1112 Theologi
366 1024 423 1092 isti
447 1048 521 1091 nou
544 1038 752 1112 agnoscant,
784 1024 846 1115 qui
864 1026 1030 1108 sciemus,
1059 1026 1168 1092 unde‘
1208 1026 1275 1094 tari
1296 1026 1371 1093 ausi
1396 1036 1488 1093 sunt.
1552 1018 1600 1090 Et
1625 1015 1663 1087 hi
1692 1018 1759 1088 tibi
1788 1020 1993 1088 solidissimi
2022 1022 2205 1108 videntur,

168 1129 363 1218 profectum
387 1125 431 1194 sit
446 1122 681 1212 Evangelium
705 1126 827 1194 tuum?
879 1124 919 1195 Si
936 1122 1156 1195 Christianos
1207 1151 1287 1196 eum
1307 1148 1472 1217 prorsum
1493 1124 1538 1192 ab
1555 1144 1763 1191 aranearum
1780 1122 1877 1205 telis,
1897 1117 1965 1191 hoc
1982 1135 2049 1206 est,
2072 1117 2204 1194 huma-

169 1221 586 1314 faciunt,‘l'heologastri,
606 1250 773 1317 purpura,
797 1226 911 1311 mitra,
937 1228 1031 1296 tituli
1049 1227 1156 1295 vestri
1208 1229 1264 1295 nis
1294 1222 1440 1316 argutiis
1468 1226 1658 1315 pendeant.
1727 1221 1867 1311 Quodsi
1898 1224 2049 1292 olfacere
2072 1247 2205 1316 posses,

170 1345 205 1398 et
222 1329 281 1396 illa
300 1328 421 1394 insana
438 1328 631 1417 stipendia,
658 1329 788 1420 quibus
810 1328 1037 1415 sagiuamini,
1064 1325 1156 1395 nihil
1209 1325 1324 1412 hirco,
1350 1352 1455 1420 quam
1480 1319 1634 1412 frigide,'
1650 1348 1757 1416 quam
1781 1325 1940 1409 aniliter,
1966 1348 2073 1418 cpiam
2095 1327 2204 1396 stulte

146 1418 149 1423 ¹
168 1426 406 1501 Christianius
427 1429 642 1519 reperiemus
654 1429 826 1522 Sybaritis
849 1430 920 1497 illis
945 1454 984 1498 ac
1006 1429 1156 1498 Milesiis
1209 1433 1252 1500 de
1274 1430 1435 1498 maximis
1455 1429 1561 1496 rebus
1582 1428 1755 1515 garriant,
1782 1421 1877 1494 haud
1901 1428 2009 1495 dubie
2027 1423 2203 1523 neophyti

170 1527 393 1612 hominibus,
419 1544 459 1599 ut
475 1529 617 1611 ferunt,
642 1531 861 1623 prodigiosae
888 1532 1058 1603 luxuriae.
1110 1528 1158 1600 Et

171 1633 253 1725 quia
281 1632 326 1699 ab
350 1619 477 1721 opibus
509 1656 548 1699 ae
577 1632 712 1699 deliciis
741 1633 863 1700 vestris
892 1633 1069 1701 aestimari
1092 1635 1158 1700 do-

170 1734 319 1804 ctrinam
335 1733 451 1816 vultis,
466 1756 604 1824 quaeso,
619 1731 769 1802 Paulum
788 1734 918 1813 audite,
938 1729 1044 1802 huius
1063 1734 1159 1802 iudi-

170 1835 217 1907 cii
232 1834 335 1905 vestri
349 1826 531 1926 βάσανον,
552 1858 631 1901 cum
653 1835 786 1903 scribit:
813 1829 937 1903 Multi
948 1831 1158 1919 arrrbulaut,

171 1960 263 2032 quos
283 1957 389 2030 saepe
412 1928 573 2002 dicebam
599 1931 717 2018 uobis,
749 1959 844 2004 nuuc
869 1944 1043 2005 autemut
1059 1935 1158 2034 flens

173 2031 253 2106 dico
271 2034 438 2104 inimicos
457 2033 571 2104 crucis
583 2026 738 2119 Christi,
759 2032 1016 2132 quorumfirrr's
1033 2036 1160 2107 interi-

159 2147 249 2220 tus,
274 2129 527 2233 QUORUM
541 2132 696 2208 DEUS
721 2134 764 2208 V
760 2134 963 2208 ENTER
987 2135 1094 2209 EST
1093 2194 1103 2224 ,
1126 2146 1157 2208 et

169 2235 296 2335 gloria
308 2236 571 2335 inconfusione
584 2237 756 2334 ipsorum,
770 2238 837 2337 ptri
846 2249 987 2310 terrena
997 2239 1159 2336 sapiunt.

171 2340 303 2411 Paulus
316 2341 412 2407 dolet
428 2363 516 2423 esse,
542 2341 604 2432 qui
623 2365 697 2408 rem
711 2342 845 2413 ventris
868 2357 986 2432 agant3
1013 2368 1077 2412 vos
1095 2367 1159 2412 au-

114 2462 118 2467 ·
172 2457 242 2512 tem
259 2444 302 2510 de
319 2442 559 2531 voluptatibus
574 2443 708 2525 vestris,
723 2439 930 2528 Christiani,
955 2445 984 2513 si
999 2446 1067 2514 diis
1082 2446 1159 2535 pla·

129 2606 132 2613 .
173 2558 245 2627 cet,
278 2543 392 2611 videri
416 2543 533 2611 vultis.
598 2540 693 2613 Num
727 2546 915 2614 obscurum
945 2559 1013 2630 est,
1047 2547 1158 2615 alium

108 2634 111 2644 ⁸
170 2641 370 2729 Christum,
405 2644 515 2713 alium
533 2639 844 2716 Christianismum
867 2648 985 2715 doceri
1011 2649 1055 2717 ab
1082 2647 1159 2717 istis

172 2748 261 2817 bene
274 2745 466 2836 pinguibus
479 2745 672 2834 magistris,
698 2771 804 2839 quam
820 2749 941 2820 docuit
962 2749 1022 2817 ille
1043 2773 1159 2842 quon-

173 2851 253 2919 dam
273 2843 474 2936 Euangelus
496 2845 778 2920 noster-Paulus.
829 2851 896 2917 Sed
920 2864 960 2918 ut
982 2852 1159 2939 gestiebat,

70 3013 83 3027 ,
173 2964 212 3020 ut
227 2950 421 3019 exsultabat
437 2943 568 3032 hircus,
583 2973 662 3017 cum
682 2950 824 3019 illorum
841 2952 994 3020 orationi
1011 2953 1159 3042 adplau-

85 3138 88 3143 .
172 3053 260 3120 dens
286 3075 390 3121 suum
414 3050 579 3118 adiiceret
598 3051 694 3118 velut
715 3043 952 3146 tutumque:
988 3051 1159 3141 lnsurgat,

173 3152 355 3246 inquiens,
396 3145 592 3219 ittartinus
622 3165 762 3237 contra,
804 3155 931 3244 plusne
960 3154 1024 3222 iste
1053 3157 1159 3238 solus,

173 3277 279 3351 quam
301 3255 420 3322 decem
441 3253 538 3321 milia
567 3254 718 3343 poterit?
769 3250 883 3340 Audi,
912 3251 1027 3341 hirce,
1053 3256 1160 3325 unius

172 3350 309 3437 Christi
320 3354 437 3444 potior
457 3369 526 3437 est,
550 3378 656 3446 quam
679 3356 798 3423 decem
819 3358 1018 3450 myriadum
1042 3359 1160 3425 ealcu-

171 3457 239 3528 lus.
291 3453 373 3524 Non
387 3455 482 3522 enim
497 3456 592 3547 quod
610 3455 792 3546 plurimis,
814 3456 993 3550 sed'quod
1016 3459 1159 3548 optimis

172 3558 330 3649 adeoque
351 3556 447 3649 quod
464 3551 606 3624 Christo
626 3556 776 3645 placuit,
808 3557 846 3624 in
869 3554 935 3627 hae
955 3583 1073 3628 sarissa
1096 3582 1159 3626 va-

171 3662 252 3731 leat.
313 3655 416 3739 Plus,
450 3657 585 3749 inquis,
609 3657 681 3724 'uni
708 3660 943 3742 contentioso,
974 3685 1079 3752 quam
1107 3673 1161 3729 tot

171 3758 324 3853 pacificis
352 3758 524 3827 credetis?
576 3755 738 3844 Quidni?
788 3757 971 3851 Principes
992 3762 1071 3851 plus
1094 3761 1160 3828 uni

171 3852 358 3944 bothero,
390 3883 496 3951 quam
520 3871 571 3929 tot
592 3859 699 3929 mutis
722 3860 879 3933 canibus.
928 3886 1034 3954 quam
1063 3862 1158 3930 enim

173 3959 293 4034 hircus
312 3985 433 4051 pacem
454 3974 569 4044 vocat,
597 3985 673 4029 eam
695 3978 875 4033 aversatur
892 3963 938 4046 is,
968 3964 1031 4057 qui
1053 3964 1159 4034 dixit:

170 4063 254 4136 Non
267 4064 350 4133 veni
365 4086 486 4154 pacem
501 4064 655 4146 mittere,
674 4064 734 4131 sed
752 4065 921 4153 gladium.
971 4062 1076 4150 Plus,
1102 4067 1159 4132 in-

172 4167 268 4260 quis,
300 4162 516 4256 impudenti,
544 4188 651 4255 quam
675 4166 908 4234 verecundis?
957 4161 1076 4234 Etiam
1096 4191 1161 4257 per

172 4268 310 4356 gratias.
343 4263 453 4349 ,Nam
475 4265 693 4334 verecundos
713 4278 754 4336 tu
777 4290 898 4349 vocas,
932 4291 1021 4359 quos
1037 4263 1159 4335 Evan-

172 4369 255 4458 gelii
278 4366 417 4457 puduit.
447 4421 449 4425 .
479 4361 604 4434 Noluit
632 4361 698 4434 hoc
727 4389 792 4435 nos
812 4369 919 4436 modo
940 4371 1158 4438 verecundos

173 4492 246 4539 esse
261 4463 440 4549 Christus,
465 4490 546 4535 cum
561 4466 627 4537 ait:
654 4460 735 4634 ἳυί
751 4491 807 4536 me
820 4464 999 4537 erubuerit
1016 4477 1047 4537 et
1061 4493 1158 4538 meos

171 4590 369 4647 sermones,
403 4559 500 4636 heroe
518 4561 632 4658 filius
689 4567 823 4639 ominis
851 4569 1044 4651 erubescet,
1077 4594 1155 4640 eum

172 4666 303 4741 uerterit
323 4666 361 4738 iu
382 4667 573 4737 maiestate
598 4692 668 4738 suu
701 4677 732 4737 et
752 4670 874 4766 patris
895 4680 926 4739 et
946 4681 1156 4742 sanctorum

171 4768 400 4866 angelorum.
458 4767 517 4839 An
540 4770 629 4860 plus¹
642 4770 764 4855 etiam,
811 4773 949 4866 inquis,
992 4776 1157 4864 superbo,

171 4898 277 4969 quam
305 4871 517 4942 mansuetis?
549 4872 711 4944 maxime.
771 4871 862 4943 Nam
882 4871 1076 4964 Evangelio
1098 4877 1157 4967 pie

131 5052 138 5057 ,
171 4977 329 5068 superbit
342 4955 559 5047 Laetamur
582 4963 761 5065 quomodo
776 4977 1001 5066 superbiebat
1016 4990 1050 5045 et
1061 4976 1156 5047 Pau-

170 5080 244 5162 lus,
270 5103 350 5147 cum
368 5064 531 5169 Cephen,
555 5075 703 5142 minime
725 5075 916 5164 ignobilem
937 5075 1158 5168 Apostolum,

171 5180 287 5270 palam
309 5181 505 5249 incesseret.
557 5172 633 5244 lam
654 5199 742 5269 quos
764 5191 804 5246 tu
822 5191 1040 5262 mansuetos,
1062 5177 1158 5249 Pau·

171 5282 227 5351 lus
247 5280 387 5350 inflatos
408 5304 448 5351 ac
470 5278 646 5368 superbos»
659 5289 760 5347 vocat
786 5278 824 5348 in
841 5275 1001 5369 Epistola
1023 5282 1067 5349 ad
1089 5280 1157 5351 Ti-

1209 1531 1273 1600 tibi
1300 1532 1522 1613 viderentur,
1563 1552 1651 1620 qum
1683 1551 1778 1595 nunc
1808 1527 2039 1596 solidissimus
2069 1550 2202 1599 censes.

1209 1632 1256 1702 Er
1287 1633 1427 1722 iugenio
1456 1631 1604 1698 minime
1634 1629 1775 1719 stupido
1796 1621 1986 1697 Lutlrerus
2014 1643 2049 1699 et
2073 1630 2202 1721 spiritu

1210 1736 1414 1826 neutiquam
1432 1734 1578 1822 ignavo,
1605 1726 1661 1799 hic
1679 1754 1741 1799 rur
1761 1730 1828 1799 tihi
1842 1732 2133 1822 praecipitantior
2148 1730 2203 1799 vi-

1210 1839 1335 1905 deatur
1358 1860 1431 1903 uon
1458 1835 1580 1916 video,
1609 1832 1677 1900 uisi
1698 1833 1795 1924 quod
1814 1856 1895 1900 eum
1913 1856 1933 1900 a
1956 1833 2121 1902 socordia
2142 1846 2203 1904 tuo

1211 1939 1264 2006 vis
1277 1936 1463 2018 aestimari,
1485 1937 1579 2029 quod
1594 1957 1699 2026 quam
1713 1933 1876 2025 iniquum
1895 1934 1949 2018 sit,
1974 1934 2055 2028 quis
2068 1934 2204 2004 nescit?

1210 2038 1295 2108 Plus
1312 2062 1395 2107 vero
1416 2037 1520 2105 etiam
1543 2037 1668 2119 stulto,
1691 2034 1826 2126 inquis,
1853 2058 1958 2127 quam
1982 2034 2203 2127 sapientissi-

1210 2139 1302 2209 mis?
1335 2140 1494 2209 omnino.
1561 2136 1652 2205 Nam
1681 2149 1813 2228 quanto
1844 2137 1954 2204 tutius
1983 2150 2035 2206 est
2058 2138 2201 2207 credere

1211 2242 1379 2312 stultitiae
1406 2240 1567 2330 spiritus,
1605 2262 1712 2329 (pram
1735 2237 1868 2305 carnali
1893 2237 2113 2328 sapientiae?
2162 2236 2201 2308 Si

1211 2368 1279 2436 qua
1304 2344 1397 2411 enim
1419 2343 1488 2412 fuit
1511 2340 1657 2409 omnino
1688 2339 1725 2405 in
1753 2338 1819 2407 isto
1849 2360 1975 2427 genere
2000 2340 2199 2430 prudentie,

1211 2459 1303 2514 certe
1324 2444 1474 2512 earnalis
1493 2442 1560 2511 fuit
1587 2456 1620 2511 et
1640 2440 1685 2508 ab
1706 2441 1806 2508 omni
1823 2454 1926 2528 gustu
1949 2441 2096 2532 spiritus
2113 2441 2200 2510 alie-

1210 2572 1274 2630 na,
1307 2547 1344 2614 id
1365 2547 1461 2638 quod
1483 2544 1600 2635 palam
1624 2554 1796 2611 testantur
1818 2542 1914 2614 libri.
1966 2538 2026 2611 An
2048 2543 2200 2632 ignoras,

1211 2649 1316 2717 stulta
1336 2647 1463 2715 mundi
1489 2644 1631 2733 elegisse
1655 2644 1777 2728 deum,
1816 2657 1857 2714 ut
1881 2643 2091 2735 sapientiam
2114 2668 2199 2733 eon·

1210 2749 1359 2819 fundat?
1396 2747 1467 2818 Sed
1484 2771 1547 2814 eur
1562 2747 1689 2815 stultus
1710 2745 1851 2815 videtur
1866 2736 2085 2814 lutherus?
2116 2745 2199 2840 quia

1210 2873 1408 2919 sermonem
1431 2847 1544 2916 crucis
1568 2828 1769 2938 piaedicat?
1812 2843 1846 2913 ls
1864 2870 1948 2915 vero
1981 2848 2197 2940 quibusnam

1210 2952 1358 3021 stultitia
1377 2950 1451 3017 est?
1483 2972 1604 3016 nonne
1629 2948 1882 3040 pereuntibus?
1919 2944 1996 3031 En,
2018 2944 2137 3032 hirce,
2159 2960 2199 3018 ut

1210 3054 1378 3123 omineris
1398 3052 1481 3132 tihi,
1504 3075 1584 3119 cum
1605 3045 1701 3118 hunc
1720 3049 1839 3138 arguis
1857 3050 2036 3120 stultitiae.
2089 3049 2161 3121 Sat
2175 3074 2200 3118 o

1209 3156 1395 3224 salutarem
1410 3152 1595 3259 stultitiam
1611 3150 1732 3219 multis
1754 3150 1936 3239 gentibus,
1958 3150 2062 3219 vobis
2084 3152 2200 3235 etiam,

1209 3257 1270 3350 qui
1309 3257 1352 3323 de
1395 3253 1566 3345 sapientia
1606 3252 1824 3340 gloriamini,
1872 3251 2199 3342 pertimescendam.

1209 3357 1446 3428 Sanctissimis
1476 3367 1592 3423 autem
1620 3353 1739 3443 potius
1769 3353 1950 3436 credatur,
1982 3376 2092 3446 quam
2114 3376 2200 3445 pro-

1208 3454 1345 3550 phano,
1397 3458 1505 3524 immo
1532 3449 1718 3545 prophano
1746 3454 1882 3544 potius,
1925 3477 2033 3547 quam
2064 3453 2200 3545 angelis
2235 3478 2239 3487 ·

1209 3559 1426 3641 coelestibus,
1443 3553 1480 3624 εἰ
1488 3551 1736 3648 Euangelium
1752 3549 1864 3623 atiud
1875 3546 2073 3641 docuerint,
2086 3576 2200 3654 quam

1207 3653 1310 3756 quod
1328 3653 1464 3726 divinis
1486 3654 1603 3725 literis
1625 3650 1812 3752 proditum
1833 3663 1894 3724 est.
1953 3654 2029 3743 lam
2053 3673 2137 3726 cum
2159 3657 2198 3725 in

1208 3763 1415 3832 universum
1438 3760 1602 3852 iniquum
1626 3759 1670 3827 sit
1694 3772 1727 3827 et
1747 3759 1910 3841 stultum,
1941 3753 2199 3828 abhominetur

1209 3864 1414 3933 auctoritate
1437 3884 1545 3948 genus
1568 3860 1749 3928 doctrinae
1769 3860 1971 3944 aestimare,
2002 3860 2202 3931 sanctitatis

1208 3966 1331 4034 titulos
1350 3965 1480 4033 frustra
1502 3957 1591 4029 mihi
1613 3984 1804 4044 memoras,
1827 3983 1916 4052 quos
1938 3960 2007 4050 ipsi
2031 3984 2096 4029 vos
2112 3960 2200 4032 Seo-

1209 4068 1309 4137 tistae
1325 4090 1364 4134 ac
1379 4061 1587 4135 Themistae
1603 4062 1744 4146 ridetis,
1768 4062 1905 4155 quoties
1922 4056 1989 4130 hoc
2012 4061 2071 4131 isti
2094 4084 2200 4153 argu-

1208 4182 1328 4236 mento
1355 4161 1515 4240 'thomae
1544 4164 1599 4232 sui
1622 4165 1783 4252 dogmata
1802 4162 1998 4234 vindicant.
2061 4160 2140 4233 Nae
2158 4174 2197 4233 tu

1209 4283 1327 4339 autem
1348 4268 1483 4356 egregie
1505 4265 1615 4356 sapis,
1652 4265 1715 4358 qui
1737 4265 1781 4333 de
1802 4265 2093 4334 doctorculoruru
2117 4278 2198 4335 tuo-

1209 4395 1288 4439 rum
1312 4369 1493 4438 sanctitate
1516 4380 1587 4435 tam
1613 4368 1780 4435 audacter
1798 4365 2031 4456 pronuntias,
2057 4364 2098 4433 in
2118 4365 2200 4460 qui-

1207 4472 1275 4541 bus
1295 4472 1381 4539 adeo
1406 4465 1498 4537 nihil
1512 4463 1644 4537 Christi
1667 4466 1826 4536 doctrina
1848 4466 1977 4556 arguit,
2003 4479 2040 4535 at
2061 4462 2197 4537 Christi

1207 4572 1371 4664 spiritum
1386 4563 1550 4640 Lutlreri
1570 4569 1729 4640 doctrina
1749 4568 1866 4640 refert.
1916 4564 1981 4636 Est
1996 4566 2035 4634 in
2051 4567 2125 4636 tuis
2139 4590 2198 4658 ge-

1207 4697 1274 4743 nus
1301 4672 1461 4764 sapiendi
1493 4671 1661 4753 animale,
1709 4671 1806 4762 quod
1842 4692 1922 4737 cum
1955 4692 1975 4736 a
2010 4665 2197 4759 prophana

1205 4787 1323 4843 mente
1344 4774 1600 4865 proficiscatur,
1624 4794 1699 4840 non
1714 4770 1846 4862 patiar,
1871 4781 2031 4838 auctores
2054 4770 2196 4840 divinet

1206 4877 1334 4947 vocari.
1386 4873 1457 4945 Sed
1472 4874 1558 4967 quid
1572 4869 1657 4941 haec
1674 4887 1806 4955 tecum,
1830 4866 1946 4952 hiree,
1970 4870 2035 4963 qui
2053 4892 2074 4940 a
2092 4870 2199 4964 spiri-

1207 4978 1356 5056 tualium
1372 5000 1490 5045 rerum
1507 4999 1607 5043 seusu
1626 4987 1697 5042 tam
1714 4974 1850 5042 alienus
1870 4971 1929 5039 es?
1962 4969 2064 5058 Quin
2079 4970 2196 5064 pergl-

1206 5102 1285 5148 mus
1307 5081 1350 5147 ad
1374 5078 1522 5168 reliqua.
1572 5075 1681 5146 Credi
1698 5074 1752 5143 vis
1770 5076 1851 5164 plus
1873 5072 2065 5159 columbis,
2141 5096 2194 5143 am

1206 5180 1359 5271 serpenti
1371 5177 1561 5250 Hussitico.
1613 5175 1742 5259 lmmo,
1770 5171 1884 5258 hiree,
1911 5174 1993 5266 plus
2013 5167 2096 5244 Lut
2127 5198 2193 5256 ero,

1205 5307 1312 5376 quam
1334 5281 1388 5351 tui
1401 5280 1545 5369 generis
1567 5272 1793 5372 hypocriticis
1818 5275 1993 5345 columbis
2017 5277 2116 5344 credi
2141 5277 2194 5345 iu·

170 5376 355 5461 matheum,
366 5382 496 5473 priore,
520 5403 647 5473 nempe
663 5402 733 5466 eos,
759 5380 822 5473 qui
837 5380 911 5451 non
929 5383 1155 5474 acquiescunt
1203 5384 1283 5454 beo.
1334 5381 1496 5474 Serpenti
1515 5378 1658 5472 inquis?
1695 5377 1815 5450 Recte.
1873 5374 1965 5446 Nam
1991 5392 2192 5469 serpentum

1891 5596 1926 5657 N
