4500 5782
172 217 266 293 aas
325 172 327 177 ⁸

176 387 409 461 contumelias
429 389 565 461 laturus
586 412 684 474 sum,
722 390 830 460 modo
858 378 983 460 floreat
1001 383 1167 481 Evange-

175 492 268 562 lium
282 485 429 563 Christi.
583 486 588 497 ’
870 565 873 570 ,
937 483 940 487 ’

172 626 178 635 ’
281 614 548 696 Carolstadius
562 620 622 695 hic
636 624 722 711 fuit,
752 624 815 696 sed
837 625 945 696 clam:
975 625 1087 699 edidit
1109 650 1168 696 sex

179 729 321 799 libellos
345 724 558 797 Germanice
581 726 748 819 scriptos,
788 727 980 822 inquibus
1004 731 1106 800 docet
1129 729 1168 797 in

181 825 406 901 Eucharistia
424 824 518 898 nibil
541 852 614 900 esse
634 843 773 921 praeter
793 831 935 920 signum
957 832 1115 923 corporis
1135 844 1168 899 et

181 931 364 1022 sanguinis
385 930 566 1003 dominici.
617 926 671 1001 Ea
693 955 749 1001 res
769 955 891 1022 graves
914 934 1086 1005 tumultus
1108 957 1168 1002 er-

181 1034 302 1106 citavit
323 1030 474 1107 Bernae.
527 1030 596 1102 Hic
618 1034 691 1103 duo
715 1029 943 1129 typographi,
977 1036 1039 1129 qui
1063 1060 1168 1105 excu-

181 1138 329 1215 derunt,
369 1135 484 1226 pridie
510 1149 698 1226 conceptae
720 1135 881 1226 Virginis
909 1138 1058 1208 coniecti
1086 1152 1168 1209 sunt

182 1238 221 1307 in
236 1261 420 1308 carcerem.
468 1235 638 1329 Suspicor
653 1237 749 1307 enim
765 1233 861 1308 hunc
874 1263 987 1310 unum
1008 1264 1083 1309 esse
1108 1263 1169 1310 eo-

182 1363 280 1426 rum,
306 1361 395 1432 quos
408 1353 447 1410 tu
463 1363 565 1409 vocas
578 1335 748 1409 Doctores
764 1341 1017 1430 sanguinarios.

280 1468 335 1542 De
357 1466 489 1566 Syloio
509 1471 640 1543 multos
660 1466 720 1542 hic
742 1496 878 1541 mecum
901 1473 1026 1544 fefellit
1053 1474 1169 1565 suspi-

181 1577 247 1647 cio.
298 1567 456 1644 Alberus
469 1574 531 1643 ille
547 1598 672 1643 censor
685 1569 827 1643 Erasmi
840 1575 917 1645 istic
933 1577 1004 1668 agit
1023 1577 1101 1647 ludi
1123 1576 1168 1643 li-

180 1677 302 1751 terarii
316 1676 542 1766 magistrum,
567 1677 606 1744 in
620 1676 751 1768 oppido
766 1670 905 1746 Smaclt
920 1679 1059 1770 opinor.
1092 1670 1168 1748 Oe·

180 1772 454 1876 colampode'um
478 1802 552 1846 non
576 1801 772 1847 annumero
801 1782 975 1871 portentis
1000 1781 1072 1850 illis
1103 1804 1167 1850 nec

180 1879 263 1953 huic
278 1881 427 1965 similes,
458 1879 594 1950 etiamsi
608 1881 782 1971 permulta
798 1897 896 1967 sunt,
929 1907 1019 1977 quae
1038 1884 1166 1953 merito

180 1988 224 2056 de
238 1979 297 2053 his
311 1983 412 2078 queri
426 1982 569 2073 possim.
620 1978 799 2052 Hactenus
815 1984 858 2052 de
872 1986 1014 2056 nemine
1028 1985 1168 2077 magui-

178 2080 338 2158 bcentius
358 2085 416 2156 vel
433 2083 528 2155 sensi
555 2083 614 2153 vel
639 2084 858 2175 praedicavi,
892 2089 1067 2182 quamde
1092 2080 1167 2157 Oe·

179 2181 429 2286 colampads'o:
463 2199 581 2255 tamen
599 2199 632 2256 et
647 2179 706 2256 bic
722 2188 898 2278 professus
915 2190 1068 2259 amicum
1083 2216 1168 2261 cau-

178 2291 422 2373 didissimum,
459 2311 533 2356 non
558 2287 672 2356 solum
696 2288 800 2358 dictis
827 2290 963 2385 aliquot
993 2292 1032 2360 in
1056 2294 1167 2363 collo-

178 2395 272 2488 quiis
289 2407 322 2463 et
337 2389 638 2462 concionibusme
659 2391 880 2482 perstrinxit:
914 2417 1037 2463 verum
1060 2396 1165 2465 etiam

179 2499 217 2568 in
235 2495 370 2566 libellis
390 2492 462 2563 suis
484 2491 670 2584 aliquoties
695 2491 836 2584 attingit
858 2492 1021 2588 oblique,
1059 2496 1168 2591 idque

178 2600 265 2668 adeo
282 2609 421 2688 praeter
439 2616 593 2666 causam.
644 2590 710 2663 Ais
731 2595 809 2665 istic
830 2587 1029 2692 διατριβὴν
1052 2623 1166 2669 meam

177 2698 397 2793 aequissimis
417 2696 545 2766 animis
567 2709 763 2787 exceptam:
796 2710 833 2768 at
846 2723 926 2768 non
958 2699 1082 2770 itidem
1108 2696 1168 2771 ex-

179 2814 277 2894 cepta
292 2815 344 2872 est
362 2800 408 2871 ab
424 2789 732 2895 Oecolampodio,
764 2796 828 2892 qui
851 2803 1065 2893 respondere
1087 2827 1168 2874 coc-

178 2904 241 2999 pit,
258 2903 465 2997 priusquam
479 2914 567 2971 esset
583 2900 687 2974 edita.
719 2895 889 2973 Offensus
905 2917 978 2974 erat
990 2927 1067 2974 mea
1083 2930 1168 2975 exo-

644 212 651 217 ’
744 182 1346 303 Eetsrotauutujttss.
1383 210 1449 290 111.
1503 164 1657 288 isse

1258 384 1273 488 J
1319 374 1462 456 Videris
1474 399 1591 457 autem
1605 372 1788 469 sollicitus,
1813 406 1874 470 ne,
1898 385 1928 454 si
1944 406 2104 478 pergam,
2124 378 2199 459 lue

1217 510 1321 560 causa
1344 488 1478 559 maiore
1507 501 1649 579 gravata
1678 485 1816 556 invidia
1849 485 1959 557 simul
1984 508 2071 558 cum
2089 478 2200 559 Dm·

1217 584 1306 681 gelio
1321 580 1550 683 periclitetur.
1599 585 1713 685 Atqui
1728 579 1926 659 Lethaeus·
1941 588 1982 661 in
2002 586 2120 660 literis
2137 588 2201 661 mit

1218 694 1410 779 existimat,
1438 694 1586 764 omnino
1609 687 1703 761 nihil
1725 714 1800 761 esse
1820 691 2015 777 momenti,
2049 689 2125 760 sive
2143 692 2200 763 sd·

1218 796 1283 865 sim
1303 796 1377 865 sive
1391 790 1569 868 adverset.
1620 792 1715 864 lllud
1730 792 1923 887 polliceor,
1947 817 2006 864 me
2023 815 2201 889 nunquam

1217 898 1384 967 scientem
1415 922 1514 967 arma
1543 911 1743 967 sumturum
1767 898 1936 991 aduersus
1956 878 2200 984 Evangeliesto

1216 999 1409 1069 veritatem.
1466 995 1515 1071 Et
1537 1000 1618 1069 ideo
1639 998 1773 1068 veritus
1795 1021 1873 1068 sum
1901 991 2077 1069 hacteuus
2105 996 2201 1067 edam

1217 1102 1279 1170 illa
1309 1101 1537 1187 labefactare,
1576 1125 1666 1194 quae
1698 1099 1933 1191 displicebant
1962 1098 2003 1167 iu
2029 1088 2200 1180 Laidem,
2244 1112 2246 1181 ξ

1218 1228 1262 1273 ne
1279 1203 1386 1273 simul
1401 1216 1545 1274 ruerent
1565 1215 1599 1272 et
1621 1203 1690 1272 alia
1712 1202 1870 1294 probata.
1922 1199 2026 1290 Quin
2043 1200 2200 1292 illudpes
2243 1218 2246 1301 ξ

1216 1329 1358 1376 omnem
1376 1307 1595 1375 occasionem
1611 1305 1758 1388 molior,
1790 1315 1831 1374 ut
1848 1327 1890 1372 ex
1902 1298 1971 1373 hoc
1988 1315 2115 1373 amaro
2132 1301 2200 1373 vie·
2244 1312 2246 1353 ²

1218 1407 1384 1500 lentoque
1400 1402 1607 1498 pharmaco,
1640 1407 1737 1500 quod
1752 1395 1943 1475 Lucieno
1963 1405 2106 1475 mundo
2127 1426 2200 1496 poo-

1217 1510 1325 1594 rexit,
1349 1524 1513 1580 nascatur
1529 1507 1664 1601 aliquid
1683 1509 1799 1577 bonae
1815 1506 1975 1577 sanitatis
1992 1507 2033 1575 in
2050 1505 2201 1576 moribus

1216 1608 1405 1684 Ecclesiae.
1456 1609 1618 1682 Fortasse
1642 1610 1756 1680 nostri
1773 1632 1889 1679 mores
1912 1620 2125 1679 meruerunt
2138 1619 2201 1677 mm

1217 1712 1471 1811 inclementem
1480 1712 1676 1797 medicum,
1710 1711 1773 1806 qui
1788 1711 2004 1782 sectionibus
2020 1722 2057 1781 et
2079 1707 2202 1781 usuri·

1217 1829 1357 1885 curaret
1372 1816 1552 1886 morbum.

1317 1914 1386 1986 Hie
1410 1916 1570 1988 seditiosi
1592 1916 1738 2009 quidam
1760 1913 2002 1984 vociferamur
2023 1911 2066 1982 in
2095 1932 2202 1983 man

1217 2019 1507 2104 inconstantiam,
1540 2043 1652 2112 Qum
1675 2017 1798 2087 nullus
1825 2015 1986 2085 omnium
2010 2013 2125 2108 possit
2153 2013 2203 2083 vel

1217 2144 1329 2193 unum
1344 2121 1502 2212 proferre
1518 2121 1655 2205 locum,
1687 2121 1727 2188 iu
1749 2143 1820 2212 quo
1842 2111 1933 2187 mihi
1949 2139 2026 2187 uon
2040 2126 2201 2186 constent

1217 2223 1258 2295 si
1280 2222 1460 2315 piaculum
1486 2222 1689 2292 existimant
1714 2219 1847 2291 alicubi
1869 2219 2059 2291 dissentire
2083 2242 2106 2287 a
2127 2209 2203 2286 Lu-

1217 2317 1336 2406 thero,
1368 2324 1432 2418 qui
1446 2325 1564 2394 nescio
1580 2348 1626 2394 an
1642 2323 1711 2392 sibi
1728 2323 1861 2415 ubique
1879 2334 2036 2405 constet,
2063 2342 2130 2391 cur
2142 2318 2203 2389 sibi

1217 2426 1437 2519 permittunt,
1453 2412 2204 2519 ubicunquecommodumsueritaLutheri

1218 2515 1439 2618 dogmatibus
1458 2527 1666 2598 dissentire?
1716 2525 1800 2597 Nou
1824 2520 1883 2594 hic
1907 2525 1947 2594 in
1965 2525 2133 2595 medium
2147 2524 2201 2594 ad·

1216 2632 1328 2701 ieram
1361 2629 1623 2724 colloquiorum
1652 2642 1687 2699 et
1716 2625 2021 2720 compotatiouum
2054 2625 2200 2707 fabulas,

1217 2755 1337 2803 nonne
1353 2722 1668 2829 Oecolampodius
1691 2726 1784 2822 apud
1810 2722 2008 2799 Sicltinum
2031 2727 2146 2799 edidit
2163 2726 2200 2796 li-

1217 2835 1371 2918 bellum,
1408 2835 1446 2903 in
1470 2859 1541 2929 quo
1566 2833 1689 2903 scribit
1712 2856 1787 2901 non
1815 2853 1888 2902 esse
1918 2831 2143 2923 periculum,
2175 2827 2199 2897 si

1218 2936 1297 3031 quis
1312 2933 1460 3005 Missam
1476 2935 1630 3029 appellet
1646 2931 1881 3029 sacrificium?
1930 2931 1974 3002 ld
1998 2932 2051 3003 sic
2074 2953 2199 3003 enecta-

178 3004 366 3097 m⁰¹⁰d⁰⁸is
392 3002 493 3123 (luflfi
515 3003 557 3072 5¹¹
573 2996 638 3074 ¹¹³⁰
659 3003 963 3125 ¹¹⁰¹³ri³¹mJP⁵i¹¹⁸
976 3007 1168 3077 ⁰⁰¹¹s0⁸⁸i⁰·
1217 3051 1276 3109 tur
1289 3028 1496 3125 lutherus,
1516 3049 1559 3109 ut
1573 3037 1675 3109 malit
1688 3037 1803 3106 decies
1815 3033 1921 3108 mori.
1954 3031 2040 3124 Quo
2056 3032 2198 3107 tumultu

177 3134 277 3227 {mma
302 3131 413 3226 {inum
426 3106 531 3174 lnam
545 3128 730 3224 ”unfiu‘im
744 3106 900 3225 legium·
938 3106 1042 3179 Certe
1057 3134 1167 3203 quum
1218 3135 1435 3234 Zminglius
1459 3138 1572 3229 exegit
1592 3140 1758 3208 divorum
1782 3137 1978 3228 imagines?
2031 3132 2198 3207 Adversus

177 3213 238 3281 1¹¹tl
254 3212 444 3327 {cebetem
458 3231 503 3277 1¹0
517 3207 739 3325 mmmmm
754 3211 899 3303 tudun
913 3211 957 3281 de
973 3201 1168 3318 0⁶0014m·
1216 3238 1301 3327 hos,
1326 3257 1367 3314 ut
1381 3243 1510 3327 auaro,
1535 3240 1698 3311 tiberium
1714 3239 1821 3311 etiam
1836 3258 1954 3310 acrem
1971 3228 2198 3331 scripsisse

174 3304 302 3431 Eadm·
342 3309 495 3428 ‚p⁰⁸⁵?m
509 3304 569 3379 1¹¹⁰
583 3310 652 3379 ³¹¹³
667 3311 778 3381 “mlta
793 3335 1080 3433 ⁶⁰¹¹}mem0ffffff
1106 3316 1168 3386 ⁵⁶d
1219 3336 1355 3414 theros.
1400 3340 1646 3434 Argentorati,
1668 3365 1733 3412 uec
1746 3341 1798 3412 ibi
1812 3353 1966 3424 tautum,
1988 3341 2135 3432 publice
2143 3338 2224 3409 ts·

177 3413 354 3485 euumodr
385 3411 487 3481 lacrle
521 3423 722 3484 contemno.
779 3408 829 3485 Et
859 3438 899 3483 1n
929 3428 1093 3485 amicatus
1123 3417 1168 3487 ad
1218 3459 1384 3531 merum,
1407 3445 1577 3516 mullas
1594 3444 1798 3534 disciplina,
1822 3466 1888 3514 nec
1912 3439 2199 3532 linguagemffi.

177 3516 290 3587 mulia
304 3513 588 3630 ⁶⁰⁰nii'end.ff“¹’
618 3537 821 3632 quanqum
835 3515 874 3584 ⁵¹¹
891 3510 966 3602 ᾖδ’
999 3517 1062 3610 ‘1¹¹5
1083 3541 1169 3609 pm·
1217 3550 1383 3632 scendas,
1398 3560 1658 3638 praeterunam
1671 3543 1894 3618 Hebraicam.
1946 3535 2227 3615 Adversushot.

178 3617 322 3689 litentur
338 3612 589 3704 Evangelrcam
613 3629 848 3687 sinceritatem
873 3619 1058 3710 oportebat
1082 3612 1168 3690 haec
1218 3651 1387 3719 acerrime
1405 3649 1543 3740 scripsi,
1557 3640 1760 3718 Lupum
1810 3640 1983 3736 Quidhic
1996 3666 2200 3716 commemo,

180 3719 287 3790 eliaffl
299 3719 432 3791 aheim·
1218 3776 1294 3822 rem
1310 3753 1353 3821 de
1368 3742 1628 3837 Cartostadio,
1659 3774 1770 3843 quum
1788 3747 1926 3819 sordidi
1943 3747 2094 3841 quidam
2107 3743 2200 3817 nobis

281 3848 396 3919 Video
420 3862 456 3919 te
476 3847 687 3933 sollicitum,
722 3860 764 3918 ut
784 3845 876 3918 mihi
904 3852 1085 3923 moderate
1112 3876 1170 3924 re·
1218 3855 1472 3945 respondeant:
1511 3847 1596 3924 Nos
1626 3874 1700 3922 non
1728 3848 1906 3921 servimus
1925 3840 2115 3932 luthero,
2144 3836 2203 3916 ssd

181 3954 353 4045 spondeat
373 3941 576 4021 Latiares.
643 3947 720 4020 Imo
745 3963 866 4043 patere
894 3952 997 4022 illum
1022 3977 1086 4025 suo
1111 3979 1169 4025 re-
1219 3950 1460 4049 Evangelio?
1505 3954 1655 4046 Scripsit
1671 3952 1768 4024 istud
1790 3953 1954 4048 quidem,
1987 3953 2051 4022 sed
2075 3946 2200 4042 scripsit
2244 3966 2246 3981 ·

180 4056 355 4148 spondere
377 4077 487 4123 more.
546 4050 655 4140 Quod
675 4075 738 4143 ego
760 4055 940 4126 moderate
968 4079 1042 4125 rem
1070 4057 1169 4148 gessi,
1220 4053 1376 4129 humano
1392 4054 1539 4149 spiritu,
1564 4054 1705 4148 scripsit
1719 4055 1758 4123 in
1771 4054 1919 4145 gratiam
1931 4044 2200 4123 Melanionis.
2244 4038 2246 4055 ¹

182 4181 299 4253 neque
334 4171 471 4249 praeter
499 4177 635 4223 morem
667 4178 786 4225 meum
821 4178 937 4251 neque
969 4157 1046 4228 sine
1073 4174 1168 4230 certo
1269 4148 1271 4155 ’
1321 4157 1364 4229 ln
1393 4154 1525 4229 horum
1553 4158 1759 4243 nonnullis,
1796 4156 1848 4225 mi
1869 4147 2066 4253 Philippa,
2106 4151 2200 4224 video

181 4259 330 4333 consilio
352 4257 432 4330 ieci.
494 4253 560 4326 Ille
588 4255 619 4324 si
643 4251 703 4326 hic
733 4259 886 4328 multum
909 4258 965 4330 sui
989 4259 1170 4331 dissimilis
1219 4277 1291 4335 tam
1308 4261 1518 4353 impotentes
1532 4259 1697 4352 spiritus,
1728 4272 1770 4329 ut
1789 4259 1818 4327 si
1835 4281 1890 4327 res
1907 4256 1981 4326 illis
1997 4251 2202 4337 successerit,

181 4362 306 4446 inerit,
327 4357 532 4431 clamabunt
545 4353 782 4451 sycophantae
794 4359 973 4431 colludere
987 4385 1070 4447 nos,
1094 4386 1171 4432 rem
1220 4386 1343 4434 verear
1362 4386 1408 4432 ne
1430 4353 1623 4432 liutherus
1650 4361 1754 4431 etiam
1777 4360 1851 4454 ipse
1872 4358 2138 4430 desideraturus
2162 4350 2204 4424 sit

183 4464 277 4533 inter
290 4468 413 4531 nos'ex
429 4458 624 4551 coraposito
641 4460 726 4548 geri.
776 4458 932 4532 Proinde
953 4464 1045 4535 malo
1067 4465 1171 4535 illum
1220 4463 1477 4557 Episcoporum
1510 4477 1545 4534 et
1578 4462 1792 4534 Pontificum
1823 4459 2064 4556 tyrannidem.
2114 4454 2203 4548 Q'ss

183 4564 313 4636 servire
335 4584 477 4645 causae,
508 4583 615 4654 quam
638 4556 740 4657 mihi.
789 4561 830 4633 st
851 4565 938 4658 quid
959 4565 1000 4635 iu
1019 4565 1172 4638 diatriba
1222 4568 1319 4638 enim
1339 4578 1497 4637 coerceat
1516 4565 1618 4652 istos,
1652 4564 1716 4659 qui
1737 4558 1802 4634 nec
1817 4560 2053 4633 Pontificibus
2075 4556 2205 4633 auscul-

184 4667 278 4758 nigri
298 4662 383 4735 salis
407 4685 587 4753 aspersum
607 4677 677 4748 est,
712 4667 1011 4758 quemadmodum
1028 4668 1096 4740 tibi
1116 4669 1173 4738 vi-
1221 4682 1313 4752 taut,
1337 4690 1403 4737 nec
1416 4666 1655 4759 Principibus,
1680 4689 1745 4737 nec
1759 4662 2042 4760 magistratibus,
2065 4656 2206 4754 nectpst

183 4772 308 4855 detur,
348 4767 394 4836 ad
415 4758 594 4835 Phallicos
615 4777 649 4834 et
669 4760 752 4837 huic
776 4765 906 4838 similes
928 4769 1100 4862 pertinet,
1133 4771 1172 4840 id
1222 4761 1582 4864 deniqueLutltero?
1626 4768 1750 4841 Unum
1771 4762 2008 4856 Evangelium
2032 4765 2206 4847 occinunt,

183 4869 410 4969 quodetiam
431 4878 541 4938 testor
562 4866 705 4941 alicubi.
763 4861 913 4963 Alioqui
934 4892 1034 4943 erant
1055 4874 1095 4942 iu
1116 4897 1174 4943 as-
1222 4874 1283 4942 sed
1299 4871 1400 4942 cuius
1413 4870 1482 4963 ipsi
1497 4871 1623 4941 volunt
1639 4892 1712 4940 esse
1729 4869 1947 4960 interpretes.
1999 4864 2208 4937 Fortasseet

178 4975 338 5046 -sertioue
360 4961 525 5042 Lutleers‘
544 4970 736 5062 quaedam,
775 4994 866 5064 quae
894 4995 969 5044 non
994 4973 1173 5046 immerito
1223 4966 1292 5045 hoc
1305 4972 1503 5059 tolerabile,
1527 4972 1569 5058 si,
1589 4972 1891 5066 quemadmodum
1905 4964 2208 5043 sveteeibusdts·

56 5148 60 5153 ,
180 5074 327 5168 magnis
353 5071 523 5149 conviciis
548 5084 712 5163 poteram
741 5073 933 5164 exagitare,
968 5077 1030 5145 sed
1062 5076 1174 5149 malui
1224 5075 1400 5160 sentiunt,
1432 5074 1481 5146 ita
1501 5073 1596 5147 inter
1610 5096 1647 5143 se
1661 5072 1913 5146 consentirent.
1954 5067 2018 5142 'De
2031 5070 2091 5143 tui
2105 5064 2209 5143 anili

187 5201 327 5249 causam
359 5199 462 5268 agere
493 5187 700 5266 susceptam.
767 5172 811 5244 ln
845 5175 925 5245 aliis
958 5180 1175 5268 argumentis
1222 5176 1422 5248 sinceritate
1434 5169 1528 5247 nihil
1543 5175 1727 5260 addubito,
1756 5173 1845 5270 quin
1859 5172 1985 5246 sedulo
1996 5168 2210 5271 iacissquttd

185 5273 354 5351 nonnihil
371 5279 534 5350 dedimus
549 5269 715 5346 humanis
731 5276 932 5363 affectibus,
962 5279 1002 5348 in
1020 5275 1089 5352 hoc
1110 5306 1175 5353 ue-
1222 5280 1320 5354 facis.
1368 5275 1424 5350 De
1437 5271 1602 5349 Laetera·
1613 5278 1732 5349 animo
1753 5277 1865 5348 multa
1886 5288 1990 5363 sunt,
2020 5292 2116 5370 quae
2134 5294 2212 5347 sue·

185 5381 283 5473 gotis
299 5380 401 5451 nulla
414 5377 629 5451 contumelia
642 5402 700 5451 me
715 5379 868 5474 depellet
880 5394 1024 5457 arceto.
1223 5380 1328 5464 dent,
1358 5395 1399 5453 ut
1411 5381 1590 5467 dubitem3
1622 5394 1656 5453 et
1681 5381 1712 5451 si
1730 5378 1941 5451 nouausim
1961 5378 2119 5461 omniuo
2137 5394 2211 5449 m
