4500 5782
63 204 128 289 su
561 296 564 303 ,
643 204 1077 289 rrrsronsauu
1126 214 1232 293 um.
1262 178 1311 294 ri
1373 212 1541 317 serr.¹
2013 208 2091 283 sss

61 388 175 461 ΡΜ
203 406 289 478 θῑὲθ
317 384 462 455 fflffliifl
483 408 591 455 ³⁰⁸¹ss
615 406 668 471 0⁵,
709 408 790 457 etim
815 386 919 457 editis
940 386 1045 457 libris
1098 412 1205 484 quam
1225 390 1313 460 salso
1335 386 1394 460 hic
1406 381 1614 460 Latiarum
1629 384 1749 459 hircus
1771 382 2006 457 calumniatus
2027 382 2090 469 sit;

59 488 191 563 tra'dnci
203 488 428 560 sacerdotum
448 486 611 556 ordinem
633 486 796 562 tinxisti!
819 487 1045 575 Quibusnam
1097 516 1194 562 nunc
1210 506 1366 562 vestrum
1382 507 1447 580 est,
1471 495 1566 563 iuxta
1583 504 1831 561 sacrosanctas
1846 487 1938 577 leges
1956 498 2091 555 vestras

58 586 247 687 idelibris
269 588 341 679 agit
353 580 575 658 Desideras?
617 586 752 659 'Nonne
768 582 840 659 'hos
857 589 943 659 -fidei
964 600 1045 662 tua'e
1098 594 1137 663 in
1150 594 1454 664 ¹calumniatorem
1476 594 1767 665 animadvertere.
1824 586 1939 659 Porro
1964 587 2010 657 de
2033 608 2090 657 sa·

10 706 13 717 '
58 692 330 766 memdicare?
377 688 478 760 Nu'm‘
495 690 716 761 saterdotum
736 690 953 763 maiestatem
973 690 1048 761 iae·
1099 696 1254 767 cerdotio
1277 692 1423 788 posthac
1444 696 1618 780 dicemus,
1642 694 1708 764 ubi
1726 686 2092 783 commemorabims,

57 796 124 880 dit,
170 793 239 889 qut
262 792 543 882 indulgentias?
572 794 635 885 qui
675 804 834 889 receptos
860 794 1048 863 desuerit
1099 820 1189 890 quae
1211 811 1333 867 comm
1354 798 1551 867 doctrinam
1571 793 1840 884 Evangelicam,
1870 802 1993 859 contra
2012 810 2092 859 ma-

56 898 161 968 aeus
186 914 336 964 'errores
369 892 555 977 convellit,
603 894 667 986 qui
703 889 873 965 hactenus
910 895 951 963 in
987 916 1048 965 eos
1098 900 1217 969 iorum
1234 912 1434 969 vestrorum
1452 899 1632 981 instituta,
1658 909 1779 966 contra
1795 890 2092 987 Synodorumle-

55 1010 196 1071 tantam
245 995 377 1089 stylum
432 994 638 1079 distrinxitt‚
679 996 758 1089 ·qui
808 991 1047 1067 Christianam
1100 1022 1159 1089 ges
1189 1001 1331 1071 novarit
1366 1001 1406 1069 in
1436 996 1584 1091 Europa
1617 995 1805 1072 Romanus
1838 986 2091 1063 Antichristus.

56 1098 259 1171 doctrinam
280 1097 355 1166 suis
374 1096 627 1165 traditionibus
643 1110 948 1189 conspurcarunt,
967 1088 1049 1191 'qui
1100 1100 1176 1170 lam
1200 1114 1234 1172 et
1254 1101 1440 1173 vaticinari
1464 1095 1583 1170 hircus
1605 1100 1738 1190 coepit,
1770 1119 1850 1167 eum
1874 1090 2092 1182 Euangeliou

56 1202 178 1273 ”lim'
202 1197 308 1268 illum
330 1192 595 1286 'Evangelifflm
629 1197 747 1291 impiis
786 1200 960 1288 dogmatis
990 1199 1049 1267 in-
1092 1226 1182 1271 ·ense
1199 1203 1238 1271 in
1253 1205 1387 1295 patriae
1402 1203 1595 1295 perniciem
1611 1200 1746 1289 accingi
1760 1188 1970 1269 Latiarum
1989 1214 2093 1285 prae-

55 1300 287 1375 iiitfflfflnw
312 1292 397 1367 'Nec
434 1300 479 1367 dt!
518 1299 673 1391 privile
700 1300 1049 1370 resumtum-*luxu
1097 1292 1205 1391 dicit,
1242 1306 1487 1399 ruiturumque
1513 1303 1608 1374 canit
1629 1298 1882 1378 Germaniam,
1915 1294 1946 1364 si
1972 1293 2093 1365 audiat

55 1392 196 1497 uspiam
210 1400 271 1469 rel
289 1398 429 1469 literam
449 1400 625 1492 scripsit.¹
648 1398 791 1472 Bellum
814 1415 866 1472 est
880 1390 1050 1472 Luthero
1100 1402 1198 1476 hune
1239 1407 1431 1498 scripturae
1468 1428 1568 1475 sensa
1608 1426 1673 1472 suo
1713 1424 1814 1471 more
1848 1397 2092 1489 explicantem.

57 1526 135 1577 cum
157 1518 271 1595 prava
293 1500 473 1586 doctrina,
506 1526 586 1572 cum
609 1498 729 1592 impiis
750 1504 943 1593 damnatis,
974 1526 1049 1572 non
1100 1504 1204 1598 Agite
1227 1503 1297 1578 hoc
1317 1509 1426 1593 illud,
1456 1506 1654 1602 principes,
1688 1502 1864 1574 sceleratis
1886 1499 2003 1582 dolet,
2034 1519 2093 1567 re-

57 1628 135 1679 cum
162 1602 315 1697 privetis
343 1603 565 1672 mcerdOttlm
592 1603 709 1689 vitiis,
744 1628 833 1697 quae
858 1618 951 1676 certe
973 1628 1047 1673 non
1100 1609 1178 1677 dire
1195 1610 1234 1678 in
1255 1610 1371 1679 lucem
1395 1607 1648 1698 Evangelicam
1670 1605 1883 1685 doctrinam,
1908 1622 1999 1694 quae
2014 1620 2092 1673 cere

57 1706 318 1789 dissimularet,
334 1704 369 1772 si
381 1704 500 1771 ordini
516 1724 643 1795 parurn
658 1728 791 1798 aequus
805 1720 906 1780 esset,
949 1704 1049 1776 Tan·
1101 1723 1176 1780 tum
1197 1709 1343 1780 exitium
1365 1734 1440 1779 non
1462 1709 1615 1800 patriae,
1639 1730 1724 1775 nam
1746 1703 1815 1775 hoc
1835 1702 1924 1774 falso
1942 1700 2094 1791 tingunt,

58 1814 131 1882 tntis
161 1805 298 1877 alicubi
321 1804 540 1896 pontificiam
563 1806 748 1875 avaritiam
772 1821 884 1892 taxat,
921 1830 1048 1899 nempe
1101 1813 1160 1881 sed
1184 1833 1248 1882 suo
1276 1832 1403 1900 regno,
1438 1833 1521 1882 suae
1551 1808 1733 1904 tyrannidi
1759 1806 1929 1878 minatur.
1993 1799 2094 1889 Quid

58 1932 163 2007 qnam
189 1908 232 1976 in
249 1901 534 1977 consilio:·habet·
549 1905 684 1993 Roma,
709 1908 818 1999 impia
840 1909 962 1979 omnia
984 1932 1049 1978 aue
1101 1913 1196 1981 enim
1216 1912 1377 1983 foelicius
1398 1912 1603 2001 contingere
1623 1922 1728 2003 queat
1746 1907 1901 2002 patriae,
1930 1924 2039 1999 quam
2061 1900 2095 1973 si

59 2010 166 2085 deudi
179 2022 217 2079 'et
230 2007 480 2081 constituendi.
517 2003 593 2078 Aut
605 2032 705 2100 nega,
720 2004 955 2100 Evangelium
974 2032 1050 2080 esse
1101 2015 1174 2083 anti
1226 2015 1291 2084 atis
1326 2016 1474 2084 istorum
1506 2011 1757 2083 traditionibus
1779 2010 1824 2079 ad
1847 2002 2093 2096 Evangelium,

59 2104 225 2185 luthero
238 2108 532 2202 praedicandum,
556 2124 618 2180 aut
630 2111 805 2202 permitte,
822 2112 968 2204 impiam
984 2113 1051 2180 do-
1101 2114 1188 2187 adC
1204 2115 1378 2184 iristianas
1393 2115 1536 2184 delicias
1550 2111 1759 2183 revocetur?
1797 2105 1835 2179 Ο
1849 2129 1993 2200 prorsus
2008 2106 2094 2175 bea-

61 2216 209 2287 cuinam
234 2225 269 2281 et
291 2212 535 2280 adversantem
550 2207 692 2282 Christo
713 2214 877 2281 convelli·
927 2210 1051 2305 Nuper
1099 2231 1173 2302 tos,
1212 2217 1242 2285 si
1265 2240 1388 2288 rursus
1413 2218 1474 2284 ille
1500 2214 1605 2283 nobis
1629 2214 1682 2283 sol
1703 2213 1898 2294 illucescat,
1928 2203 2093 2279 Christus

62 2338 215 2387 “mrem
237 2313 281 2383 de
296 2310 457 2401 Lifflfdia
484 2336 546 2382 ⁵²¹¹
571 2315 615 2383 de
629 2312 758 2399 Mitte,
783 2339 891 2407 quam
910 2327 1050 2399 vocant,
1101 2331 1238 2404 noster,
1263 2342 1369 2413 quem
1391 2317 1520 2410 impiae
1537 2310 1724 2384 hominum
1743 2310 1952 2383 traditiones
1970 2304 2093 2379 hacte-

62 2415 241 2487 inffifflvii·
300 2436 391 2507 ‘lua‘
413 2436 469 2482 ”⁶³
491 2414 599 2503 vuige
630 2416 676 2484 ad
704 2418 901 2486 sacerdotes
926 2438 1049 2486 omnes
1100 2444 1169 2491 nus
1186 2444 1298 2489 annos
1314 2422 1425 2489 ferme
1442 2418 1718 2512 quadringentos
1734 2416 1981 2484 obscurarunt.
2023 2402 2092 2478 At-

63 2518 238 2613 pertinere
252 2515 411 2600 videtur,
435 2516 501 2585 ubi
517 2517 605 2584 adeo
627 2539 702 2585 non
721 2531 804 2587 sunt
820 2517 967 2604 offensi,
985 2516 1049 2611 qni
1101 2545 1169 2614 que
1185 2546 1206 2590 o
1221 2521 1379 2606 utinam,
1403 2544 1427 2590 o
1440 2521 1578 2589 utinam
1592 2542 1666 2586 non
1679 2518 1868 2587 frustretur
1883 2524 2011 2583 conatu
2027 2530 2092 2581 suo

65 2620 146 2692 imi
164 2630 267 2702 ΝΜ,
290 2629 334 2687 ui
352 2617 470 2687 ieffltfi
492 2616 564 2686 sini
584 2618 734 2712 aliquot,
758 2622 872 2690 multa
893 2644 968 2689 sese
986 2620 1050 2689 de-
1098 2616 1307 2707 LutheruS,
1332 2622 1395 2716 qui
1409 2622 1515 2714 plane
1532 2644 1604 2688 non
1620 2619 1717 2688 aliud
1733 2618 1847 2700 tardet,
1872 2615 1943 2684 nisi
1958 2612 2003 2683 ad
2017 2623 2093 2681 stu-

66 2724 148 2795 sere-
167 2710 358 2803 Lurlmo,
400 2742 471 2811 quo
503 2733 648 2788 auctore
675 2722 818 2789 tandem
846 2736 1049 2792 sanctorum
1101 2726 1201 2796 dium
1218 2721 1405 2814 Evangelii
1424 2723 1502 2815 pias
1521 2734 1656 2790 mentes
1681 2719 1849 2803 invitare,
1882 2730 1915 2787 et
1939 2709 2006 2784 hos
2031 2734 2094 2783 co-

67 2822 308 2919 nysteriorum
327 2820 483 2890 fructum
503 2836 710 2910 cognossent
723 2820 783 2917 ¹⁴),
810 2836 845 2892 ct
858 2824 1051 2894 reclamant
1100 2841 1205 2897 natus
1226 2850 1307 2896 cum
1328 2827 1495 2894 damnare
1513 2824 1630 2915 palam
1648 2822 1705 2892 isti
1721 2844 1797 2890 non
1818 2818 1952 2902 ausint,
1976 2812 2092 2885 caveri
2198 2834 2202 2843 ¹

67 2948 133 2997 tt⁰¹¹
145 2923 229 3007 niel,
242 2923 306 3014 qui
320 2944 396 2990 ‘⁰¹¹¹
412 2944 545 2991 sacram
561 2923 600 2990 5¹¹
614 2938 759 3015 ‘ittaessill
773 2918 920 3009 behemi
941 2928 1049 2995 adeo·
1100 2930 1236 3013 iulient,
1255 2941 1297 3011 et,
1314 2929 1344 2997 si
1356 2927 1425 2995 diis
1438 2926 1562 3017 placet,
1576 2936 1689 2993 vestra
1703 2946 1823 2992 caussa
1839 2912 2093 3012 illachryman·

67 3050 128 3123 que
142 3026 191 3110 ii,
230 3022 295 3116 qui
322 3046 360 3090 se
383 3036 443 3092 tua
468 3047 554 3092 voce
576 3025 757 3094 declarant
780 3027 872 3094 male
893 3040 1048 3096 metuere
1102 3045 1168 3115 tes,
1197 3054 1243 3098 nc
1262 3030 1362 3098 sallat
1381 3027 1604 3097 enarratione
1621 3024 1874 3115 scripturarum
1887 3010 2090 3089 lutherus.

66 3128 175 3201 ”ssiri
192 3148 272 3198 ⁸¹¹⁰·
321 3121 415 3193 Nam
432 3118 472 3192 hi
487 3138 588 3209 tuni,
608 3126 670 3218 qui
691 3126 829 3215 fingunt
840 3118 1048 3196 lutherum
1100 3128 1136 3201 O
1151 3128 1312 3200 homines
1326 3130 1420 3222 pios,
1445 3129 1579 3221 patriae
1595 3138 1759 3195 amantes.
1811 3121 1883 3193 Sed
1903 3116 1969 3190 hos
1993 3117 2090 3188 iudi·

67 3227 240 3301 adversari
266 3225 386 3295 ordini
415 3227 649 3296 sacerdotum.
707 3222 930 3317 Excogitavit
952 3228 1048 3297 enim
1100 3255 1155 3302 ces
1181 3231 1304 3300 fallere
1330 3231 1394 3324 qui
1422 3229 1558 3323 potest?
1597 3241 1631 3297 et
1657 3223 1859 3294 meminisse
1882 3245 1947 3293 vos
1971 3219 2091 3302 velim,

67 3326 148 3402 hane
163 3326 399 3411 calumniam,
423 3327 610 3419 principes,
636 3328 702 3398 ista
715 3329 908 3421 impiorum
924 3343 957 3400 et
974 3348 1048 3400 sce·-
1097 3333 1292 3426 principes,
1323 3332 1373 3402 ita
1391 3331 1549 3426 proditas
1571 3352 1644 3397 esse
1664 3327 1806 3396 divinas
1828 3325 1965 3407 literas,
1997 3334 2032 3393 et
2048 3332 2091 3391 ut

66 3434 252 3503 itfflfflfflm
270 3427 394 3513 Ῑὸῦῑῖῡ,
428 3429 489 3521 (lui
510 3432 601 3498 mele
624 3443 820 3501 metuentes
842 3433 944 3522 gulae
965 3454 1047 3501 suae
1098 3435 1353 3524 intelligantur.
1403 3432 1517 3503 voluit
1535 3431 1632 3499 enim
1651 3428 1815 3520 cognosci
1835 3424 1994 3497 coelestis
2016 3420 2090 3514 spi·

66 3530 155 3605 lame
186 3529 343 3623 opprimi
371 3530 497 3599 volunt
523 3554 735 3624 quocunque
760 3534 902 3602 eundem
927 3535 1046 3606 modo.
1097 3538 1207 3621 ritus,
1232 3550 1266 3605 et
1282 3549 1323 3604 ut
1340 3535 1411 3604 sint
1433 3533 1580 3603 amussis
1600 3533 1694 3618 vice,
1716 3532 1761 3601 ad
1782 3552 1889 3622 qnam
1910 3525 2089 3616 exigamus
2171 3590 2176 3605 -.

66 3634 198 3707 lnimiei
218 3654 295 3701 non
317 3652 399 3699 sune
414 3621 593 3717 Lutheri,
619 3635 680 3701 sed
700 3624 815 3703 ¹crucis
831 3632 982 3719 Christi,
1005 3648 1048 3705 ut
1098 3638 1220 3708 omnia
1234 3633 1422 3707 hominum
1436 3635 1582 3705 consilia
1599 3646 1634 3703 et
1648 3634 1750 3703 sacta.
1786 3627 1859 3701 Eas
1872 3629 1958 3719 ipsi,
1981 3620 2090 3697 Chri-

64 3734 272 3817 l‘snlusait,
298 3756 450 3824 ‹puomm
472 3734 558 3802 deus
577 3748 701 3803 venter
719 3748 787 3807 cst·
830 3734 922 3806 Nam
943 3749 984 3806 ut
1005 3761 1046 3805 ex
1098 3740 1204 3811 stiani
1219 3740 1314 3808 enim
1331 3738 1429 3823 estis,
1454 3735 1666 3826 cognoscite,
1687 3757 1753 3803 nec
1768 3734 1817 3802 ita
1830 3722 2000 3800 Laidem
2012 3749 2089 3795 cre·

63 3840 176 3911 auimo
202 3826 396 3905 lutherus
423 3835 501 3903 vult
537 3832 801 3905 Ecclesiasticse
836 3837 1045 3933 disciplinae
1098 3841 1189 3926 dite,
1213 3854 1349 3911 utnon
1363 3840 1494 3908 malitis
1514 3838 1706 3928 scripturae
1725 3835 1911 3903 veritatem
1929 3829 2090 3900 cominus

63 3939 276 4019 consultum,
300 3935 349 4003 isa
364 3931 457 4003 nillil
472 3950 544 4005 tam
565 3938 668 4005 anxie
691 3938 915 4027 deprecatur,
939 3962 1046 4031 quam
1097 3942 1339 4033 contemplari,
1390 3964 1481 4033 qliae
1497 3962 1677 4021 unacum,
1703 3933 2089 4031 quodstudiumprae-

61 4043 151 4112 nevi
166 4064 208 4109 ac
224 4038 398 4122 tumultu,
424 4037 534 4105 immo
556 4062 602 4104 nc
620 4038 706 4107 ullis
726 4034 891 4109 humanis
912 4040 1046 4132 praesi-
1096 4044 1239 4136 cipuum
1253 4065 1326 4110 esse
1336 4042 1538 4134 principum
1555 4039 1714 4109 debebat.
1765 4034 1826 4108 Sic
1849 4035 1944 4104 enim
1961 4030 2087 4103 losuae

60 4145 195 4215 diisres
213 4152 380 4209 tentetur.
431 4139 613 4230 suppliciis
626 4134 666 4232 ¹⁵)
692 4164 731 4208 ac
750 4141 843 4209 votis
870 4143 1045 4211 devocan-
1096 4145 1242 4213 mandat
1271 4144 1453 4212 dominus:
1496 4135 1588 4211 Non
1623 4132 1763 4208 recedat
1798 4132 1964 4206 volumen
1992 4125 2087 4225 legis

60 4248 141 4317 dum
175 4241 275 4340 coelo
308 4238 473 4330 spiritum
502 4255 637 4323 censet,
677 4266 748 4333 quo
781 4243 1046 4317 inflammentur
1096 4237 1209 4314 huius
1222 4238 1270 4313 ab
1288 4265 1346 4313 ore
1359 4251 1439 4323 tuo,
1457 4236 1526 4313 sed
1534 4233 1711 4310 meditare
1726 4236 1766 4309 in
1782 4261 1822 4308 eo
1836 4230 1896 4306 die
1910 4254 1955 4305 os
1968 4240 2086 4303 nocta.

60 4344 260 4427 mortalium
290 4340 402 4408 animi
433 4342 478 4409 ad
507 4364 582 4409 rem
602 4338 881 4413 Ecclesiasticam
908 4346 1047 4413 instan-
1094 4344 1168 4415 Nec
1191 4346 1288 4414 aliud
1308 4359 1476 4414 verentur
1496 4342 1650 4427 inimici,
1688 4365 1734 4409 ne
1756 4362 1843 4434 quas
1865 4339 2030 4429 ignorant
2050 4346 2086 4404 et

60 4449 215 4518 caudam·
273 4440 334 4513 Sic
358 4442 453 4510 enim
475 4442 526 4510 ait
546 4443 586 4509 in
608 4442 719 4525 libro,
756 4447 928 4537 quemad
952 4442 1045 4516 Ger·
1095 4460 1327 4519 contemnunt
1349 4445 1432 4538 ipsi,
1462 4467 1525 4513 vos
1549 4445 1740 4537 aliquando
1764 4454 1913 4511 tractare
1934 4437 2087 4529 scriptu·

62 4566 180 4619 manos
211 4564 376 4636 proceres
402 4544 550 4634 scripsit.
603 4540 821 4614 REctTrtr
839 4541 939 4616 rideo
969 4552 1043 4617 non
1094 4572 1152 4619 ras
1165 4548 1359 4640 incipiatis,
1384 4571 1405 4616 a
1427 4546 1555 4642 quibus
1575 4544 1754 4613 neminem
1772 4557 1865 4613 arcet
1883 4537 2087 4633 Apostolus,

63 4664 125 4735 est,
144 4646 242 4743 quod
257 4639 318 4711 hic
334 4643 404 4711 sibi
420 4658 554 4713 metuat
566 4645 673 4728 ordo,
698 4659 836 4715 tamum
850 4649 1045 4721 formidant
1095 4674 1176 4720 cum
1196 4670 1318 4718 omnes
1334 4649 1413 4719 vult
1430 4647 1626 4718 vaticinari.
1675 4644 1770 4716 Falli
1785 4666 1868 4735 ergo
1880 4638 2085 4714 Lutherana

63 4749 207 4821 iamelici
229 4745 395 4838 quidam,
419 4746 481 4837 qni
498 4741 668 4816 hactenus
692 4747 897 4838 imposturis
922 4765 956 4821 et
976 4752 1044 4819 im·
1094 4752 1383 4842 interpretatione
1419 4774 1494 4818 non
1522 4746 1683 4842 potestis,
1720 4745 1751 4816 si
1782 4748 1972 4838 scripturas
2004 4738 2084 4832 ipsi,

63 4853 114 4943 pia
134 4846 298 4923 doctrina
325 4869 401 4913 rem
422 4847 554 4931 iecere,
592 4871 638 4914 ne
662 4870 725 4916 suo
756 4850 825 4919 sibi
851 4852 1042 4944 aliquando
1094 4854 1188 4946 quod
1206 4853 1319 4922 titulis
1337 4851 1461 4921 vestris
1479 4874 1519 4920 ac
1536 4850 1642 4920 sacris
1662 4849 1815 4931 delictis,
1845 4856 2004 4917 accurate
2021 4863 2084 4910 co-

66 4976 155 5025 succo
170 4974 236 5022 ceu
248 4940 401 5016 cochleis
416 4948 610 5016 vivendum
624 4946 685 5032 sit,
710 4965 751 5020 ut
764 4949 922 5021 Plautini
938 4977 1044 5045 para·
1093 4954 1296 5045 gnovcritis.
1360 4952 1491 5023 Salutis
1514 4951 1710 5044 periculum
1729 4951 1912 5029 minantur
1934 4940 2083 5023 inimici,
2135 4938 2141 4947 ’
2195 5024 2198 5029 Ι

67 5053 115 5123 siti
125 5053 244 5125 verbis
257 5061 349 5120 utar.
400 5043 544 5139 Opinor
558 5050 754 5140 intelligere
769 5076 841 5138 ros,
854 5055 1042 5148 principes,
1093 5057 1123 5124 si
1139 5046 1347 5124 botherum
1370 5054 1531 5125 audiatis.
1582 5050 1697 5121 Immo
1719 5075 1804 5119 vero
1825 5046 2000 5142 desolate
2019 5063 2082 5110 ve-

1092 5172 1162 5226 stra
1184 5171 1302 5227 actum
1320 5170 1390 5241 est,
1413 5155 1484 5223 nisi
1502 5150 1609 5223 huius
1624 5175 1764 5223 caussae
1785 5149 1918 5219 iudices
1940 5143 2082 5216 divinas

109 5302 150 5369 ts)
167 5299 346 5369 cognossent]
362 5294 496 5367 M.opp.:
517 5270 691 5367 cognoram,
1092 5259 1211 5327 literas
1233 5258 1404 5343 feceritis,
1433 5280 1524 5349 quae
1545 5268 1586 5325 ut
1606 5267 1736 5323 certam
1762 5250 1868 5321 nobis
1894 5244 2081 5319 victoriam

109 5374 139 5439 ti
164 5376 318 5455 supptices]
334 5378 376 5449 Μ.
390 5396 469 5450 oppa
488 5380 737 5451 supplicationibus.
1091 5361 1314 5453 promittunt,
1338 5359 1387 5430 ita
1402 5358 1431 5426 si
1448 5355 1661 5436 damnarint,
1686 5352 1859 5423 iudicium
1873 5348 1969 5421 enim
1984 5345 2081 5440 apud
2133 5388 2144 5407 ι

71 5217 319 5241 w
