4500 5782
123 219 234 299 soce
714 210 1160 301 urrsrotannn
1194 210 1301 286 mn.
1331 210 1378 290 11.
1432 209 1563 289 1521.
2079 216 2152 310 sos

120 389 220 461 taliet
245 389 340 464 iuxta
369 386 531 457 inimicos
551 376 806 479 'ailqoe'amicos
826 386 946 476 diligi,
969 410 1016 455 ne
1031 410 1112 456 cum
1161 387 1321 457 ctoritate
1340 386 1451 475 ligant
1472 407 1513 455 ac
1532 384 1684 474 religant
1705 408 1770 476 pro
1792 385 1943 455 libidine
1966 386 2053 455 sua?
2103 380 2153 457 Et

121 490 229 558 fratre
250 488 382 557 iudicio
402 490 593 558 contendat
613 490 738 573 frater,
770 501 811 557 ut
835 489 1046 576 elargiamur
1069 489 1109 557 in
1161 489 1238 558 fieri
1264 511 1339 556 non
1365 499 1496 577 potest,
1537 487 1627 579 quin
1658 487 1802 556 mutatis
1828 488 1965 575 legibus
1999 499 2034 554 et
2061 486 2152 555 ritus

122 590 264 683 quosvis
280 603 417 679 egentes
433 590 630 681 pecuniam.
655 602 696 658 ut
709 602 832 658 mutuo
850 581 989 673 demus,
1011 590 1111 658 nulla
1160 586 1394 659 Ecclesiastici
1414 602 1608 672 noventur,
1635 588 1722 682 quin
1747 613 1766 657 a
1787 589 1916 678 pietate
1935 590 1982 656 ad
2001 588 2153 657 cerimo-

20 747 23 767 .
123 714 184 782 spe
192 692 451 782 recuperandae
461 690 576 774 sortis,
588 687 639 759 Br
666 692 761 776 niter,
775 690 1112 783 utquaenobistieri
1160 692 1248 774 nias,
1274 715 1293 758 a
1312 691 1519 759 ceremoniis
1534 691 1578 758 ad
1593 688 1874 780 superstitiosum
1892 690 2162 780 cultnm3eaturn

121 792 647 876 volumus,eademsaciamusal
667 798 700 862 5³».
718 791 1112 880 Quaecumistinegent
1161 794 1224 886 qui
1246 792 1310 860 ubi
1332 791 1537 878 mortalium
1561 791 1706 859 animos·
1720 791 1916 881 occuparit,
1942 791 2014 858 iam
2034 792 2079 859 dc
2098 813 2159 858 sas·

122 894 317 962 necessario
335 892 413 963 fieri
427 894 564 977 debere,
580 893 737 984 primam
752 893 932 986 antiquata
945 900 995 963 est
1004 889 1112 962 Chri·
1162 894 1229 962 cris
1244 907 1360 962 actum
1376 905 1437 960 est.
1488 890 1569 960 Non
1587 893 1735 961 obscure
1746 904 1832 982 puto
1850 892 2018 980 intelligi,
2042 915 2150 983 quam

121 990 404 1079 stianacharitas,
412 995 592 1087 antiquata
601 995 811 1064 suntomnia
820 990 1113 1065 humanitatisoi-
1161 1019 1235 1063 non
1261 993 1448 1063 conveniat
1467 986 1644 1063 humanae
1667 993 1800 1062 rationi
1825 1006 1886 1061 aut
1904 988 2150 1084 philosophiae
2169 1024 2193 1067 ,-

63 1123 66 1128 ·
120 1095 211 1178 ficia,
221 1096 349 1163 deinde
360 1096 493 1184 iurgiis,
506 1095 641 1179 litibus,
652 1097 827 1180 caedibus,
839 1096 978 1166 foenori
989 1110 1023 1165 et
1032 1094 1112 1189 qui·
1162 1121 1240 1169 cum
1257 1095 1394 1181 legibus
1411 1094 1553 1163 divinis.
1603 1094 1677 1164 Lex
1692 1094 1814 1162 divina
1836 1094 1937 1183 diligi
1958 1094 2058 1163 iubet
2080 1093 2150 1160 ini-

121 1196 187 1265 bus
204 1220 278 1264 non
295 1197 397 1264 malis
414 1197 471 1265 via
493 1197 583 1265 facta
604 1197 678 1266 est?
722 1195 763 1264 ’fl
790 1220 868 1265 rum
892 1197 1001 1288 impia
1024 1199 1112 1264 deu·
1160 1197 1303 1280 micos,·
1318 1196 1408 1266 ratio
1429 1194 1561 1280 odisse,
1587 1219 1694 1290 quam
1719 1209 1856 1263 secutae
1875 1191 2015 1263 scholae
2037 1195 2148 1283 legem

109 1297 229 1374 ,torosi
252 1297 352 1387 pium
375 1312 425 1367 est
448 1297 569 1381 irasci,
596 1295 728 1367 iudicio
754 1323 794 1367 cc·
809 1300 982 1393 rjtendere,
1008 1297 1112 1366 belli·
1160 1299 1320 1366 divinam
1336 1298 1561 1384 abrogarunt.
1589 1295 1677 1366 Lex
1693 1295 1814 1364 divina
1830 1296 1929 1365 iubet
1940 1298 1983 1364 de
1998 1296 2148 1388 quibus-

102 1388 106 1404 '
120 1399 245 1489 gerari,
257 1399 450 1483 foenerare,
463 1421 590 1488 negare
607 1399 722 1487 egenti
737 1401 804 1468 ber
814 1401 957 1471 isicium.
988 1397 1111 1491 Neque
1160 1399 1213 1466 ris
1228 1401 1317 1467 bene
1332 1399 1541 1466 merendum
1557 1420 1647 1482 esse,
1668 1395 1776 1468 Ratio
1792 1409 1897 1486 negat
1910 1398 2001 1465 bene
2017 1397 2148 1466 iacien—
2172 1444 2176 1461 .

120 1508 206 1569 nero
227 1499 348 1568 omnia
366 1493 424 1568 hic
445 1501 598 1589 attingo,
620 1501 685 1568 sed
699 1513 837 1570 tantum
853 1524 1043 1591 paucarum
1060 1500 1112 1566 le-
1161 1502 1246 1568 dnm
1262 1500 1331 1568 nisi
1346 1500 1407 1583 iis,
1433 1499 1494 1590 qui
1514 1500 1629 1567 officio
1647 1511 1875 1588 compensent
1891 1497 2060 1570 officium.
2111 1509 2148 1566 ut

122 1622 205 1689 gum
223 1601 348 1691 capita,
372 1601 534 1693 equibus
549 1603 775 1689 cognoscatis,
800 1627 906 1694 quam
921 1625 995 1671 non
1005 1595 1113 1671 Chri·
1160 1600 1337 1670 Hesiodus
1352 1599 1523 1691 praecipit
1539 1595 1604 1670 κὰὶ
1627 1591 1756 1692 δόμεν,
1780 1595 1891 1669 dassen
1911 1593 1987 1683 dai,
2014 1593 2076 1668 καὶ
2097 1592 2147 1690 μὴ

7 1784 13 1797 „
122 1701 253 1785 stiam,
278 1701 409 1770 deinde
431 1715 465 1770 et
482 1726 589 1795 quam
604 1702 798 1792 perniciosa
813 1705 858 1773 sit
874 1704 1023 1770 istorum
1039 1715 1111 1770 tra-
1159 1695 1287 1795 δόμεν,
1308 1696 1417 1772 ὅσκεν
1433 1695 1485 1792 μὴ
1503 1694 1569 1772 ta.
1622 1700 1713 1772 Sunt
1728 1699 1838 1768 animi
1857 1715 1974 1769 motus
1991 1700 2147 1791 quidam·

121 1801 229 1885 ditio,
280 1826 369 1895 quae
394 1797 576 1894 nephariis
597 1803 768 1892 flagitiis,
788 1803 944 1887 foenori,
977 1802 1117 1887 litibus,
1160 1805 1290 1896 quibus
1306 1802 1375 1870 sibi
1396 1803 1454 1868 vel
1478 1801 1629 1869 maxime
1650 1802 1764 1892 placet
1785 1800 1893 1884 ratio,
1918 1803 2039 1893 quales
2055 1802 2147 1884 sunt,
2191 1844 2193 1851 ·

120 1902 223 1973 bellis
259 1916 382 1972 auctor
410 1917 472 1973 est.
544 1901 641 1993 Quid
669 1904 699 1971 si
723 1904 888 1973 sublimia
907 1904 973 1972 illa
1002 1903 1109 1972 attin·
1160 1905 1290 1999 quibus
1329 1905 1374 1972 ad
1422 1901 1571 1990 gloriam
1610 1916 1671 1970 aut
1705 1903 1866 1970 fallacem
1898 1902 1996 1969 illam
2037 1899 2147 1970 animi
2191 1926 2193 1989 ζ

120 2026 200 2094 gam
223 2004 267 2072 de
285 2005 445 2073 absoluto
467 2027 507 2073 ac
527 2004 681 2094 verepio
701 2005 759 2072 dei
780 2006 895 2090 cultu,
921 2005 965 2072 de
980 2003 1110 2072 sancti·
1160 2004 1471 2097 tranquillitatem,
1498 2027 1604 2095 quam
1621 2001 1844 2072 Democritus
1861 1998 2064 2095 εὐδυμιάν,
2086 2001 2146 2071 alii

120 2104 259 2174 licando
283 2105 407 2174 divino
433 2105 594 2189 nomine,
635 2106 678 2174 de
704 2105 867 2189 sabbato,
904 2128 991 2197 quas
1018 2104 1111 2192 leges
1161 2099 1393 2203 ἀναλγησίαν
1414 2117 1602 2189 vocarunt,
1627 2106 1750 2178 fertur.
1802 2099 1851 2173 At
1873 2106 1978 2196 quale
2001 2102 2145 2173 sumtis

121 2206 179 2276 isti
215 2207 319 2297 plane
353 2207 399 2274 ad
428 2205 600 2274 scenicam
629 2193 807 2297 quafflam
836 2200 1042 2300 hypocrisin
1075 2216 1111 2273 et
1159 2207 1301 2276 divinae
1323 2205 1392 2295 legi
1414 2204 1549 2274 bellum
1571 2205 1645 2274 est?
1682 2229 1771 2299 quae
1794 2228 1969 2296 nusquam
1990 2228 2066 2273 non
2091 2226 2146 2272 ac-

122 2307 245 2376 stultas
261 2306 470 2375 cerimonias
484 2307 658 2390 referunt,
680 2319 718 2375 ut
735 2305 942 2377 aludaismo
958 2328 1137 2419 nequeas-q
1160 2322 1257 2377 cusat
1271 2301 1364 2376 hanc
1380 2301 1555 2400 humanae
1570 2319 1715 2377 naturae
1732 2305 2016 2397 improbitatem?
2051 2302 2145 2393 Quid
2171 2388 2174 2393 .

120 2403 432 2478 Christianismum
450 2406 659 2478 discerncre.
699 2403 758 2474 Ea
774 2408 875 2477 vobis
888 2408 974 2497 legis
988 2394 1126 2487 docto-,⁸
1159 2411 1270 2491 multa
1284 2431 1539 2492 commemoro,
1564 2432 1645 2476 cum
1659 2409 1775 2499 palam
1795 2408 1936 2476 damnet
1956 2402 2145 2477 humanam

121 2529 194 2591 res,
220 2509 283 2601 qui
297 2532 338 2577 ex
354 2507 547 2600 praeceptis
563 2507 709 2577 consilia
721 2508 850 2594 secere,
870 2509 908 2576 id
924 2510 1021 2601 quod
1036 2531 1111 2576 ma·
1159 2511 1333 2580 rationem
1354 2509 1516 2578 divinum
1538 2509 1732 2581 oraculum.
1783 2507 1843 2579 Sic
1862 2509 1957 2577 enim
1978 2507 2044 2576 ait:
2068 2498 2145 2577 La·

122 2609 284 2678 nitestius
303 2623 371 2692 est,
397 2633 504 2701 quam
519 2621 558 2678 ut
575 2608 696 2698 negari
711 2609 832 2698 possit.
880 2605 929 2679 Et
950 2610 990 2678 ni
1009 2633 1112 2678 vere-
1186 2632 1265 2679 nere
1273 2604 1377 2700 filiis
1389 2605 1530 2694 Israel,
1555 2617 1587 2677 et
1603 2603 1718 2695 dices,
1742 2617 1781 2677 nt
1825 2603 2145 2700 aceantsibifim·

121 2733 196 2794 rer,
227 2733 273 2778 ne
296 2709 397 2778 vobis
418 2709 606 2778 molestum
624 2723 714 2779 esset
733 2710 856 2779 audire
877 2709 1003 2801 impias
1025 2711 1111 2779 isto·
1131 2647 1139 2808 i
1160 2634 1264 2781 hias
1282 2733 1348 2807 per
1369 2707 1531 2804 angulos
1555 2720 1715 2806 quatuor
1731 2734 1784 2806 pa
1803 2708 1956 2791 tiorum,
1975 2717 2145 2807 ponentes

122 2835 202 2881 rrrm
229 2811 435 2896 sententias,
469 2832 779 2882 commemorarem
800 2811 954 2900 integras
979 2807 1044 2880 hac
1068 2811 1111 2879 de
1135 2804 1142 2829 ⁴
1161 2811 1201 2881 in
1217 2811 1270 2882 eis
1285 2810 1397 2881 vittas
1415 2805 1697 2906 hyacinthinas.
1747 2805 1954 2906 Quasnam
1979 2806 2144 2892 viderant.

105 2937 160 2981 ⁴re
176 2913 442 3004 disputationes.
494 2911 563 2982 Sed
580 2912 619 2980 in
633 2925 798 3003 promptu
812 2909 879 2998 est,
905 2934 1111 3001 cognoscere
1162 2908 1391 2984 recordentur
1425 2912 1588 2983 omnium
1618 2907 1880 2984 mandatorum
1908 2909 2072 2999 domini,
2104 2933 2144 2981 ne

122 3015 310 3084 secundam
329 3007 518 3107 Aquinatis
538 3009 718 3097 Thomas,
745 3014 807 3106 qui
829 3015 956 3105 impiae
979 3013 1107 3084 doctri-
1160 3025 1362 3114 sequantur
1386 3015 1623 3109 cogitationes
1651 3041 1742 3086 snas
1781 3024 1814 3084 et
1843 3011 1966 3085 oculos
1997 3037 2064 3112 per
2093 3033 2144 3083 res

16 3177 24 3191 ,
121 3139 186 3184 nae
214 3115 465 3203 antesignanus
484 3128 545 3186 est.
594 3114 704 3199 Nolo,
733 3109 791 3184 hic
810 3110 901 3183 mihi
920 3115 1112 3184 sanctitatis
1162 3117 1286 3188 carias
1298 3115 1542 3216 fornicantes,
1569 3115 1644 3187 lam
1659 3119 1757 3212 quid,
1774 3141 1915 3211 quaeso,
1929 3119 2046 3186 fuerat
2061 3136 2146 3208 opus

121 3241 252 3286 nomen
269 3218 379 3300 obsit,
404 3218 500 3309 quod
520 3240 591 3309 quo
607 3216 684 3285 iure
699 3216 754 3284 illi
768 3215 960 3286 tribuerint
975 3212 1111 3286 Roma·
1161 3220 1292 3289 divinis
1308 3222 1462 3310 legibus,
1487 3221 1516 3288 si
1535 3220 1656 3287 eadem
1680 3221 1770 3290 ratio
1794 3218 1965 3288 docebat?
2001 3216 2070 3288 sin
2092 3215 2145 3285 di·-

16 3376 21 3381 .
121 3317 160 3386 ui
178 3317 377 3408 pontifices,
402 3317 472 3408 ipsi
487 3317 652 3387 viderint.
702 3311 821 3409 Atque
833 3313 947 3399 hunc,
970 3341 1110 3410 quaeso,
1161 3346 1276 3406 versa,
1318 3347 1381 3391 cur
1413 3321 1648 3390 admiscuistis
1673 3318 1913 3408 Theologiae?
1953 3343 2019 3387 cur
2052 3316 2146 3388 falsis

121 3422 165 3489 de
192 3416 428 3511 Eleemosyna
459 3419 662 3510 loquentem
694 3419 828 3488 audite:
871 3413 961 3488 Non
992 3415 1112 3486 omnis
1160 3447 1242 3491 vera
1266 3423 1442 3490 diluistis?
1482 3445 1546 3491 cur
1571 3421 1742 3490 adivinis
1767 3420 1922 3509 legibus,
1958 3440 2048 3512 quas
2071 3440 2146 3489 coe·

120 3517 316 3590 necessitas
336 3514 480 3613 obligat
495 3513 551 3585 ad
565 3524 812 3614 praeceptum,
837 3512 904 3587 sed
925 3514 996 3585 itta
1017 3514 1111 3602 sola,
1160 3522 1256 3592 lestis
1279 3524 1422 3612 spiritus
1455 3537 1490 3592 et
1513 3522 1663 3590 vestium
1687 3522 1836 3590 fimbriis
1857 3534 1891 3590 et
1918 3521 2064 3589 aedium
2088 3542 2146 3588 ve-

120 3619 199 3692 sine
215 3644 290 3720 qna
307 3620 358 3708 is,
410 3617 452 3689 ni
465 3617 707 3688 necessitatem
725 3617 887 3716 patitur,
911 3615 1115 3687 sustentari
1161 3622 1300 3691 stibulis
1326 3623 1511 3713 inscriptas
1542 3623 1580 3690 in
1603 3622 1714 3692 oculis
1746 3622 1908 3714 interque
1936 3644 2066 3690 mantas
2085 3614 2148 3688 ba-

120 3746 195 3793 non
207 3733 333 3816 potest.
394 3716 614 3791 nillocnim
630 3715 849 3788 casulanum
866 3714 993 3804 habet,
1015 3714 1116 3816 qnod
1161 3725 1236 3792 beri
1266 3723 1394 3808 voluit,
1427 3719 1667 3793 adhumanas
1697 3723 1906 3794 traditiones
1934 3721 2147 3813 simplicium

121 3819 339 3913 Ambrosius
355 3818 461 3908 dicit,
486 3815 602 3894 Pasce
609 3820 719 3918 same
732 3819 960 3900 morientem,
986 3817 1023 3887 si
1038 3843 1112 3888 non
1161 3838 1295 3894 mentes
1313 3824 1507 3894 avocastis?
1537 3823 1634 3913 Quid
1656 3819 1782 3908 adhue,
1802 3823 1992 3915 principes,
2010 3822 2149 3891 dubite-

119 3923 286 4023 pm’m'ss
313 3921 488 3996 Occidisti·
539 3918 605 3994 5¹⁰⁶
621 3944 707 4015 ⁶73⁰
724 3917 1112 4014 dvrtEleemosynam
1163 3927 1220 4010 tis,
1240 3921 1416 3993 humanae
1435 3924 1576 4010 rationi,
1601 3921 1856 4016 philosophiae,
1882 3919 2014 3992 scholis
2031 3917 2150 3992 Then-

122 4022 167 4096 de
181 4025 363 4124 superfluo
375 4035 429 4121 'est
450 4025 490 4094 in
510 4031 718 4122 praecepto,
745 4031 777 4092 et
792 4020 881 4092 dare
899 4018 1114 4116 Eleemosy·
1161 4029 1322 4116 logorum
1339 4027 1448 4096 tribui
1466 4041 1637 4119 quantum
1658 4026 1802 4111 debeat,
1834 4025 1963 4119 quibus
1983 4027 2075 4094 adeo
2096 4022 2148 4091 ni-

124 4152 212 4197 nam
229 4126 272 4213 ei,
292 4125 360 4224 peti
372 4137 423 4198 est
437 4126 477 4196 in
493 4135 657 4197 extrema
674 4123 892 4209 necessitate,
906 4122 1009 4218 alias
1024 4117 1114 4193 dare
1162 4124 1215 4196 hil
1229 4151 1310 4198 cum
1324 4123 1467 4197 Christo
1483 4127 1667 4211 convenit,
1692 4141 1733 4196 ut
1742 4129 1831 4202 ,solis
1845 4148 1973 4214 magna
1992 4149 2033 4194 ex
2054 4135 2148 4217 parte

125 4225 393 4323 Eleemosynas
407 4238 458 4298 est
474 4227 513 4296 in
536 4225 702 4301 consitio.
752 4224 932 4320 Hactenus
946 4221 1114 4295 Thomas.
1162 4227 1292 4299 horum
1323 4242 1522 4319 temporum
1552 4229 1783 4297 calamitatem
1814 4225 2032 4297 debeamus?
2099 4222 2151 4295 De

125 4327 301 4416 Audistis,
323 4332 511 4400 consilium
525 4353 610 4414 esse,
632 4354 706 4399 non
723 4341 968 4421 praeceptum,
994 4326 1114 4396 iuvare
1164 4331 1296 4422 peccati
1311 4353 1395 4399 vero
1410 4330 1547 4398 ratione
1566 4331 1652 4399 adeo
1678 4351 1752 4398 non
1776 4327 1941 4398 convenit
1954 4323 2151 4418 Evangelio

126 4445 300 4520 egentem,
333 4432 405 4501 nisi
436 4455 516 4501 cum
547 4432 707 4499 animum
732 4430 973 4500 intendentes
1003 4440 1114 4514 tenet;
1164 4456 1245 4502 cum
1266 4426 1517 4523 philosophia,
1548 4444 1590 4501 ut
1608 4430 1803 4501 teterrimas
1827 4430 1900 4497 iere
1923 4441 2038 4519 pestes
2058 4426 2151 4519 opti-

126 4531 256 4602 similia
276 4533 480 4602 scribuntur
495 4534 540 4600 de
559 4531 725 4601 vindiciis
746 4545 781 4601 et
802 4529 882 4601 aliis
905 4525 972 4598 hoc
994 4552 1115 4618 genus.
1164 4556 1302 4601 marum
1322 4531 1495 4602 virtutum
1517 4532 1595 4602 loco
1617 4545 1778 4600 numeret
1798 4523 2046 4620 philosophia.-
2088 4525 2152 4598 Di-

127 4629 187 4705 Aa
208 4626 322 4700 adhuc
345 4632 548 4701 dubitamus
573 4632 766 4701 exclamare
789 4652 869 4702 cum
884 4626 1006 4699 Esaia:
1040 4625 1116 4698 Sa·
1165 4633 1269 4701 vinae
1287 4631 1410 4702 literae
1426 4633 1586 4701 vitiosam
1602 4656 1681 4701 esse·
1697 4644 1841 4723 censent
1861 4629 1974 4721 ipsam
1992 4624 2154 4697 bominis

129 4726 251 4802 cardos
267 4739 298 4799 et
311 4724 491 4828 propheta
510 4731 711 4801 nescierant
728 4754 819 4828 prae
836 4729 1023 4815 ebrietate,
1048 4726 1117 4798 ab·
1164 4747 1339 4806 naturam.
1389 4728 1599 4824 Philosophi
1615 4747 1649 4802 et
1665 4727 1794 4801 horum
1815 4743 2021 4817 sectatores,
2048 4723 2155 4797 seho-

128 4830 246 4930 sorpti
258 4841 344 4901 sunt
360 4831 462 4919 aino,
487 4841 697 4902 erraverant
714 4831 755 4902 in
770 4831 957 4915 ebrietate,
981 4829 1117 4900 nescie-
1165 4834 1297 4918 lastici,
1328 4848 1475 4923 negant,
1513 4835 1708 4927 quidquam
1728 4854 1828 4924 posse
1857 4830 2049 4899 absurdius
2070 4852 2156 4905 oon-

131 4943 216 5005 rant
246 4932 434 5019 visionem,
472 4931 732 5027 ignoramrnnt
759 4932 953 5017 indicium,
991 4951 1118 5002 'omnes
1166 4935 1261 5024 tingi.
1320 4931 1473 5004 Divinae
1509 4935 1630 5004 literae
1673 4932 1816 5027 quosvis
1850 4930 2156 5022 concupiscentiae

130 5059 275 5106 mensae
298 5032 452 5133 repletae
473 5043 559 5104 sunt
582 5031 921 5122 comita-sordium,
957 5029 1027 5104 itae
1054 5038 1117 5115 est,
1167 5037 1323 5105 adfectus
1340 5037 1522 5108 damnant.
1579 5036 1670 5106 Hia
1697 5027 1917 5124 philosophis
1939 5055 1979 5101 ac
2000 5032 2157 5129 pseudo-

131 5130 363 5215 scholasticis
383 5132 578 5230 dogmatis.
628 5135 772 5207 Vestras
790 5140 900 5229 leges,
930 5137 1117 5228 principes,
1166 5133 1339 5225 theologis
1361 5161 1488 5226 magna
1511 5159 1551 5204 ex
1573 5135 1730 5230 partein
1753 5134 1879 5204 mediis
1898 5132 2007 5202 rebus
2027 5154 2156 5203 nume

133 5239 280 5327 capitale
297 5239 506 5310 estviolarc.
558 5233 703 5323 Quanto
722 5241 842 5308 minus
862 5239 1001 5308 serendi
1022 5251 1117 5324 sunt,
1166 5252 1309 5319 reantur,
1335 5233 1403 5307 hoc
1422 5252 1473 5307 est
1493 5238 1529 5305 in
1552 5237 1614 5324 iis,
1640 5261 1729 5331 quae
1746 5260 1809 5304 nec
1828 5233 1989 5318 virtutis,
2013 5257 2082 5304 nec
2100 5232 2158 5301 vi-

134 5338 196 5433 qui
219 5339 358 5408 divinas
377 5340 469 5428 leges
490 5338 650 5429 publica,
685 5355 725 5410 ut
743 5342 856 5411 videri
879 5340 1021 5425 volunt,
1054 5365 1119 5411 au·
1166 5339 1209 5412 tii
1229 5361 1360 5409 nomen
1375 5354 1567 5415 merentur.
1616 5338 1861 5430 Porro'palam
1879 5334 2072 5435 obsculos
2091 5358 2188 5427 pom
