4500 5782
91 202 174 305 'm

93 518 205 591 pore,
230 517 313 566 cum
330 494 369 563 iu
388 493 581 584 perniciem
604 493 790 563 literarum
814 515 926 583 paene
950 489 1091 581 conspi-

94 618 195 669 rasse
217 589 466 687 chalcographi
482 594 669 675 videntur,
701 618 776 663 non
800 592 989 663 mediocris
1011 615 1091 681 gra-

95 698 149 771 tta
166 698 318 771 debetur
337 696 401 782 iis,
433 696 496 790 qui
518 696 694 767 nonnullo
716 696 767 767 rei
789 694 975 764 familiaris
995 692 1091 784 peri-

95 800 179 877 culo
191 799 233 869 in
241 798 420 871 veteribus
429 799 633 869 auctoribus
645 797 938 894 transscribendis
955 807 1091 865 sumtus

94 900 251 985 iaciunt.
309 898 445 971 Passim
474 900 572 969 euim
595 900 697 969 novis
721 914 754 969 et
776 900 921 969 insulsis
949 897 1091 981 libellis,

94 1024 228 1095 magno
248 1023 398 1073 numera
419 1002 578 1095 quotidie
600 1001 878 1093 prodeuntibus,
910 999 1090 1069 luculenta

95 1118 261 1183 ueterum
289 1103 418 1195 scripta
446 1104 711 1195 opprimuntur.
778 1100 890 1185 Porro
915 1101 972 1170 vix
996 1101 1092 1170 ullus

97 1206 193 1277 liber
208 1219 280 1290 est,
306 1228 411 1299 quem
426 1204 574 1296 perinde
590 1207 749 1275 omnium
767 1204 933 1274 manibus
950 1203 1020 1293 tegi
1035 1225 1091 1270 re-

97 1307 211 1395 ferat,
248 1319 354 1399 atque
376 1302 440 1376 has
463 1307 674 1379 comoedias.
732 1305 825 1375 Nam
846 1316 1091 1398 praeterquam

98 1410 198 1505 quod
225 1402 475 1479 honestissima
498 1408 658 1479 civilium
687 1430 827 1476 morum
852 1406 1008 1497 exempla
1034 1400 1093 1473 hic

97 1523 373 1605 proponuntur,
418 1512 462 1579 ad
492 1512 687 1601 parandam
719 1509 860 1578 dicendi
891 1509 1092 1578 facultatem

99 1612 251 1689 mirifice
268 1613 483 1683 conducunt.
534 1608 656 1681 Vincit
672 1611 768 1680 enirn
790 1610 1001 1702 proprietate
1020 1631 1094 1676 ser-

99 1714 221 1785 monis
236 1712 339 1784 lacile
355 1737 478 1783 omnes
494 1710 700 1797 Terentius,
725 1736 814 1805 quae
831 1713 942 1781 virtus
959 1711 999 1780 in
1013 1717 1094 1779 orass

99 1816 202 1893 tione
223 1815 310 1885 citra
332 1814 607 1885 controversiam
628 1814 743 1905 prima
767 1827 828 1888 est.
891 1809 1031 1882 Deinde
1054 1833 1093 1878 ea

100 1918 143 1989 in
165 1919 375 2010 exponendo
398 1940 438 1986 ac
468 1918 667 1985 enarrando
693 1916 810 2007 copia,
846 1939 886 1984 ea
909 1913 1093 2006 dispositio

100 2032 412 2110 argumentorum,
438 2043 477 2088 ea
499 2018 538 2087 in
562 2017 745 2087 sententiis
766 2042 806 2086 ac
825 2017 958 2087 salibus
980 2039 1095 2084 venu-

101 2134 174 2193 stas
198 2133 251 2191 est
274 2143 439 2212 prorsus,
477 2132 519 2189 ut
541 2120 728 2211 perfectius
753 2143 798 2189 ne
828 2119 973 2212 quidem
1001 2117 1096 2209 ipsas

99 2217 285 2307 Athenas,
327 2246 415 2315 quas
444 2221 484 2290 in
517 2216 585 2291 hoc
614 2244 741 2312 genere
774 2243 936 2311 regnasse
965 2221 1096 2302 serunt,

100 2324 297 2421 quicquam
317 2325 431 2393 tacere
453 2324 609 2415 potuisse
638 2325 788 2393 credam.
854 2321 974 2411 Quare
999 2315 1096 2390 hune

89 2438 286 2499 ‚auctorem
303 2425 492 2496 edentibus
509 2450 585 2495 non
600 2425 750 2495 invitam
764 2449 906 2516 operam
922 2423 1095 2494 dedimus.

101 2524 207 2618 Quid
220 2526 515 2619 praestiterimus,
538 2527 750 2599 indicabunt
765 2526 943 2617 exempla,
968 2525 999 2594 si
1015 2544 1096 2593 cum

101 2629 188 2701 aliis
209 2630 450 2702 conferantur.
508 2628 613 2699 Facta
634 2642 686 2698 est
708 2630 807 2721 copia
831 2628 938 2698 nobis
959 2626 1097 2695 Teren-

103 2729 198 2829 tironi
220 2731 367 2815 codicis,
399 2730 462 2824 qui
483 2731 671 2800 videbatur
692 2731 879 2815 vetustior,
910 2731 970 2799 sed
997 2739 1097 2796 erant

101 2831 205 2909 iuxta
221 2832 450 2924 proverbium
468 2829 657 2927 ἄνθρακες
673 2827 694 2906 ὅ
717 2823 921 2926 θησαυρός.
974 2827 1096 2922 ltaque

103 2958 175 3007 nos
194 2957 270 3005 non
290 2957 503 3024 magnopere
529 2934 678 3010 adiuvit.
743 2931 889 3007 Utinam
915 2947 1031 3004 autem
1050 2929 1097 3000 li-

102 3036 190 3111 best
211 3034 272 3123 iis,
297 3060 387 3129 quos
407 3037 514 3106 audio
544 3037 608 3105 diu
631 3036 701 3104 iam
730 3036 851 3104 moliri
879 3032 1097 3103 emendatio·

104 3160 211 3224 nem,
235 3139 378 3235 taudem
393 3138 590 3231 aliquando*
606 3137 811 3207 nitidiorem
827 3135 1036 3207 Terentium
1058 3134 1097 3202 in

104 3239 333 3334 proscenium
357 3241 561 3331 producere.
628 3237 749 3332 Neque
776 3239 873 3307 enim
893 3238 963 3307 alio
988 3237 1096 3306 hene·

104 3339 188 3427 ficio
205 3340 375 3417 maiorem
391 3342 538 3442 gratiam
554 3342 648 3432 apud
665 3340 841 3411 studiosos
864 3362 987 3408 omnes
1007 3339 1098 3407 inire

106 3443 307 3537 quidquam
325 3442 446 3533 possit.
496 3439 559 3512 Me
578 3467 663 3511 vero
679 3466 753 3510 nou
776 3440 971 3533 poenitebit
992 3435 1098 3509 huius

106 3567 255 3637 operae,
280 3544 386 3637 siqui
402 3568 458 3614 me
479 3548 620 3615 auctore
644 3546 754 3634 magis
770 3545 942 3615 amabunt
960 3541 1098 3611 Tereu-

104 3646 211 3721 tium.
273 3637 579 3740 Chrysostomum
600 3646 720 3717 serunt
740 3660 922 3736 tantopere
946 3645 1099 3713 delecta-

106 3760 188 3821 tum
202 3770 276 3816 esse
291 3740 556 3842 Aristophanis
570 3748 735 3834 lectione,
759 3760 800 3819 ut
815 3770 953 3837 semper
968 3746 1007 3813 iu
1023 3769 1099 3814 ma-

106 3849 217 3919 nibus
230 3843 393 3929 haberet,
419 3851 603 3919 dormiens
617 3850 723 3919 etiam
737 3874 801 3940 pro
818 3848 966 3941 pulvino
981 3860 1099 3917 utere-

106 3966 179 4023 tur.
236 3949 309 4022 Nec
329 3950 481 4021 dubium
500 3965 572 4036 est,
596 3951 686 4045 quin
709 3952 855 4021 alendae
878 3949 1098 4042 locupletan-

107 4052 247 4146 daeque
261 4050 447 4123 facundiae
463 4077 565 4122 eausa
579 4067 649 4123 tam
664 4053 787 4123 sedulo
805 4051 940 4142 legerit.
974 4048 1100 4141 Quan-

107 4167 151 4228 to,
170 4154 285 4245 pluris
308 4152 499 4224 Terentius
525 4154 602 4224 fieri
623 4168 796 4240 meretur,
826 4154 927 4224 cuius
947 4152 1100 4238 fabulae,

108 4279 193 4327 cum
223 4254 461 4326 obscoenitate
491 4268 635 4341 vacant,
676 4269 752 4328 tum
788 4267 873 4326 suut
908 4255 1100 4349 aliquanto,

109 4380 220 4452 quam
241 4351 554 4448 Aristophanicae,
579 4357 649 4426 nisi
670 4358 773 4427 valde
797 4357 919 4439 itsllor,
945 4357 1100 4450 ρητωρι-

108 4452 270 4554 rtotipot.
338 4458 494 4528 Proinde
528 4459 745 4549 paedagogos
773 4481 895 4527 omnes
920 4452 1101 4543 adhortor,

676 212 1110 295 EPISTOLARUM
1159 215 1265 292 LlB.
1305 216 1372 298 111.
1425 220 1558 301 taes.
1651 297 1652 301 ,

94 390 227 467 studiis
261 392 463 465 consulunt.
527 387 739 461 Praesertim
765 405 881 462 autem
911 386 979 460 hoc
1001 401 1091 459 tem·

2051 231 2141 305 774·

1140 391 1286 461 scientia
1308 418 1424 488 neque
1447 397 1630 485 religionis
1649 422 1763 493 neque
1782 401 1922 471 virtutis
1939 403 1985 472 sit
2003 403 2044 472 iu
2060 399 2128 490 his,

1141 493 1205 587 qui
1231 507 1353 566 tenent
1379 499 1613 587 respublicas,
1651 502 1811 571 videmus
1840 526 1963 573 eorum
1990 506 2128 577 inscitia

1141 595 1387 713 omniatsacra
1417 613 1450 669 et
1476 602 1643 690 prolana,
1689 603 1809 673 divina
1839 618 1944 698 atque
1973 602 2128 679 humana

1142 719 1291 770 misceri.

1960 1055 2026 1113 eod.
2043 1075 2131 1115 mano.

1954 1141 2125 1173 *m

1433 1223 1591 1306 Ioanni
1618 1224 1851 1309 Μενίου.

1215 1414 1334 1488 Epistola
1360 1417 1556 1539 upchpatorh
1584 1418 1757 1500 ludibrum:
1792 1420 1947 1501 Salomonis
1972 1422 2135 1494 Sententiae,

1248 1498 1718 1623 hiisiihaanneemrSlecraeliiriitiiiissiN
1729 1488 2031 1616 iiniithsshiiitiliNissNa
2048 1511 2135 1616 VioSe.

1250 1629 1344 1693 (quam
1366 1623 1445 1677 nobis
1467 1623 1583 1679 contulit
1605 1626 1668 1680 clar.
1686 1626 1938 1696 Foerstemannns).
1957 1658 1990 1673 -
2034 1630 2135 1685 lterum

1249 1692 1404 1815 liipssnbgerg
1435 1712 1483 1765 per
1503 1692 1542 1750 lo.
1560 1693 1712 1762 Petreium,
1743 1695 1819 1748 1525.
1847 1694 1871 1750 8.
1894 1726 1926 1738 -
1961 1697 2136 1770 Erphordiae,

1147 1929 1415 2004 [ilustrissimo
1429 1931 1622 2005 Senoniae
1639 1930 1809 2034 Principi
1817 1989 1827 2019 ,
1853 1935 1907 2011 D.
1927 1933 2137 2010 Iohanni

1173 2030 1425 2107 Friderico
1452 2045 1512 2111 etc.
1548 2031 1734 2209 Pgtiss'p.
1760 2034 2114 2113 Melanchthon

1148 2264 1249 2358 Cum
1264 2286 1422 2355 viderem
1436 2285 1474 2353 in
1492 2298 1589 2356 tanta
1606 2285 1851 2359 Librariorum
1876 2292 2018 2364 licentia
2041 2296 2138 2366 lutu-

1148 2415 1248 2475 rum,
1289 2403 1329 2458 ut
1351 2383 1483 2481 scholia
1513 2402 1631 2458 nostra
1662 2391 1699 2459 in
1724 2393 1913 2463 sententias
1935 2394 2137 2466 Salomonis

1149 2491 1295 2575 dictata,
1321 2490 1607 2582 publicarentur,
1629 2516 1684 2561 res
1699 2495 1917 2585 postulabat,
1941 2511 1981 2568 ut
2003 2500 2137 2583 erratis,

1149 2606 1335 2688 quaesunt
1352 2592 1446 2659 ineo
1463 2595 1751 2663 commentariolo
1771 2621 1846 2665 non
1865 2622 1990 2690 parum
2013 2602 2137 2680 multa,

1150 2696 1266 2788 aliqua
1284 2708 1440 2785 exparte
1455 2696 1626 2767 mederer.
1669 2694 1792 2791 Neque
1808 2699 1903 2767 euim
1920 2701 1996 2769 fieri
2011 2704 2137 2793 potuit,

1149 2797 1239 2893 quin
1259 2796 1299 2865 in
1319 2810 1390 2866 tam
1412 2797 1570 2866 obscuris
1587 2822 1626 2865 ac
1643 2799 1810 2869 brevibus
1832 2797 2137 2894 apophthegmatis

1149 2900 1260 2970 multa
1277 2899 1503 2990 interpretem
1520 2898 1692 2984 fallerent,
1717 2904 1921 2992 praesertim
1935 2898 2136 2997 npwcdnst-
2176 2888 2180 2895 ¹

1150 3025 1228 3097 potr.
1292 2997 1340 3069 Et
1360 3023 1607 3088 recognoscere
1632 3005 1924 3073 commentarium
1947 3030 2022 3074 non
2042 3007 2137 3076 sine·

1150 3106 1236 3173 bant
1250 3101 1417 3182 Librarii‚
1443 3101 1505 3195 qui
1521 3101 1620 3192 prius
1635 3104 1847 3173 videbantur
1863 3107 2007 3192 edituri,
2032 3134 2138 3202 quam

1150 3205 1255 3274 nobis
1285 3203 1341 3271 vel
1369 3204 1522 3292 relegere
1553 3219 1728 3276 vacasset:
1784 3202 1907 3278 Nihilo
1935 3208 2073 3280 felicius
2103 3224 2138 3281 et
2222 3221 2226 3235 '

1150 3321 1250 3377 antea
1267 3305 1353 3374 editi
1369 3319 1448 3374 sunt
1465 3305 1601 3397 aliquot
1616 3309 1860 3407 commentarii
1877 3310 2138 3403 mei,·primum
2210 3373 2218 3390 ,

1151 3423 1361 3501 anteaquam
1384 3407 1656 3493 maturuissent,
1685 3409 1815 3478 deinde
1840 3412 1974 3498 mutili,
2005 3428 2040 3483 et
2062 3415 2138 3506 ple-

1150 3510 1269 3604 risque
1291 3509 1379 3577 locis
1399 3509 1564 3600 opiticum
1587 3509 1724 3580 incuria
1748 3512 1835 3582 adeo
1861 3515 2062 3605 depravati,
2099 3532 2139 3587 ut

1151 3636 1224 3682 non
1247 3634 1480 3701 agnoscerem.
1545 3607 1663 3705 Atque
1684 3636 1763 3681 meo
1783 3636 1867 3684 saue
1889 3616 2022 3686 iudicio
2046 3617 2140 3689 inter

1150 3711 1258 3784 huius
1272 3711 1379 3781 seculi
1395 3712 1581 3781 innumera
1598 3715 1688 3781 mala
1707 3740 1781 3783 non
1797 3732 2013 3806 postremum
2032 3702 2139 3791 habet

1151 3818 1268 3886 locum
1284 3808 1603 3909 Typographorum
1631 3816 1839 3906 improbitas
1863 3819 1978 3888 dicam
2003 3845 2049 3890 an
2072 3823 2139 3891 irn-

1151 3916 1341 4011 pudentia,
1367 3916 1533 4009 quicum
1558 3915 1643 3984 citra
1668 3918 1842 3987 delectum
1864 3923 1995 3992 cudant
2015 3924 2139 3993 edant-

1152 4043 1221 4115 que
1236 4018 1379 4100 omnia,
1404 4018 1500 4086 unde
1517 4017 1606 4085 lucri
1627 4042 1705 4109 spes
1725 4033 1791 4105 est,
1816 4018 1932 4092 Deum
1956 4024 2140 4095 immorta-

1151 4123 1221 4192 lem
1246 4132 1419 4215 quantum
1445 4118 1712 4190 incommodant
1734 4120 1839 4192 rebus
1856 4116 2032 4194 humanis.

1252 4250 1344 4323 Nam
1371 4250 1444 4320 sere
1471 4249 1639 4341 pessimos
1668 4276 1827 4345 quosque
1855 4254 2014 4340 libellos,
2056 4259 2141 4351 quia
2212 4272 2241 4315 f

1152 4351 1325 4447 plurimos
1344 4344 1478 4421 habent
1494 4363 1688 4443 emptores,
1714 4354 1794 4423 orbi
1816 4357 2033 4445 obtrudunt,
2059 4361 2141 4453 qui-

1152 4459 1220 4529 bus
1235 4479 1315 4524 cum
1331 4452 1471 4523 labefiat
1492 4452 1624 4522 alicubi
1639 4454 1779 4545 religio,
1805 4459 2053 4549 opprimantur
2075 4459 2141 4535 ho·

109 4574 154 4632 ut
182 4553 280 4630 hunc
301 4573 481 4630 artctorem
510 4583 645 4628 summa
664 4561 732 4630 lide
759 4559 885 4629 studiis
908 4559 1102 4631 iuventutis
1153 4570 1272 4628 nestae
1302 4569 1395 4624 artes
1430 4568 1536 4648 atque
1567 4554 1711 4641 literae,
1754 4559 1931 4631 saeviatur
1960 4563 2000 4632 in
2026 4565 2141 4636 bonos

110 4663 372 4735 commendent.
439 4660 532 4732 Nam
554 4675 589 4732 et
615 4662 660 4731 ad
680 4661 853 4732 iudicium
873 4661 1102 4731 formandum
1132 4660 1269 4743 '‘viros,
1313 4656 1455 4748 publica
1490 4657 1730 4749 tranquillitas
1766 4664 2013 4751 perturbetur,
2053 4668 2140 4761 quid

110 4766 159 4837 de
179 4764 429 4833 communibus
448 4763 608 4832 moribus
632 4759 722 4833 mihi
745 4763 888 4856 quidem
911 4763 994 4856 plus
1016 4787 1103 4833 eon·
1153 4760 1238 4851 fingi
1266 4770 1381 4850 potest
1405 4758 1664 4850 perniciosius?
1726 4757 1797 4830 Sed
1828 4765 1969 4837 valeant
1994 4767 2067 4852 illi,
2102 4784 2142 4839 ut

110 4864 223 4949 serre,
249 4889 356 4959 quam
374 4864 534 4958 plerique
548 4859 843 4958 philosophorum
859 4864 1104 4935 commentarii
1154 4875 1346 4933 merentur.
1411 4856 1589 4954 Equidem
1614 4861 1737 4952 putari
1759 4862 1842 4933 fidei
1871 4892 1968 4936 meae
2001 4871 2143 4953 referre,

109 4967 266 5038 videtur.
316 4962 363 5036 Et
380 4991 456 5037 non
471 4966 561 5037 alius
577 4980 699 5039 auctor
714 4967 811 5060 loqui
827 4966 1020 5056 elegantius
1037 4967 1104 5037 do-
1155 4978 1196 5036 ut
1232 4962 1376 5033 lecturis
1410 4960 1637 5033 Salomonem
1678 4966 1874 5036 accuratius
1911 4971 2143 5057 consulerem,

110 5067 226 5153 sebit,
249 5082 312 5139 aut
335 5069 478 5139 utiliore
500 5092 625 5157 genere
652 5069 822 5141 orationis
839 5068 1010 5160 puerilem
1031 5068 1104 5138 lin·
1154 5078 1382 5160 posteaquam
1399 5064 1435 5132 id
1453 5077 1633 5157 utcunque
1653 5063 1778 5135 videor
1798 5067 1896 5138 illius
1913 5073 2075 5163 opusculi
2098 5073 2144 5142 ti-

111 5194 222 5265 gnam
238 5170 384 5239 imbuet.
433 5167 560 5240 Beatas
579 5172 810 5262 respublicas,
834 5170 865 5239 si
887 5165 956 5240 hoc
975 5192 1103 5260 genere
1153 5168 1231 5240 tulo
1259 5166 1449 5260 pollicitus.
1512 5164 1669 5236 Proinde
1697 5164 1924 5240 Salomonem
1954 5173 2071 5265 ipsum
2099 5179 2144 5245 de

112 5274 302 5345 literarrtm
317 5272 480 5343 dedolata
495 5271 716 5362 iuventusad
734 5273 884 5342 maiores
906 5295 962 5342 res
978 5294 1104 5362 geren·
1154 5269 1292 5361 integro
1315 5268 1364 5339 ita
1384 5265 1514 5339 Latine
1535 5268 1775 5354 reddidimus,
1800 5284 1840 5341 ut
1861 5273 2014 5367 intelligi
2033 5277 2144 5370 possit

114 5376 179 5447 das
199 5373 395 5447 accesserit.
461 5372 565 5445 Nunc
585 5398 666 5447 cum
691 5374 810 5445 nullae
837 5373 979 5463 literae,
1002 5373 1103 5449 nulla
1155 5374 1212 5461 id,
1241 5372 1400 5467 quadiu
1419 5369 1530 5439 veteri
1555 5369 1842 5465 interpretatione
1864 5377 2140 5453 desiderabatur.
2221 5404 2224 5409 ·

1305 5464 1400 5542 to*
1508 5508 1512 5515 ·
