4500 5782
2074 240 2138 319 stt
2178 172 2180 241 l

1164 410 1403 480 moderatores
1437 427 1472 482 ct
1495 412 1621 482 arbitri
1651 412 1851 482 studiorum
1873 412 2014 496 forent,
2058 435 2143 481 exer-

1165 527 1351 605 cerentque
1372 513 1507 606 alioqui
1534 536 1675 602 segnem
1702 514 1974 583 adolescentiam
2005 514 2145 583 diceudo

1164 627 1198 681 et
1212 613 1409 683 scribendo.
1459 613 1549 685 Nam
1566 615 1606 683 in
1622 638 1742 684 errore
1756 617 1850 685 bona
1866 616 2066 686 iuventutis
2080 638 2149 705 part

1119 740 1125 748 ·
1163 727 1232 799 est,
1266 729 1307 785 ut
1337 729 1452 806 putet,
1493 716 1576 785 satis
1596 740 1669 785 esse
1693 717 1804 786 multa
1825 717 1979 785 audisse.
2047 715 2148 805 Quasi
2178 744 2180 783 :

1163 840 1246 886 vero
1262 818 1378 887 statim
1395 814 1560 909 Apellem
1578 818 1654 887 fore
1668 820 1883 887 credendum
1904 819 1953 886 sit
1971 843 2072 903 eum,
2090 817 2146 910 qui
2177 820 2180 849 ¹

1161 919 1290 988 multas
1314 919 1444 1009 passim
1467 920 1621 1008 egregias
1643 913 1796 1016 γραφάς
1813 920 1964 1005 viderit,
1990 921 2056 1012 qui
2073 921 2145 1009 pin·
2177 930 2180 1011 t

1162 1034 1281 1107 gentes
1299 1045 1399 1112 saepe
1418 1022 1598 1112 spc'ctarit,
1624 1046 1698 1089 non
1716 1023 1791 1112 ipse
1809 1022 1848 1090 in
1865 1044 1997 1090 manus
2013 1035 2144 1112 accepto
2178 1016 2180 1095 Ᾰ

1161 1123 1328 1211 penicillo
1350 1122 1547 1212 perieulum
1570 1124 1702 1195 fecerit.
1753 1122 1877 1217 Neque
1897 1123 2045 1207 dubito,
2068 1123 2145 1215 quin

1161 1226 1283 1292 eadem
1309 1239 1452 1317 questus
1476 1225 1522 1292 sit
1542 1218 1794 1314 Amsdorfius,
1832 1239 1938 1317 atque
1962 1219 2030 1294 hac
2055 1225 2091 1291 in
2113 1248 2144 1293 re

124 1301 321 1394 (latissime
342 1326 460 1396 frater.
510 1324 595 1396 Post
623 1326 758 1394 abitum
784 1338 886 1394 tuum
915 1324 1112 1416 accepimus
1162 1327 1289 1414 partim
1320 1329 1539 1395 urlmnorum
1571 1327 1839 1416 magistratuum
1870 1327 1992 1417 culpa,
2009 1325 2146 1417 partim

123 1428 167 1496 ab
184 1424 297 1496 Helia
315 1441 436 1496 nostro
457 1441 570 1499 totum
589 1453 722 1497 novum
740 1426 1007 1496 Testamentum
1031 1453 1110 1496 ver·
1161 1428 1298 1496 incuria
1317 1429 1564 1516 magistrorum
1589 1442 1763 1519 peccatur.
1813 1426 1936 1520 Neque
1962 1429 2061 1496 enim
2084 1428 2145 1494 im-

123 1553 200 1598 sum
215 1530 264 1608 εἰς
279 1524 345 1620 τὴν
361 1522 556 1625 ἐπνχώρὶον
573 1523 628 1625 *),
655 1553 743 1620 opus
759 1531 936 1618 egregium
959 1542 992 1597 et
1016 1530 1110 1596 mul·
1159 1545 1295 1619 petrare
1313 1554 1332 1597 a
1348 1528 1444 1602 Coss.
1461 1530 1659 1621 potuimus,
1679 1543 1720 1599 ut
1735 1530 1988 1600 interdicerent
2005 1528 2145 1613 civibus,

121 1631 166 1698 tis
196 1632 455 1701 commentariis
484 1634 764 1723 praeferendum.
815 1628 861 1699 Ei
887 1626 1109 1720 praemittere
1160 1655 1332 1724 nequem
1359 1628 1722 1722 apudsehaberent,
1757 1632 1814 1700 cui
1835 1654 1910 1699 non
1931 1625 2144 1720 autographo

37 1723 40 1729 ’
121 1733 237 1801 visum
252 1747 302 1801 est
316 1728 579 1830 eouoyp'ottpt'ov
594 1747 705 1802 terrac
724 1748 882 1815 sanctae,
908 1746 948 1800 ut
968 1746 1107 1815 vocant,
1157 1731 1320 1803 Rectoris
1337 1733 1374 1801 id
1392 1734 1601 1824 permissum
1622 1747 1720 1802 esset.
1771 1729 1818 1800 Et
1842 1755 1878 1800 ea
1898 1746 1950 1801 est
1965 1732 2147 1820 magistro-

121 1859 191 1926 quo
206 1834 347 1926 planior
364 1835 467 1904 lectio
484 1837 538 1906 sit.
568 1835 644 1906 Scis
657 1849 829 1928 quantum
845 1835 906 1902 illa
923 1828 1110 1928 deletaeque
1156 1858 1237 1902 rum
1269 1836 1426 1931 ignavia,
1460 1850 1499 1906 ut
1523 1836 1553 1902 si
1576 1860 1674 1928 qnos.
1694 1834 1953 1904 commendaris
1976 1834 2147 1931 levissime

119 1936 296 2006 commodi
310 1938 453 2006 adferat.
504 1935 552 2007 Et
567 1938 648 2031 quia
663 1938 700 2004 in
717 1930 889 2005 Reinecci
904 1933 1106 2029 Antiqnarii
1157 1951 1337 2007 curentur.

118 2038 215 2107 illins
233 2039 340 2107 vestri
356 2038 596 2130 suppellectile
616 2039 722 2108 audio
745 2062 818 2108 esse
840 2039 1017 2131 quendam
1029 2036 1107 2108 Ro·
1257 2036 1357 2107 Vcrti
1373 2062 1413 2106 ex
1433 2032 1479 2108 V
1472 2032 1622 2131 ulgerio
1637 2039 1754 2107 locum
1777 2060 1882 2130 quem
1899 2038 2062 2123 volebas,
2086 2038 2148 2108 ubi

117 2164 264 2209 ananum
286 2135 426 2212 πίνακα
445 2138 595 2210 Iudaeae
617 2141 794 2230 egregium
816 2154 850 2209 et
871 2141 1107 2224 emendatum,
1156 2139 1244 2208 mire
1268 2140 1400 2209 arridet
1422 2133 1531 2223 mihi,
1571 2142 1667 2231 quod
1695 2155 1798 2228 urget
1827 2140 1977 2210 verbum
2007 2136 2146 2211 ἀποκα-

118 2266 247 2336 quaeso
264 2266 325 2332 per
338 2238 538 2327 Christum,
562 2243 592 2311 si
608 2243 684 2311 fieri
701 2257 826 2335 potest,
852 2243 1027 2333 impetres,
1050 2242 1105 2309 vel
1157 2232 1320 2335 λύψεως,
1349 2243 1498 2325 docens,
1525 2242 1646 2310 divina
1668 2241 1739 2309 nisi
1757 2239 1833 2310 Deo
1849 2243 2050 2312 illustrante
2074 2266 2145 2310 non

117 2368 180 2435 per
203 2337 369 2440 Corpori
394 2345 506 2413 nostri
535 2368 677 2436 operam
710 2347 767 2413 rel
796 2344 947 2413 aliorum
972 2343 1106 2412 amico·
1157 2344 1331 2430 cognosci.
1396 2341 1496 2411 Adeo
1521 2337 1614 2410 nihil
1643 2343 1774 2412 rationi
1804 2338 1981 2413 humanae
2012 2343 2146 2415 tribuit.

116 2470 213 2529 rum,
246 2459 286 2514 ut
308 2459 369 2515 aut
389 2447 547 2536 precario
569 2449 741 2518 utendum
765 2447 910 2515 mittant
931 2460 992 2515 aut
1016 2470 1104 2514 ven·
1156 2442 1278 2535 Nuper
1299 2447 1343 2514 ad
1366 2469 1423 2512 mc
1444 2446 1649 2514 fasciculum
1672 2445 1855 2513 literarum
1878 2446 1977 2515 misit
1992 2438 2146 2513 lonchi-

117 2544 213 2616 dairt'.
264 2542 310 2616 Et
332 2547 363 2615 si
385 2548 531 2635 dignum
552 2549 695 2617 videtur
715 2571 824 2639 opus,
855 2547 914 2615 vel
939 2572 958 2616 a
980 2561 1104 2617 senatu
1155 2569 1255 2625 mur,
1280 2548 1445 2639 equibus
1463 2542 1526 2615 has
1541 2549 1584 2615 ad
1601 2562 1635 2616 te
1648 2548 1767 2628 mitto,
1792 2547 1889 2614 unde
1905 2547 2145 2617 coniecturam

115 2647 362 2719 Universitatis
392 2661 530 2719 nostrae
551 2651 657 2718 velim
684 2650 884 2742 extorqueri
907 2650 1102 2739 pecuniam,
1154 2649 1198 2716 de
1214 2648 1357 2736 ingenio
1372 2649 1488 2723 facias.
1544 2648 1640 2719 Vale.
1683 2647 1722 2720 ie
1737 2651 1783 2740 τῇ
1800 2643 1872 2745 πρὸ
1890 2653 1957 2741 τῆς
1979 2650 2051 2722 τοῦ
2067 2646 2145 2719 ’Ar-

700 236 1136 315 EPlSTOLARUM
1185 236 1292 309 LlB.
1332 236 1397 313 lll.
1452 234 1581 311 1522.

925 415 1113 498 (aanor.)

132 510 303 540 Μ
935 508 1107 541 Μ

425 597 549 709 Coep.
569 577 824 710 ‘Crocigerm

191 795 277 868 upra.
297 794 342 850 n.
357 796 402 849 u.
431 815 457 868 p.
474 796 536 850 sor.

125 967 201 1041 Suo
219 969 347 1070 fratri
368 963 579 1069 Casparo
614 963 881 1067 orevpoqdpqt,
925 964 949 1061 ἢ
970 972 1113 1060 μᾶλλον

182 1079 530 1172 σταυροῳυγοῦντι,
568 1065 603 1143 C
609 1072 821 1166 remigero
858 1066 913 1140 ecl
930 1068 1054 1167 potius

430 1174 618 1274 cructsugo
638 1170 804 1272 Lipsiae.

113 2774 184 2842 quo
211 2749 279 2819 emi
304 2751 425 2841 possit.
481 2749 570 2820 Vale
597 2765 631 2820 et
651 2751 870 2842 diligentiam
899 2746 966 2819 hac
997 2751 1036 2819 in
1062 2774 1101 2819 re

112 2866 209 2923 tuam
250 2852 331 2921 vide
372 2877 417 2921 ne
461 2854 709 2923 desideremus.
791 2853 913 2924 Saluta
961 2867 1099 2923 nostros

113 2978 244 3026 omrres.

440 3466 489 3553 G.
525 3468 769 3582 Spoletium

176 3672 196 3731 †
215 3665 252 3718 Er
266 3682 358 3788 apogr.
374 3666 434 3747 cpd.
450 3665 547 3722 Dresd.
565 3666 671 3724 (3.140.
688 3687 715 3741 p.
729 3667 795 3741 5913.
813 3687 855 3742 cp·
866 3669 910 3725 80.
930 3668 1097 3727 ὤδινε-

212 3734 300 3804 dot-fio
332 3744 455 3806 eserrpta.

291 3988 293 3992 μ
397 3887 460 3963 Ad
490 3890 805 3991 Spoletinum.

107 4025 148 4115 S.
163 4044 207 4116 D.
247 4041 432 4123 Mentior,
458 4045 487 4112 si
503 4069 627 4136 negem
646 4072 701 4116 me
722 4051 965 4141 perturbatum
989 4053 1096 4123 fuisse

108 4149 261 4218 tristiore
284 4147 347 4233 illo
366 4146 516 4232 nuncio,
542 4151 639 4242 quod
663 4149 740 4218 scis.
791 4150 841 4222 At
861 4177 938 4223 eam
963 4155 1095 4225 sollici-

69 4286 76 4295 ’
106 4252 267 4320 tudinem
295 4250 458 4317 levarunt
487 4251 642 4339 primum
670 4251 791 4323 literae
814 4278 834 4323 a
858 4267 892 4324 te
913 4257 956 4323 ad
985 4250 1096 4325 Ams-

109 4345 263 4444 dorfium
283 4351 441 4442 scriptae.
493 4349 584 4419 Nam
603 4347 666 4421 bas
684 4354 744 4422 ille
762 4379 827 4445 pro
852 4379 914 4425 sua
934 4357 1002 4428 fide
1025 4371 1095 4428 sta-

107 4454 173 4523 tim
195 4453 356 4539 legendas
375 4447 544 4526 exhibuit.
597 4451 699 4523 Nunc
723 4480 779 4524 me
801 4457 941 4547 plenius
966 4461 1095 4530 confir-

106 4578 264 4635 mavere,
287 4577 373 4644 quas
392 4554 436 4621 ad
454 4578 510 4621 me
525 4555 662 4624 dedisti.
711 4555 808 4627 Deus
825 4574 895 4650 opt.
911 4585 1002 4635 mar.
1020 4586 1094 4639 ser-

108 4655 279 4726 vetillum
296 4646 354 4749 ll)
376 4656 518 4745 publico
535 4657 640 4725 bono'
653 4682 760 4751 quam
783 4660 980 4731 diutissime
1002 4663 1095 4733 inte-

106 4783 218 4850 grum.
272 4753 313 4824 ln
339 4759 489 4845 gerenda
517 4782 554 4826 re
577 4755 781 4831 scholastica
804 4756 871 4832 hoc
893 4764 1093 4851 discruciat,

107 4862 200 4955 quod
221 4859 355 4928 efficere
372 4858 470 4927 nulla
490 4860 626 4930 ratione
641 4863 838 4953 potuimus,
864 4879 903 4934 ut
919 4867 974 4934 sui
990 4892 1093 4957 prae-

106 4979 262 5053 ceptores
284 4961 431 5050 singulis
461 4962 741 5035 adolescentibus
770 4980 904 5050 essent,
938 4969 998 5062 qni
1022 4969 1093 5038 illis

104 5169 330 5184 m

138 5278 339 5400 *)}pbsolutum
355 5286 466 5331 exeunte
479 5276 570 5348 Septb.
587 5275 663 5331 1522.
700 5276 771 5350 Ergo
791 5279 867 5350 epist.
884 5279 983 5354 scripta
1003 5293 1041 5338 est
1053 5303 1091 5340 m.

197 5365 239 5399 ov.

136 5430 184 5499 **)
201 5428 364 5485 Electorem.

1153 2744 1290 2845 dpeiov.
1345 2747 1451 2820 1522.

1793 2956 1797 2961 η
1892 2845 2095 2944 Philippus.

1841 3228 1855 3235 ,
1968 3161 2005 3229 4.
2021 3158 2132 3223 Derbe.

1961 3249 2135 3283 m

1524 3340 1586 3423 Ιο.
1614 3338 1768 3421 Herse.

1218 3533 1331 3607 Epistol.
1353 3532 1399 3588 lib.
1415 3533 1460 3587 vt.
1485 3552 1512 3605 p.
1528 3533 1588 3589 345.
1610 3567 1645 3578 -
1679 3531 1760 3587 Nune
1781 3550 1812 3586 ex
1832 3542 1896 3586 auto
1931 3529 2002 3584 alto
2022 3530 2052 3584 in
2073 3530 2141 3585 cot.

1253 3601 1494 3657 Rederatislav.
1514 3602 1575 3656 Vol.
1592 3600 1641 3675 V.‚
1669 3603 1743 3674 qood
1763 3598 1880 3655 contulit
1915 3635 1922 3649 ·
1967 3598 2143 3666 ..ielndziuq

1253 3671 1363 3727 Vratisl.
1375 3672 1490 3727 Ductor.
1509 3697 1544 3713 -
1578 3670 1766 3744 Apograpbon
1780 3668 1968 3743 inceditur.
1986 3668 2026 3723 ll.
2044 3668 2142 3744 poet.

1409 3823 1625 3899 Iohanni
1647 3824 1802 3899 Hesso
1830 3818 1870 3899 S.

1147 3959 1191 4051 S.
1205 3982 1249 4054 Ι).
1300 3982 1423 4076 Neque
1445 3983 1509 4053 otii
1531 3981 1682 4050 multum
1700 3990 1792 4056 erat,
1816 3999 1896 4045 cum
1919 3969 1979 4045 ltic
2001 3976 2140 4046 iuvenis

1147 4098 1287 4177 pararet
1309 4086 1523 4170 abitionem,
1561 4104 1677 4175 neque
1706 4078 1913 4149 dubitabam
1942 4078 2033 4170 quin
2065 4080 2139 4170 ipse

1149 4187 1323 4278 copiosius
1364 4187 1586 4277 expositurus
1624 4196 1713 4252 esset
1746 4179 1867 4249 omnia
1904 4180 1972 4250 tibi
2009 4194 2140 4263 nostra,

1148 4314 1254 4382 quam
1283 4310 1346 4377 ego
1376 4290 1432 4357 rel
1460 4289 1565 4376 longa
1588 4282 1750 4376 Epistola
1773 4302 1923 4373 possem.
1976 4278 2137 4350 Haecin

1147 4414 1249 4460 causa
1267 4393 1382 4473 suere,
1409 4415 1471 4460 cur
1496 4387 1638 4458 brevius
1659 4381 1727 4454 boc
1749 4398 1908 4473 tempore
1928 4384 1974 4451 ad
1996 4396 2030 4452 te
2050 4383 2137 4451 seri--

1145 4493 1287 4583 pserim.
1339 4491 1553 4585 Quanquam
1569 4513 1643 4557 non
1663 4486 1792 4577 opinor
1811 4484 1878 4554 tibi
1897 4508 2026 4573 parum
2047 4487 2137 4554 adeo

1144 4594 1273 4663 frontis
1295 4616 1384 4679 esse,
1412 4607 1452 4664 ut
1473 4590 1651 4684 longiores
1672 4612 1692 4659 a
1713 4587 1817 4656 nobis
1838 4598 1952 4677 petas,
1979 4586 2043 4679 qui
2061 4599 2137 4657 toto

1146 4691 1213 4764 hoc
1247 4695 1404 4764 semestri
1429 4694 1535 4786 plane
1562 4704 1682 4762 mutus
1705 4713 1751 4762 es.
1804 4686 1857 4759 De
1877 4684 1990 4756 Missa
2021 4689 2139 4782 deque

1144 4797 1262 4866 neseio
1280 4797 1409 4889 quibus
1425 4796 1521 4881 aliis,
1547 4817 1637 4891 quae
1659 4794 1724 4862 sub
1746 4791 1861 4882 ipsum
1877 4783 2010 4858 Pascha
2031 4813 2139 4880 roga·

1145 4922 1202 4969 ras
1223 4923 1285 4990 per
1304 4899 1437 4983 literas,
1464 4912 1539 4969 tum
1560 4894 1641 4966 satis
1658 4893 1796 4984 copiose
1809 4890 2079 4981 respondimus,
2102 4909 2133 4961 et

1144 4999 1271 5071 Noster
1293 5001 1372 5083 ille,
1398 5015 1431 5069 et
1452 5023 1526 5090 ego.
1578 4994 1770 5067 Videbaris
1789 4987 1880 5061 mihi
1903 4992 2010 5062 nimis
2031 4994 2136 5063 auxie

1145 5115 1179 5171 et
1194 5103 1432 5194 superstitiose
1446 5115 1619 5183 metuere,
1643 5122 1688 5166 ne
1703 5094 1790 5191 quid
1806 5095 1844 5163 in
1858 5092 2062 5171 ceremonia
2078 5118 2134 5164 se-

1144 5228 1205 5274 cus
1219 5205 1328 5287 fieret,
1348 5228 1386 5272 ac
1403 5204 1518 5273 debet.
1551 5201 1611 5271 Tu
1622 5220 1705 5269 vero
1721 5197 1835 5268 nescis
1850 5194 1982 5289 quilius
1997 5196 2135 5267 dictum

1145 5306 1205 5377 sit:
1238 5296 1380 5375 Omnia
1400 5299 1542 5375 munda
1562 5296 1729 5381 mundis,
1754 5307 1787 5368 et
1806 5318 1957 5392 regnum
1973 5293 2055 5368 Dei
2072 5296 2134 5367 iu·

1144 5415 1197 5478 ter
1218 5430 1280 5479 eos
1301 5415 1364 5483 est.
1426 5407 1486 5487 Sic
1506 5406 1727 5501 ineptiarum
1749 5415 1784 5474 et
1805 5392 1986 5489 Botcmt,
2013 5414 2049 5473 et
2074 5402 2133 5471 in-
