4500 5782
89 248 119 321 a
342 238 348 243 ·
667 236 1105 320 arrsronanuu
1153 234 1324 356 urna.
1384 232 1515 317 161⁷.
1711 203 1715 209 ’
1913 314 1916 319 .
2060 253 2107 326 1⁸

89 417 263 492 inuentis
279 442 359 490 non
374 418 525 490 andem
540 411 691 488 habeam
707 414 906 487 rationem?
950 410 1066 484 Immo
1119 423 1273 483 stratum
1296 434 1432 498 comes,
1461 425 1496 487 et
1516 435 1642 505 praeeo
1666 415 1823 487 nominis
1845 420 1920 506 tui,
1946 422 1977 491 si
2004 449 2109 519 quem

89 547 152 594 aero
175 522 359 594 rationem
385 517 557 592 habemus
577 518 752 590 virtutum
777 530 936 603 tuarum,
961 517 1067 606 longe
1118 513 1236 585 stadia
1251 527 1456 586 mereantur
1478 509 1866 611 honoremquondam.
1916 520 1986 595 Cui
2012 529 2108 596 enim

89 648 176 721 [uam
201 637 288 696 ante
316 623 476 708 licuerit,
506 621 663 694 absentis
689 614 950 704 honestiorem,
979 641 1066 712 quas
1117 615 1175 685 vel
1187 617 1308 687 omnia
1320 640 1401 687 mea
1418 616 1566 688 debeam
1581 617 1716 710 potius,
1742 622 1772 690 si
1794 646 1863 717 qua
1886 640 1968 696 sunt
1987 628 2108 714 modo,
2224 614 2230 633 ’

89 726 231 823 »letique
244 724 485 797 familiaribus
503 724 642 817 aliquot
658 720 985 794 conversationibus
1003 720 1066 789 de-
1118 740 1225 810 quam
1240 719 1291 804 ei,
1315 719 1379 814 qui
1393 742 1451 790 me
1464 733 1633 812 perpetua
1648 721 1911 812 beneficientia,
1936 744 2106 822 perpetuo

89 853 152 900 :oro
173 830 266 899 adeo
292 826 475 898 iunximus
491 826 637 911 ordine,
659 825 798 895 iunctas
817 821 982 893 admirati
1005 844 1066 893 su·
1116 841 1238 891 amore
1258 821 1409 891 candide
1431 823 1520 892 adeo
1541 823 1704 893 intimum
1726 825 1771 894 de
1791 824 1896 919 plebe
1923 823 2107 902 hominem
2203 851 2208 876 ¹

89 953 166 1016 nus,
191 943 236 1001 ut
257 923 395 1022 nephas
416 927 522 999 fuerit
542 927 582 995 in
600 926 676 996 ullo
700 926 770 998 alio
790 938 930 997 tantum
952 924 1066 1016 speci·
1116 943 1238 1012 passm
1251 923 1327 993 est?
1363 920 1458 995 Dein
1474 925 1599 1018 quiite
1615 926 1660 995 sit
1674 914 1891 1010 Francisci,
1915 944 1956 1000 nt
1972 929 2107 1026 nephas

89 1056 154 1103 nen
167 1030 319 1126 requiri.
369 1029 514 1103 Scilicet
535 1029 589 1109 ita,
606 1042 691 1100 sunt
710 1023 885 1112 humana,
908 1040 951 1101 ut
971 1049 1064 1098 unus
1117 1023 1162 1092 sit
1183 1023 1381 1094 existimare
1401 1026 1517 1095 ullum
1540 1027 1680 1119 uspiam
1704 1029 1772 1099 ulli
1801 1054 1874 1100 esse
1903 1032 2107 1106 devinctum

87 1158 145 1204 ton
172 1157 315 1226 semper
344 1131 442 1201 vivat
463 1130 612 1221 siugulis
634 1125 770 1200 honore
795 1128 956 1217 virtutis,
995 1153 1064 1222 qua
1115 1125 1235 1214 magis.
1292 1123 1362 1196 Cui
1382 1129 1469 1197 adeo
1492 1153 1574 1199 cum
1596 1124 1764 1222 Philippo
1785 1132 1896 1202 amice
1919 1137 2107 1207 conveniat

89 1235 127 1305 tel
153 1236 203 1305 ad
233 1232 466 1304 ambitionem
488 1232 663 1316 crebrius,
706 1254 814 1326 quam
840 1229 932 1300 vitae
959 1253 1064 1299 usum
1115 1249 1191 1294 non
1217 1228 1293 1296 ullo
1322 1229 1448 1297 merito
1477 1253 1575 1316 meo,
1607 1245 1649 1301 ut
1679 1232 1783 1324 longe
1808 1236 1954 1304 debeam
1985 1239 2106 1309 omnia

89 1349 202 1408 rtatnr·
261 1332 322 1406 Tu
350 1347 473 1406 contm
501 1334 657 1424 singulas
684 1334 730 1403 ad
756 1332 894 1423 singula
921 1331 1064 1423 ingenia
1115 1319 1314 1398 Francisci
1334 1329 1497 1399 nomini?
1527 1357 1591 1401 cur
1613 1356 1688 1401 non
1712 1335 1833 1406 omnia
1854 1337 1921 1407 tibi
1942 1342 2108 1433 quoque?
2186 1412 2194 1429 x

89 1436 276 1522 attulisti,
305 1431 404 1507 hunc
424 1434 643 1521 urbanitate,
669 1434 772 1505 illum
791 1433 1064 1523 magnificentia,
1115 1453 1208 1500 unus
1230 1445 1282 1501 est
1301 1423 1515 1516 Franeisci,
1539 1458 1633 1504 unus
1647 1426 1768 1504 Pauli
1787 1438 1937 1509 animus.
1989 1436 2109 1511 Obse-'
2195 1427 2215 1435 ..

89 1562 128 1611 ue
148 1552 248 1610 certe
277 1537 419 1608 caritate
441 1536 648 1622 devinxisti,
678 1549 785 1606 utne
809 1536 896 1629 quid
920 1533 1063 1605 interim
1116 1553 1175 1601 cro
1214 1534 1422 1604 committite
1461 1547 1597 1605 vestrae
1617 1530 1851 1633 ‘humanitati
1887 1534 2105 1634 Philippum.

89 1639 263 1812 ppriosins
276 1636 394 1710 dicam
409 1640 453 1708 de
467 1638 624 1732 reliquis.
674 1633 770 1727 Ergo
788 1650 822 1706 te
839 1660 988 1731 quaeso,
1012 1635 1063 1704 mi
1114 1629 1204 1701 Vale
1230 1633 1349 1703 foelix.
1424 1630 1590 1706 Ioannes
1611 1631 1783 1732 ilderzger
1807 1655 1842 1712 te
1868 1643 2005 1731 salvum
2032 1666 2104 1714 esse

130 1737 210 1824 ule,
232 1741 329 1810 sinas
344 1755 386 1811 ut
400 1740 519 1833 aliqua
535 1762 602 1809 nos
614 1753 713 1832 parte
729 1739 781 1809 tui
792 1739 970 1809 fruamur:
997 1732 1064 1806 hoc
1115 1733 1222 1825 cupit.

89 1856 141 1929 st,
163 1841 304 1913 mutuis
327 1842 448 1932 gratiis
469 1866 572 1926 enm,
597 1864 701 1937 quem
713 1840 915 1933 pectoribus
929 1838 966 1913 S.
981 1862 1064 1908 san-

89 1957 146 2015 tus
158 1944 297 2015 infudit
311 1944 459 2029 nostris,
482 1966 640 2013 amorem
655 1942 758 2027 alito,
782 1955 958 2012 amantem
974 1964 1064 2010 ama.

89 2042 247 2117 Fortassis
267 2059 374 2115 erunt
394 2045 617 2115 conditiones
634 2067 752 2130 meac,
777 2056 818 2113 ut
841 2044 974 2138 spirare
996 2039 1065 2111 ali·
1122 2028 1189 2102 Nn·
1215 2031 1251 2102 9·
1965 2048 2011 2129 (s.
2040 2054 2093 2133 d.)

122 2146 132 2164 .
303 2144 312 2162 .
424 2146 433 2163 ,
539 2146 548 2164 ,
908 2143 921 2184 ,
1119 2125 1258 2153 „W
1654 2148 1659 2157 1

89 2138 1066 2337 tffllttttfflatteattttt·datast
1362 2224 1366 2229 ·
1398 2184 1623 2271 Bonan
1654 2188 1822 2276 Mauro.

89 2344 272 2424 MDXVIL
1183 2339 1359 2422 Propemium
1374 2341 1506 2424 ¹versionis
1521 2343 1617 2399 latinae
1635 2365 1688 2409 „ex
1707 2355 1802 2401 octavo
1823 2349 2008 2407 convivalium
2026 2374 2105 2427 quae

674 2404 685 2449 t
1217 2420 1337 2463 stronum
1363 2408 1434 2463 labro
1462 2410 1662 2477 Plutarchi
1686 2414 1719 2467 de
1744 2425 1808 2469 nota
1831 2415 2023 2542 Ργίὴεᾶοτίω,
2053 2445 2105 2497 qua
2154 2445 2158 2454 ,

1218 2477 1350 2548 hospitem
1369 2477 1552 2533 llirundinem
1575 2481 1660 2553 recipi
1685 2480 1825 2538 nolebant.
1868 2486 1910 2539 Pa
1932 2527 1939 2541 .
1961 2490 2104 2546 Melanch-

1219 2548 1305 2599 titone
1318 2547 1490 2619 interprete.”
1557 2568 1605 2601 uae
1616 2551 1724 2621 quidem
1741 2553 1829 2607 verno
1843 2572 1896 2609 uua
1912 2576 1973 2612 cum
1982 2559 2007 2613 Ι.
2018 2560 2105 2615 θειο-

89 2624 146 2697 Νο,
166 2626 203 2697 8,
495 2674 506 2683 ,
641 2630 717 2710 (hou
730 2653 827 2710 mmo,
854 2645 888 2693 ut
904 2630 1048 2712 videtur.)
1218 2617 1363 2682 lampadii
1376 2615 1499 2671 eratione
1518 2547 1554 2669 3
1566 2615 1676 2671 Clerum
1697 2629 1723 2671 et
1736 2619 1855 2692 Epistola
1869 2623 1982 2693 lyndie
1995 2629 2028 2683 ad
2042 2629 2106 2702 Hip·

89 2720 215 2747 m
628 2726 1062 2770 m
1219 2683 1365 2755 parcitum,
1384 2685 1497 2751 aCosp.
1513 2685 1668 2738 tauri-erto
1687 2688 1816 2772 latinitate
1834 2689 1946 2755 donata,
1964 2694 2107 2768 Hagenoae

1218 2771 1234 2806 a
1253 2789 1261 2805 .
1280 2750 1386 2806 Thom:
1397 2752 1574 2807 Aushelmum
1595 2754 1636 2808 M.
1651 2754 1688 2809 D.
1704 2756 1894 2814 xv11.1neto
1911 2764 2022 2833 prodiit.
2057 2768 2105 2835 (cf.

246 2799 407 2890 Eidem
431 2798 572 2883 Paulo
599 2797 653 2883 dt?
668 2799 891 2913 Beidberg.
1282 2821 1342 2873 aeri
1356 2819 1457 2904 huual.
1473 2822 1711 2906 typogr.·Vll,88.
1729 2825 1798 2907 lit.)
1846 2825 1950 2909 liecusa
1970 2844 2009 2887 est
2031 2846 2058 2889 et
2077 2835 2105 2889 io

1219 2887 1362 2943 Plutarch
1405 2890 1610 2943 wemereste
1644 2894 1782 2964 opusculis
1822 2897 1997 2966 qmbusdam,
2034 2902 2105 2957 Des.

140 2977 265 3052 nepa.
280 2979 328 3035 as·
342 2977 393 3034 v1·
411 2997 472 3051 pac·
487 2979 529 3033 ¹2
1218 2956 1742 3095 ttettttttataffttttt
1753 2964 1882 3099 tata
1896 2970 2106 3094 iiiiii}
2228 2986 2229 2993 ‘

102 3107 260 3205 (Nostis
293 3108 336 3184 V
333 3111 390 3182 ir⁰
417 3104 499 3186 Da·
534 3105 659 3180 Paul
664 3135 685 3181 ⁰
730 3107 783 3224 42
816 3107 1043 3209 Betsserg
1219 3094 1718 3219 sententiatos
1732 3100 2106 3242 ttttt¹¹ttitt‘2l⁰t

452 3210 571 3281 amico
595 3213 695 3308 Suo.)
1221 3228 1294 3282 Phil.
1315 3181 1539 3284 Meirnchthouis
1565 3231 1598 3284 de
1622 3242 1678 3286 arte
1704 3186 1810 3290 eiicendi
1832 3236 2027 3298 declamatione
2052 3255 2105 3301 etc.

1219 3297 1573 3432 fflpqnptapnsqqiuttiqptplag.
1583 3298 1631 3354 Gi
1644 3319 1718 3375 seqq.
1745 3303 1779 3359 cf.
1788 3304 1897 3358 Ponam
1911 3306 1929 3361 Ι.
1944 3328 1967 3362 c.
1980 3311 2036 3371 Vll.
2046 3314 2104 3366 116.

1529 3367 1642 3423 'ethicis
1661 3391 1684 3425 s.
1704 3370 1851 3428 naturalibus
1873 3377 2019 3445 opusculis.
2044 3381 2105 3446 (Pa-

89 3338 183 3437 Salve
195 3364 248 3435 mi
263 3360 385 3434 Paule.
435 3354 537 3428 Nihil
552 3359 715 3429 omnium
730 3362 867 3450 aegrius
889 3363 1067 3432 desidera·

1220 3454 1290 3489 rastas
1306 3434 1383 3490 1544.
1401 3434 1463 3504 lul.)
1481 3435 1530 3490 sol.
1542 3436 1594 3490 ³35
1604 3457 1679 3510 seqq.
1731 3441 1767 3494 F.

89 3486 170 3553 uus,
194 3492 217 3535 o
234 3457 376 3547 Paule,
409 3484 486 3552 spes
511 3485 549 3529 ac
571 3463 676 3531 decus
696 3463 843 3531 eximiae
859 3464 1066 3552 nobilitatis,

89 3555 1066 3684 mliteftsstuasefffmonffl's‘us')”⁰⁸¹010l080·
1143 3587 1400 3690 Philippus
1441 3588 1784 3667 Melanchthon
1825 3596 2080 3676 Bernardo

89 3664 243 3741 &tarnat
266 3666 330 3735 rlle
352 3677 386 3734 te
408 3687 536 3750 amice,
558 3687 608 3733 src
632 3688 695 3754 ego
712 3664 789 3734 colo
805 3690 880 3735 non
895 3681 929 3738 te
946 3669 1065 3752 modo,
1462 3690 1634 3767 Mauro
1659 3691 1696 3793 ἱ)
1723 3695 1762 3768 S,

89 3788 283 3863 quanquam
295 3781 330 3837 te
351 3765 522 3850 maxime,
547 3766 608 3834 sed
626 3765 724 3834 illam
747 3765 860 3857 ipsam
877 3792 985 3861 quam
1005 3791 1066 3837 us-

89 3892 145 3962 qne
166 3894 208 3939 eo
231 3868 364 3961 spiras,
389 3864 565 3938 virtutem
618 3864 766 3954 Quoties
789 3891 863 3937 non
886 3869 1066 3958 mentione
1115 3840 1322 3931 Plutarchi
1348 3857 1567 3930 convivalem
1597 3862 1916 3956 quaestiunculam,
1956 3899 2025 3994 qua
2049 3903 2105 3946 sa-

89 3972 233 4041 mminis
256 3971 313 4040 tui
339 3969 599 4061 propemodum
628 3991 732 4038 sensu
763 3969 913 4039 aliarum
948 3986 1066 4041 rerum
1117 3986 1192 4032 cras
1226 3963 1364 4057 aliquot
1399 3953 1619 4053 Pythagorae
1655 3977 1756 4034 notas
1801 3992 1864 4039 ceu
1900 3969 2104 4074 iepoytvpa
2191 4032 2195 4039 .

89 4072 297 4143 excidimus?
337 4069 491 4158 Quando
506 4093 580 4141 non
594 4069 642 4138 ob
657 4094 738 4155 ora,
763 4072 810 4141 ob
826 4071 947 4141 oculos
961 4066 1066 4140 Pau·
1117 4062 1387 4155 interpretatur,
1430 4061 1516 4130 letio
1544 4075 1725 4157 uteunque
1760 4068 1956 4158 vindicavi,
2000 4081 2104 4169 plane

89 4167 140 4243 les
159 4173 304 4244 delitiae
334 4172 498 4241 nostrae?
548 4170 636 4263 Spes
668 4194 755 4256 una,
786 4173 933 4243 unicum
960 4174 1066 4244 docus
1117 4161 1358 4257 αὐτοσχέδιον
1376 4156 1592 4257 nuseium,
1620 4190 1690 4259 (1¹10
1708 4168 1805 4255 aliis,
1830 4197 1920 4265 quae
1938 4177 2103 4272 frequens

89 4274 264 4347 mum?
315 4267 352 4343 Ο
367 4266 507 4356 Paule,
529 4273 583 4342 fac
605 4273 755 4341 sciamus
770 4275 890 4343 omnia
905 4297 972 4343 nos
994 4287 1065 4348 tua.
1116 4267 1156 4333 in
1191 4268 1356 4336 manibus
1397 4260 1528 4348 habeo,
1571 4266 1825 4356 praeluderem.
1901 4273 1992 4347 Eam
2026 4283 2103 4365 tihi,

91 4370 178 4463 Quid
195 4397 311 4468 nsqrm
330 4396 451 4444 rerum
472 4373 566 4466 apud
582 4372 638 4443 te?
689 4371 836 4443 lnterim
860 4369 904 4444 F
900 4372 1065 4456 rosiciaci,
1115 4360 1309 4436 Bernartie
1349 4366 1623 4455 elegantissime,
1665 4369 1781 4442 dicare
1810 4375 1925 4446 visum
1956 4395 2025 4468 est,
2069 4401 2102 4455 et

93 4496 154 4544 uon
171 4477 349 4560 dubium,
378 4476 488 4545 amice
508 4490 613 4566 atque
635 4474 721 4543 adeo
741 4500 806 4567 pro
831 4477 974 4566 ingenio
990 4491 1065 4564 tuo,
1116 4468 1189 4553 illi,
1223 4469 1388 4563 quoiam
1416 4481 1493 4562 tyro
1519 4471 1704 4555 exerceris,
1737 4474 1957 4549 declamandi
1984 4500 2100 4577 aptam

94 4577 294 4650 &mineris
344 4574 480 4647 Forsan
496 4577 614 4669 aliqua
628 4589 726 4666 parte
744 4573 932 4670 Philippus
956 4578 1066 4649 inter·
1116 4571 1254 4661 generi,
1285 4571 1359 4639 sive
1378 4593 1515 4659 graece,
1541 4568 1615 4638 sive
1636 4572 1745 4643 latine
1767 4578 1881 4664 voles,
1908 4595 1942 4652 et
1956 4587 2101 4658 obeun-

98 4675 174 4752 c'dit.
222 4676 382 4749 Futurus
396 4679 426 4747 si
446 4702 510 4771 per
530 4679 601 4747 fata
626 4675 728 4747 liceat
752 4692 786 4749 et
808 4679 981 4749 virtutum
1003 4705 1066 4750 ve·
1116 4673 1181 4741 dae
1213 4671 1469 4742 adulescentiae
1502 4687 1582 4742 tuae
1611 4676 1841 4748 necessariam
1870 4681 2099 4778 παραίνεσιν.

1116 4771 1213 4861 Quid
1243 4774 1337 4843 enim
1360 4788 1432 4844 tam
1453 4789 1606 4864 praestes
1628 4790 1783 4867 oportet,
1822 4806 1928 4874 quam
1956 4784 1998 4858 τὸ
2024 4794 2101 4871 τοῖς

123 4920 176 4995 aa
194 4921 586 4993 carmamsuaanus,
609 4925 943 4998 testanturregum
959 4927 1064 4982 esne·
1115 4870 1278 4971 ayaaotg
1297 4878 1421 5001 “Mi
1432 4874 1657 5003 ξυγθμᾱὲἷγρ
1685 4871 1906 4952 utPlatonis
1921 4901 2000 4959 utar
2018 4916 2099 4960 ver-

150 4994 467 5065 hathonispraeecptor,
483 4995 517 5048 de
549 4992 754 5048 quelanthon
768 4995 937 5049 intermunt
951 4996 1062 5051 decor·
1648 5006 1660 5043 t

149 5063 264 5134 figendis
275 5060 474 5142 adulescentiae
485 5012 581 5116 studiis
598 5063 632 5128 (a.
646 5064 733 5131 1518.)
749 5065 814 5118 haec
829 5063 936 5119 scribit:
960 5063 1062 5129 „Ami
1491 5130 1499 5144 ·

150 5148 193 5187 ns
204 5131 271 5185 mihi
290 5130 424 5211 quippiam
440 5139 550 5212 estnon
564 5131 762 5216 vplgaris,·sub
776 5150 838 5214 'qpo
858 5134 976 5216 primum
995 5151 1064 5202 puer
1147 5134 1176 5200 Ιθ’)
1190 5133 1334 5204 Discipulo
1355 5149 1405 5187 suo
1427 5128 1582 5212 Tuhtogae,
1605 5131 1679 5215 quod
1698 5131 1781 5206 ipsius
1796 5138 1946 5195 Bernordi
1963 5144 2096 5206 distichon

150 5197 1061 5324 creettestatamentiastuta
1199 5221 1308 5323 ‘aaa
1330 5198 1588 5322 aestates,
1601 5201 1964 5340 attestatum
1981 5215 2124 5314 aee.

151 5276 317 5391 ἔπειξις
326 5333 498 5416 Stadthups.
516 5334 668 5390 eruditione
681 5286 795 5416 scoliae
808 5355 906 5408 genem
925 5336 987 5402 tali,
1004 5290 1063 5394 nti
1181 5338 1216 5391 ita
1241 5288 1419 5408 imiiiptume
1456 5335 1650 5399 „Bernardus
1672 5292 1800 5396 naarai
1816 5294 1940 5415 Phlippi·
1962 5292 2098 5408 alrami

150 5401 368 5460 tomsacdoctis
383 5404 510 5460 omuibus
523 5404 644 5458 certatim
657 5404 901 5491 diligi-mereatur?
916 5416 966 5460 etc.
1010 5406 1043 5461 F.
1179 5407 1353 5473 ducebatuat’
1408 5403 1445 5458 F.
2139 5382 2151 5445 i

100 5470 252 5547 tumn
269 5480 377 5549 Orsa.
398 5481 482 5546 Ver..
502 5481 528 5549 I.
1254 5480 1282 5548 ᾖ

98 4838 350 4861 *au——
