4500 5782
189 254 265 347 sot
767 258 1199 336 amsroaanuu
1238 262 1359 341 ms.
1385 242 1634 346 urna-aes.
2141 268 2210 355 set

187 430 320 525 poteris
334 432 379 501 de
392 432 604 516 tuoseculo,
629 457 736 526 quam
752 435 782 504 si
796 459 862 527 pro
877 434 975 505 virili
996 435 1177 505 honoram,
1221 438 1341 507 animo
1363 454 1491 528 magno
1512 442 1592 511 sert.
1644 435 1727 535 περὶ
1751 446 1819 513 τοῦ
1842 437 2001 513 ἀλωπεκ.
2028 460 2131 533 saepe
2154 464 2205 511 oa·

187 533 317 605 artium
328 534 445 604 studia
460 535 676 614 excitaveris.
726 534 899 607 Existimo
917 546 1033 607 autent
1055 549 1172 627 tepro
1221 538 1312 627 gito,
1337 540 1510 634 doleoque
1526 543 1600 611 eius
1622 543 1735 611 vicem
1755 544 1990 615 familiariter.
2041 538 2114 612 Sed
2134 544 2205 613 crim

187 648 248 731 tua
274 631 494 707 hmnanitate
516 661 643 728 cupere
665 639 711 707 de
733 639 812 707 altis
834 641 925 709 bene
947 638 1098 722 mereri,
1132 660 1172 706 ac
1220 655 1345 731 reputo
1376 643 1598 731 diligentius,
1640 642 1748 712 video
1778 646 2032 733 gratulandum
2068 639 2134 713 hoc
2157 644 2205 715 itti

187 737 316 807 sentire
337 738 452 808 bonos
471 739 568 808 viros
597 740 725 810 debere
749 764 897 831 operam·
919 744 1025 824 dare,
1063 750 1103 808 nt
1134 738 1171 806 in
1220 765 1312 827 esse,
1337 746 1433 835 quod
1448 744 1486 811 in
1502 769 1541 813 re
1555 746 1689 832 integra
1709 767 1853 815 suorum
1872 746 2059 837 perfidiam
2081 746 2204 837 experi-

186 840 352 911 iuvaudis
385 864 425 909 ae
456 830 647 910 servandis
666 843 770 911 bonis
799 843 1048 912 communibus
1076 841 1177 910 iuxta
1220 856 1289 914 tur.
1341 842 1432 912 Nam
1453 869 1533 914 cum
1557 870 1618 937 per
1634 839 1722 913 mibi
1738 846 1906 915 imbecilli
1924 846 2049 915 animo
2068 846 2204 915 essexi-

185 942 415 1034 proverbium
435 939 633 1035 ἄνθρωποι
658 937 875 1038 ἀνθρώποις
895 945 945 1013 dii
968 944 1063 1012 liant.
1124 937 1173 1010 At
1220 967 1281 1013 sus·
1302 945 1365 1029 sit,
1391 945 1492 1015 nullo
1518 949 1627 1015 mode
1649 947 1805 1037 perime
1824 942 1916 1018 banc
1938 947 2067 1017 fratris
2083 947 2205 1019 dieu-

185 1044 248 1115 ille
270 1039 361 1115 mihi
381 1069 461 1113 vere
481 1045 550 1113 diis
569 1046 693 1113 similis
714 1047 840 1129 fuerit,
864 1047 926 1138 qui
950 1040 1035 1114 baec
1056 1043 1173 1111 studia
1219 1047 1370 1129 tionem,
1396 1048 1499 1117 ducta
1514 1072 1640 1131 uxore,
1667 1048 1850 1138 potuisset.
1901 1047 2028 1140 Neque
2047 1070 2123 1116 non
2140 1070 2203 1118 ms

186 1147 400 1243 excoluerit,¹
426 1171 489 1236 per
509 1172 598 1239 quae
626 1147 786 1237 proxime
805 1150 849 1217 ad
872 1145 1172 1215 immortalitatem
1220 1148 1274 1215 tui
1288 1170 1441 1238 semper,
1469 1161 1509 1216 ut
1523 1162 1611 1218 esset
1627 1150 1709 1217 satis
1725 1149 1835 1217 animi
1854 1152 2022 1218 adversus
2035 1149 2204 1219 invidias

186 1248 393 1319 accedimus.
452 1249 521 1316 Sed
545 1249 683 1332 addixi,
707 1250 863 1341 inquies,
891 1247 1035 1331 biennii¹
1048 1267 1173 1336 operas
1220 1244 1425 1334 habiturus,
1451 1274 1541 1342 quae
1564 1249 1795 1318 mutationem
1818 1252 1910 1320 vitae
1933 1247 2096 1343 undique
2116 1272 2204 1320 secu-

185 1341 382 1422 Frodenio.
439 1346 540 1419 Nihil
565 1376 584 1418 a
608 1364 640 1427 te
664 1351 720 1423 vir
740 1351 871 1442 optime
894 1351 1044 1440 petitur,
1076 1347 1171 1439 quod
1222 1363 1299 1418 tura
1317 1365 1400 1421 erat.
1452 1348 1623 1420 Horatius
1640 1348 1968 1422 scribitllerculem
1984 1364 2069 1442 post
2086 1364 2206 1423 toter-

185 1476 261 1522 non
275 1453 387 1543 possis
402 1446 548 1521 honeste
562 1465 748 1542 praestare.
800 1450 890 1520 Nam
913 1453 942 1518 si
963 1476 1002 1521 ea
1023 1474 1095 1518 una
1118 1471 1173 1516 res
1221 1451 1378 1520 anclatos
1404 1452 1542 1521 labores
1570 1453 1800 1544 comperisse,
1836 1477 1917 1522 cum
1947 1452 2094 1523 invidia¹
2120 1476 2207 1522 sum·

185 1556 318 1637 obstat,
357 1576 427 1647 quo
462 1554 579 1622 minus
608 1556 777 1623 concedas
806 1551 1060 1642 Noribergam,
1097 1562 1174 1638 aget
1220 1575 1319 1620 mrim
1341 1565 1516 1622 certamen
1533 1568 1673 1626 restare.
1726 1551 1848 1646 Itaque
1864 1556 1909 1623 ad
1927 1555 2141 1623 vincendam
2157 1554 2207 1623 in·

186 1681 266 1725 cum
287 1648 473 1727 Frobant'o
504 1669 645 1724 senatus
673 1655 790 1736 urbis,
823 1668 863 1723 ut
884 1656 987 1723 fidem
1009 1669 1107 1724 tuam
1128 1651 1173 1718 li·
1220 1653 1372 1737 vidiam‚
1398 1650 1624 1740 mihicrede,
1647 1652 2207 1746 planeHerculanoanimooput

184 1759 293 1827 beret.
343 1755 500 1826 Proinde
517 1752 584 1826 hoc
606 1757 694 1826 scire
713 1757 879 1848 cupiunt,
904 1780 950 1825 an
972 1756 1002 1823 si
1026 1753 1173 1845 permit·
1221 1768 1283 1826 est.
1334 1750 1509 1824 Existimo
1531 1771 1648 1825 autem
1669 1769 1703 1826 et
1720 1770 1753 1825 te
1768 1750 1937 1825 nonnihil
1954 1756 1993 1825 in
2008 1757 2080 1827 isto
2095 1770 2208 1826 nostro

185 1874 236 1930 tat
249 1853 475 1943 Frobeoios,
499 1853 656 1950 pertrahi
666 1856 899 1946 Noribergam
912 1857 1035 1949 possis.
1073 1853 1173 1922 Mul·
1221 1856 1334 1926 amico
1361 1857 1508 1926 roboris·
1531 1857 1742 1931 desiderare.
1809 1857 1930 1946 Quare
1965 1857 2071 1926 facile
2100 1857 2209 1951 patior

185 1977 240 2033 tae
263 1963 419 2054 prolecto
438 1983 561 2029 causae
584 1974 685 2039 sunt,
709 1984 806 2051 quae,
821 1974 854 2028 te
872 1960 1023 2028 invitare
1046 1980 1087 2025 eo
1110 1957 1173 2024 de·
1220 1952 1287 2029 τὸν
1306 1950 1431 2055 γάμον
1454 1957 1612 2045 differri,
1646 1962 1731 2027 dum
1757 1958 1818 2028 ille
1842 1982 1990 2029 suorum
2012 1958 2208 2031 voluntates

184 2065 332 2147 hebent,
359 2086 445 2155 quas
463 2061 491 2129 si
509 2084 630 2130 omnes
647 2060 863 2150 colligerem,
889 2061 1029 2128 viderer
1047 2058 1091 2125 de
1114 2070 1172 2125 tua
1221 2059 1347 2128 melius
1364 2059 1548 2149 exploret,
1566 2063 1722 2155 dumque
1746 2060 1825 2151 plus
1847 2060 1980 2129 virium
2000 2061 2147 2150 colligat
2170 2060 2207 2129 ad

184 2165 372 2258 prudentia
389 2162 562 2235 dubitare.
615 2163 683 2233 Sed
702 2157 787 2231 haec
802 2176 852 2231 est
866 2161 1064 2253 praecipua,
1086 2180 1173 2250 quae
1221 2185 1295 2228 rem
1322 2162 1633 2232 invidiosissimam
1652 2163 1907 2253 perferendam.
1958 2158 2014 2231 De
2038 2162 2128 2231 meis
2147 2160 2208 2230 mi-

184 2269 378 2361 perpellere
403 2266 562 2334 animum
591 2280 690 2333 tuum
715 2264 881 2347 debebat,
916 2263 1013 2356 quod
1039 2285 1080 2329 ex
1116 2283 1173 2329 re·
1222 2262 1322 2330 seriis
1342 2287 1480 2354 possem
1503 2265 1568 2332 tibi
1592 2289 1667 2333 non
1690 2288 1796 2332 uuam
1821 2256 1947 2334 tudda
1970 2263 2143 2348 scribere,
2182 2261 2207 2331 si

185 2371 284 2462 publ.
309 2367 440 2437 videris
462 2368 632 2449 lactumts,
657 2365 689 2434 si
712 2366 900 2435 eoinloco
924 2363 1040 2434 studia
1061 2364 1172 2432 bona-
1222 2388 1285 2455 per
1306 2366 1546 2434 valetudinem
1574 2367 1706 2437 liceret.
1770 2362 1934 2434 Decubui
1963 2387 2106 2435 summo
2135 2387 2207 2435 erun

184 2495 268 2542 rum
294 2470 479 2542 literarum
508 2468 769 2539 instauraretis.
827 2466 967 2555 Quaeso
989 2467 1107 2556 itaque
1128 2475 1174 2543 te.
1223 2462 1378 2555 periculo
1400 2458 1438 2563 *)
1466 2467 1541 2537 dies
1568 2468 1649 2559 plus
1675 2464 1744 2535 Xll
1768 2469 1881 2559 deque
1904 2490 1982 2535 mea
2009 2466 2115 2548 vita..
2128 2490 2208 2541 non

59 2610 69 2627 .
187 2587 227 2644 ut
251 2575 295 2642 de
321 2587 382 2642 tua
412 2570 594 2639 voluntate
627 2562 923 2660 Boumgorlnaro
950 2567 1173 2656 respondeas,
1223 2567 1296 2657 ipse
1319 2579 1476 2648 tantum,
1503 2570 1562 2636 sed
1585 2582 1618 2639 et
1635 2567 1794 2637 medicus
1815 2569 1885 2637 iam
1908 2569 2124 2660 desperaret.
2174 2566 2209 2638 Si

186 2674 336 2747 Senatus
351 2671 558 2763 praestabit,
580 2684 613 2740 et
627 2683 666 2739 ut
687 2671 773 2739 fides
788 2684 847 2740 tua
865 2670 1053 2747 liberetur,
1079 2679 1113 2735 et
1129 2686 1174 2733 ne
1221 2693 1278 2737 me
1298 2668 1435 2752 videas,
1469 2669 1574 2760 plane
1594 2672 1743 2738 cadaver
1764 2692 1836 2739 esse
1858 2682 1961 2759 putes
1982 2678 2068 2760 prae
2090 2683 2132 2740 ut
2151 2668 2210 2753 lui,

186 2790 220 2847 te
238 2766 416 2864 susceptae
432 2771 647 2842 conditionis
666 2770 854 2863 poeniteat.
906 2771 993 2839 Vale
1014 2768 1174 2837 felicissi-
1223 2793 1301 2837 cum
1318 2770 1413 2861 apud
1429 2793 1491 2839 vos
1507 2772 1668 2861 proxime
1682 2794 1803 2857 essem.
1853 2767 1902 2841 Et
1915 2781 2035 2841 tamen
2050 2784 2125 2841 erat
2139 2784 2207 2841 tum

186 2903 255 2953 me.
305 2874 432 2946 Mense
448 2872 539 2945 lulio
555 2874 594 2942 in
608 2871 772 2944 Saxonia.
824 2870 1030 2953 Erosnmm
1044 2888 1173 2961 quaeso
1223 2871 1311 2939 mira
1335 2872 1460 2940 macies
1483 2873 1640 2965 corporis
1660 2870 1741 2944 mei.
1791 2868 1941 2941 Decrevi
1960 2864 2109 2941 domun
2131 2896 2209 2964 pro-

184 2994 227 3053 ut
246 2974 342 3049 mihi.
358 2978 490 3071 places,
521 3000 603 3044 nam
630 2977 726 3068 quod
749 2976 947 3065 suspicatur
965 2964 1174 3043 Latiarum
1223 2972 1328 3040 ficisci
1358 2975 1404 3041 ad
1431 2966 1603 3058 thermas,
1644 2974 1704 3043 ubi
1732 2974 1879 3065 paulum
1906 2998 1964 3042 me
1989 2997 2150 3043 recreare
2179 2984 2209 3042 et

184 3106 264 3155 mea
281 3080 341 3151 uti.
353 3104 476 3172 opera,
503 3078 736 3155 valdeerrat‚
762 3077 946 3165 egoenim
968 3097 1083 3168 neque
1103 3072 1174 3141 illis
1223 3087 1336 3142 aestus
1362 3074 1543 3146 remiserit.
1611 3070 1659 3144 Et
1685 3100 1765 3143 cum
1787 3070 1922 3169 σείριος
1953 3070 2074 3169 ἀστὴρ
2101 3070 2209 3169 βαιὸν

186 3168 321 3256 acerbis
336 3162 829 3263 conflictationibusdelector,
846 3178 939 3247 nosti
954 3178 1049 3247 euim
1058 3198 1172 3261 meam
1221 3168 1314 3268 ὑπὲρ
1341 3178 1502 3269 κεφαλῆς
1530 3172 1791 3271 κηρητρεφέων
1820 3167 2041 3270 ἀνθρώπων
2072 3174 2208 3273 ἔρχεται

186 3301 366 3369 naturam,
396 3282 490 3352 etin
512 3281 636 3371 primis
658 3274 723 3349 bos
747 3281 838 3348 duos
866 3279 999 3348 nollem
1024 3277 1174 3345 interse
1222 3269 1394 3369 ἠμάτιος,
1418 3277 1543 3349 πλεῖον
1562 3272 1607 3347 de'
1620 3303 1659 3349 τε
1679 3272 1813 3356 νυκτὸς
1834 3276 1997 3371 ἐπαυρεῖ.
2046 3274 2139 3349 Nam
2157 3301 2207 3347 me

187 3387 392 3459 commissos
408 3407 491 3455 esse.
534 3380 587 3451 De
603 3404 705 3450 causa
719 3396 837 3449 autem
849 3381 1016 3471 inprimis
1030 3378 1173 3471 quidem
1223 3378 1381 3446 canicula
1399 3402 1509 3469 paene
1525 3380 1729 3459 extinxerat.
1772 3377 1914 3448 Faciam
1932 3392 2052 3448 autem
2069 3378 2208 3475 iterpet

186 3488 282 3577 Deo,
303 3490 364 3557 sed
386 3502 421 3557 et
441 3483 544 3553 honis
563 3483 648 3551 viris
663 3483 872 3552 senteutiam
886 3504 1000 3551 meam
1019 3504 1075 3549 me
1091 3503 1175 3571 pro-
1222 3474 1411 3565 Noricum,
1438 3480 1542 3570 cupio
1561 3480 1655 3549 enim
1673 3495 1707 3551 te
1722 3480 1841 3549 videre
1859 3493 1893 3549 et
1909 3479 2070 3575 colloqui
2086 3496 2205 3553 tecum

186 3578 353 3662 balurum
370 3610 442 3679 esse
457 3584 607 3654 confido.
639 3585 765 3653 itemm
782 3583 880 3657 Vale.
1107 3612 1110 3619 ·
1222 3574 1367 3648 Mam
1386 3593 1419 3649 et
1438 3574 1639 3665 Eobaaom
1663 3584 1774 3651 saluta
1799 3581 1886 3667 meis
1906 3581 2028 3651 verbis
2049 3606 2206 3655 reveren·

928 3680 1127 3773 Philippus·
1222 3694 1285 3752 ter.
1350 3676 1586 3752 Adamantem
1607 3678 1743 3752 Seilert'
1767 3682 1900 3773 accepi,
1933 3683 1992 3751 cui
2017 3684 2106 3755 alias
2121 3674 2205 3755 ¹'scri-

1223 3784 1316 3854 bam.
1367 3778 1459 3851 Nam
1476 3785 1632 3875 prolecto
1648 3810 1744 3853 nunc
1762 3807 1824 3876 per
1839 3780 2124 3883 invaletudinem
2141 3807 2204 3854 non

1221 3882 1333 3975 potui.
1390 3878 1500 3962 Vale.
1536 3884 1595 3955 'die
1619 3882 1684 3958 lll.
1707 3882 1871 3977 Augusti.
1927 3880 2151 3957 Paccius‘est
2173 3885 2201 3952 in

195 4032 230 4106 N
266 4028 353 4101 Ι394
734 4024 737 4029 -
1021 4030 1053 4092 3·
1071 4022 1147 4107 Aug
1221 3980 1373 4055 comitiis
1392 3982 1527 4077 Spirae.
1555 3990 1559 3997 '
2064 3982 2070 4083 Ἰ
2103 3986 2108 3999 ’

190 4058 365 4161 ..L-2
673 4144 676 4151 .
1011 4072 1166 4141 «κ’
1371 4174 1399 4187 ,‚
1960 4076 2160 4191 Ptatappus.

461 4197 608 4281 Ioucd.
638 4192 895 4281 Cemerorio.
992 4210 998 4219 ·

253 4399 336 4473 aar.
350 4396 384 4452 aa
399 4394 536 4450 omme.
557 4391 639 4465 pta.
1135 4412 1138 4419 ·
1188 4325 1192 4330 Ι
1227 4384 1404 4514 Q
2081 4394 2196 4475 adu

2075 4484 2194 4512 Μ

183 4560 213 4635 I
215 4550 422 4633 oachimo
447 4543 745 4629 Commodo,
771 4540 1042 4639 Bambergensi
1055 4544 1173 4616 amico
1494 4557 1641 4641 bach,
1674 4553 1933 4641 camerario,

552 4675 620 4721 suo
638 4672 796 4728 summo,

183 4792 228 4887 S.
245 4811 291 4885 D.
347 4804 403 4877 De
430 4807 576 4875 adverso
600 4824 681 4870 casu
702 4791 829 4894 Apelli
855 4794 1110 4886 scripseramus.
1127 4800 1170 4867 ad
1288 4748 1425 4820 E⁹'⁸¹⁰¹²‘
1443 4750 1476 4803 ’ἀ
1495 4749 1635 4815 caum
1655 4769 1684 4823 μ’
1698 4749 1745 4815 ⁵²-

183 4942 265 5003 vos,
287 4928 328 4984 ut
343 4911 478 4994 luctum
493 4930 532 4974 ac
545 4926 738 4973 moerorem
762 4895 987 4990 optimiviri,
1000 4898 1172 4981 levaretis.
1220 4901 1466 4978 Ioachimo
1489 4901 1782 4993 cameram,
1806 4903 2082 5006 Bambergml·
2095 4911 2195 4987 amico

183 5018 255 5090 Eas
268 5016 389 5087 literas
402 5007 563 5095 intelligo
582 5028 655 5073 non
669 5026 741 5072 esse
760 4999 915 5085 redditas
928 5000 1049 5087 vobis,
1071 5014 1172 5083 anta-
1205 5070 1211 5085 1
1250 5072 1266 5089 ἡ
1564 5035 1655 5107 ''l-,30
1671 5034 1832 5093 summo,

184 5144 291 5215 ‘luam
319 5115 433 5187 abiret
454 5103 585 5179 3⁵¹hi¹¹⁰
606 5098 772 5201 Apella&
827 5096 953 5187 Rediit
980 5101 1076 5181 enim
1103 5104 1179 5183 '‘h''
1219 5134 1263 5225 S.
1279 5154 1325 5225 D.
1379 5154 1473 5228 Ante
1495 5161 1582 5228 duas
1604 5152 1711 5228 horas
1733 5154 1846 5229 bodie
1862 5160 1987 5231 literas
2007 5166 2053 5233 ad
2077 5177 2111 5234 te
2128 5161 2195 5232 dedi

184 5245 286 5406 31111ῗῖ
296 5200 1179 5403 Prlglsgcglrzsflrffiffgffiluffssffigffi{333⁸
1218 5258 1360 5328 cuidam
1384 5261 1511 5331 nuntio
1526 5259 1800 5359 Noribergensi.
1840 5260 1969 5334 Postea
1990 5266 2068 5337 adit
2082 5290 2136 5334 me
2150 5260 2197 5333 ltic

184 5425 400 5519 Quaererem
417 5411 1012 5505 utdicam,q1p‹treo÷est,rem
1035 5418 1179 5537 tentam
1252 5404 1749 5508 ammaus-synusiastae.-
1783 5430 1816 5489 o
1831 5430 1898 5490 av.
1971 5410 1974 5417 '
