4500 5782
59 252 138 327 sss
665 240 1103 325 uarsrosaaun
1141 236 1251 327 ste.
1283 248 1330 326 n.
1354 202 1514 324 ⁵²1mssi.
1914 278 1919 287 ·
2024 210 2110 333 eoo,
2159 272 2163 277 ·

61 437 154 495 stros
193 417 290 492 nihil
314 422 464 493 istorum
494 418 633 510 tragicis
649 416 872 487 clamoribus
906 440 928 487 a
962 430 1056 487 statu
1109 408 1512 510 quotChristi'nomen
1541 406 1761 508 profitentur.
1820 417 1936 510 Quem
1960 422 2101 494 utinam

61 546 127 597 suo
172 525 341 595 dimotos·
377 523 547 614 tantisper
600 520 815 611 suspendere
864 518 1056 605 iudicium,
1108 533 1181 588 tarn
1223 514 1386 615 synceris
1414 518 1594 619 merstibus
1629 538 1857 608 agnoscerent
1874 516 2099 619 aduersarii,

61 627 195 712 donec,
218 627 305 719 quid
321 624 461 693 anobis
474 623 765 714 responderetur,
790 618 1056 711 cognosceretis.
1108 644 1215 714 quam
1255 620 1481 713 impudenter
1518 610 1557 687 'se
1596 644 1662 712 pro
1699 622 1888 711 religione,
1935 650 2000 717 pro
2041 612 2098 697 sa.

59 725 187 823 Neque
203 750 288 797 vero
306 725 450 810 dubito,
476 725 565 818 quin
584 718 682 793 haud
704 723 852 792 obscure
873 722 1056 792 intellexe—
1107 724 1182 792 lute
1197 722 1439 816 patriae,=·pro
1457 720 1639 831 maiestate
1658 735 1789 808 vestra,
1803 738 1880 819 'pro
1901 727 2005 814 locis,
2031 752 2096 820 pro
2153 734 2162 757 ⁸

61 829 161 915 ritis,
206 828 354 899 istorum
382 826 580 897 orationem
609 824 724 915 magis
755 847 774 893 e
808 823 1055 893 malevolentia
1107 825 1177 895 aris
1209 824 1326 895 dicere
1350 823 1583 896 mentiuntur.
1642 818 1881 896 Vehementer
1903 818 1999 899 enirn
2028 830 2098 899 mi·-

61 932 220 1025 odioque
246 928 379 1014 nostri,
416 952 525 1022 mam
547 948 683 997 vestrae
714 925 897 1015 dignitatis
928 950 969 995 ac
993 949 1057 1017 pa·
1107 941 1198 997 seret
1219 948 1276 995 me
1299 925 1472 995 naucitatis
1488 946 1628 1027 corum·³
1651 925 1790 1019 quoties
1805 929 1943 1017 cogito,
1963 944 2097 1024 quanto

61 1033 152 1105 triae
167 1030 290 1101 salutis
304 1030 422 1101 studio
438 1043 558 1098 natam
572 1052 664 1114 esse,
689 1028 787 1122 quod
803 1028 911 1120 quam
927 1026 1056 1096 callide
1105 1030 1243 1114 surore,
1284 1026 1425 1121 quantis
1458 1026 1670 1097 tumultibus
1704 1028 1890 1098 dominum
1929 1044 1964 1101 et
1999 1032 2098 1103 illius

61 1134 250 1218 simulent,
274 1132 338 1226 qui
354 1131 393 1200 in
406 1126 475 1200 hoc
489 1130 566 1200 ausi
583 1142 668 1200 sunt
683 1128 835 1198 concilio
853 1143 926 1199 tam
942 1128 1055 1198 multa
1106 1124 1287 1199 Christum
1303 1130 1483 1202 invadant.
1504 1122 1677 1196 'Proinde
1690 1153 1832 1221 quaeso,
1847 1132 2097 1225 sapientissimi

61 1235 306 1328 impudenter,
336 1248 408 1305 tam
431 1232 544 1305 multa
566 1232 671 1302 stulte
685 1230 819 1316 dicere,
843 1254 907 1299 vos
922 1229 1057 1298 videri·-
1105 1228 1302 1323 principes,
1331 1254 1388 1298 me
1412 1252 1477 1321 pro
1496 1220 1665 1297 Luthero
1686 1230 1861 1327 dicentem
1887 1258 1961 1303 non
1987 1237 2094 1305 modo

60 1339 107 1408 tis
126 1332 168 1432 ¹).
226 1332 325 1424 Quid
349 1333 446 1402 enim
470 1334 528 1403 vel
557 1332 644 1422 fingi
672 1346 785 1423 potest
813 1331 1055 1423 impudentius
1106 1357 1180 1401 non
1195 1332 1384 1423 gravatim,
1407 1331 1467 1399 sed
1484 1344 1518 1399 et
1536 1331 1725 1421 diligenter
1750 1347 1784 1402 et
1799 1334 1948 1404 sollicite
1964 1339 2096 1411 audites
2139 1367 2148 1384 ’

62 1452 116 1511 tot
127 1440 281 1508 istorum
292 1450 424 1529 tanque
438 1434 587 1505 insulsis
595 1432 814 1503 mendaciis?
852 1432 949 1522 Quid
965 1433 1055 1502 stul·
1104 1433 1291 1505 Namcum
1306 1457 1372 1524 pro
1380 1423 1548 1501 Luthero
1561 1432 1729 1519 dicimus,
1753 1458 1819 1525 pro
1834 1424 1940 1505 sacris
1960 1438 2097 1529 vestris,
2190 1510 2198 1531 ⁸

63 1542 154 1625 tius,
185 1562 296 1633 quam
327 1534 398 1607 hoc·
418 1539 496 1606 loco
523 1530 633 1623 ethis
647 1534 838 1605 'indicilius
863 1532 995 1625 graui,¹
1013 1547 1055 1604 ut
1105 1558 1170 1628 pro
1183 1531 1317 1607 Christi
1333 1535 1513 1619 doctrina,
1538 1558 1607 1627 qua
1627 1528 1720 1602 nihil
1737 1530 1843 1606 habet
1864 1526 1961 1607 orbis
1982 1550 2095 1610 terra-

64 1642 180 1711 videri
200 1640 346 1723 volunt,
378 1661 519 1709 caussae
539 1651 619 1706 tam·
634 1637 784 1707 ridicula
811 1638 854 1705 de
875 1630 1054 1729 sophisti-
1104 1662 1184 1707 rum
1208 1636 1407 1726 augustius,
1439 1636 1602 1708 dicimus.
1665 1632 1728 1707 Isti
1750 1627 1906 1708 sorotis
1932 1639 2096 1715 simulata

62 1744 113 1813 cis
130 1742 418 1837 quaestionibus,
443 1738 675 1828 indulgentiis
690 1752 735 1808 ct
752 1738 930 1808 similibus
950 1738 1054 1827 nugis
1104 1738 1239 1830 patriae
1258 1734 1444 1821 charitate,
1470 1738 1645 1807 ementitis
1668 1732 1801 1807 odiosis
1821 1742 1989 1813 adversus
2007 1734 2094 1814 Lu-

62 1843 283 1916 edmiscere?
334 1839 401 1911 His
427 1840 598 1911 orationis
623 1839 745 1929 figuris
773 1839 847 1907 sive
878 1838 1054 1909 ludificari
1105 1832 1246 1909 theram
1262 1839 1447 1909 calumniis
1459 1837 1641 1907 insinuare
1652 1830 1837 1929 conantur.
1870 1839 1988 1931 Hunc,
2005 1858 2096 1939 quau¹
2191 1926 2195 1931 ,

61 1971 142 2027 cos,
168 1946 243 2014 sive
260 1944 464 2037 eloquentes
485 1942 599 2010 videri
611 1943 772 2026 voluere,
798 1954 891 2010 certe
906 1953 1069 2025 constat,'
1104 1957 1208 2012 tenus
1230 1941 1411 2034 postulant
1435 1963 1575 2009 caussae
1596 1940 1774 2021 rationes,
1807 1948 2095 2018 commendatum

61 2047 235 2139 patientia
249 2060 366 2115 vestra
384 2044 581 2115 accusando
598 2043 900 2135 almos-,aquibus
919 2055 1053 2136 quanto
1102 2044 1198 2117 volo.
1236 2040 1360 2135 Neque
1378 2041 1472 2109 enim
1487 2040 1676 2112 consilium
1692 2056 1754 2129 cst,
1769 2032 1837 2114 hoc
1853 2046 1932 2115 loco
1943 2034 1995 2115 'de
2007 2042 2091 2119 Lu·

63 2149 277 2221 iustius-nos
294 2148 390 2239 piam
404 2144 938 2214 defensuruseaussam-leretis?
986 2142 1055 2213 Di·
1104 2138 1203 2213 theri
1228 2144 1396 2213 laudibus
1424 2140 1620 2236 quidquam
1646 2143 1834 2216 immodice
1861 2136 1995 2235 dicere,
2031 2138 2094 2221 sed

60 2252 147 2323 eum
176 2245 402 2341 Stephanum
433 2250 573 2317 furente
596 2269 772 2339 synagoga
799 2244 917 2314 dicere
947 2246 1053 2315 etiam
1105 2245 1333 2317 caussamita
1355 2244 1597 2331 tractabimus,
1622 2258 1663 2315 ut
1685 2269 1760 2315 non
1782 2248 1959 2345 dubitem,
1979 2254 2094 2343 probe

61 2354 229 2446 princeps
249 2352 471 2420 sacerdotum
490 2348 630 2420 fortiter
649 2347 771 2419 tussie-
817 2344 963 2435 Qua'nto
983 2346 1055 2415 mi-
1105 2350 1345 2419 intellecturos
1368 2370 1451 2432 vos,
1485 2346 1590 2416 istine
1612 2349 1811 2418 consultum
1832 2346 2011 2421 Ecclesiae
2032 2350 2096 2424 vei
2187 2372 2191 2379 '

62 2480 129 2527 nus
151 2478 219 2523 vos
241 2451 425 2535 convenit,
450 2452 513 2546 qui
532 2451 719 2519 nobiseum
733 2448 980 2519 communibus
997 2472 1055 2518 sa·
1105 2452 1189 2537 lint,
1224 2474 1271 2520 an
1290 2441 1500 2534 Lutherus,
1534 2449 1661 2517 ¹istisne
1693 2447 2094 2529 salus'Christianorum

62 2560 128 2637 cris
145 2555 352 2645 inaugurati
369 2553 467 2637 estis,
490 2544 715 2637 Lutherum,
737 2575 783 2619 ne
797 2552 841 2619 de
855 2551 962 2621 sacris
982 2550 1056 2619 dis-
1104 2553 1323 2637 animorum,
1345 2575 1392 2619 an
1412 2542 1581 2620 Luthero
1603 2574 1707 2619 curae
1726 2552 1787 2636 sit,
1809 2552 1913 2623 istinc
1931 2556 2095 2649 maiesta-

62 2674 172 2744 serat,
205 2655 349 2727 arcere?
392 2652 442 2726 Et
462 2649 632 2724 hactenus
654 2654 799 2747 quidem
824 2653 1054 2745 imploramus
1105 2669 1175 2723 tem
1222 2667 1373 2722 vestram
1416 2653 1570 2738 violent,
1621 2676 1666 2721 an
1705 2645 1913 2741 Lacherus,
1964 2658 2095 2728 istosne

61 2756 322 2831 humanitatem
351 2762 523 2841 vestram,
561 2771 607 2827 -ut
632 2754 826 2825 liberaliter
854 2753 1053 2828 audiamur.
1086 2756 1266 2849 ¹¹damnari
1287 2755 1495 2846 impietatis,
1519 2779 1565 2823 an
1585 2745 1988 2848 lutherummporteat.
2039 2759 2094 2831 De

61 2858 254 2937 Caeterum
273 2872 412 2927 tantum
436 2860 554 2943 abest,
586 2872 627 2927 ut
646 2856 783 2951 aliquid
797 2854 842 2925 in
863 2856 1054 2926 iudicanda
1105 2882 1140 2927 sc
1154 2871 1194 2928 ut
1208 2858 1294 2927 mali
1306 2858 1476 2941 sentiant,
1496 2870 1599 2946 negat
1612 2857 1742 2926 referre
1755 2871 1892 2944 noster,
1918 2861 2094 2954 siquidem

62 2972 184 3036 mussa
204 2960 469 3031 misericordiae
491 2957 569 3028 dari
588 2971 766 3050 petamus,
797 2971 839 3027 ut
858 2953 950 3025 nihil
973 2982 1055 3049 per·
1104 2974 1139 3030 et
1151 2958 1284 3029 Paulus
1305 2960 1395 3028 odor
1411 2959 1536 3026 mortis
1556 2971 1630 3027 erat
1659 2959 1704 3027 ad
1733 2974 1883 3030 mortem
1914 2964 2094 3055 perituris.

63 3067 144 3135 inde
186 3077 366 3155 optemus,
407 3075 510 3155 atque
542 3074 584 3131 ut
615 3058 832 3129 severissime
854 3060 1052 3132 iudicetur.
1104 3060 1270 3131 Caussam
1297 3074 1395 3151 optat
1423 3060 1568 3150 probari
1596 3061 1702 3128 bonis
1740 3086 1815 3130 non
1844 3064 1912 3131 alia
1944 3065 2095 3151 ratione,

62 3164 136 3239 lam
158 3165 390 3235 nuncetiam
411 3188 491 3248 vos,
524 3160 738 3232 Germaniae
765 3160 957 3253 principes,
990 3184 1054 3252 per
1104 3184 1209 3255 quam
1236 3164 1332 3254 quod
1351 3156 1589 3229 Christianam
1614 3161 1800 3235 existimat.
1851 3159 1969 3259 Atque
1987 3161 2094 3236 huius

62 3267 267 3340 communia
295 3290 411 3349 sacra,
450 3289 514 3357 per
536 3264 645 3332 fasces
669 3276 803 3332 vestros
836 3262 994 3331 obtestor
1019 3274 1053 3331 et
1104 3263 1296 3332 sententiae
1332 3286 1416 3329 suae
1446 3263 1545 3331 ardet
1577 3262 1694 3330 ubivis
1727 3265 1884 3352 gentium
1917 3268 2091 3337 rationem

63 3372 206 3455 adiuro,
242 3392 289 3437 ne
308 3366 425 3437 velitis
447 3367 486 3435 in
508 3361 577 3434 hoe
598 3365 739 3453 nogotio
762 3362 863 3432 aliud
886 3360 1053 3454 spectare,
1104 3364 1268 3447 reddere,
1295 3377 1427 3456 quanto
1449 3363 1559 3451 magis
1578 3357 1636 3431 hic
1653 3388 1772 3432 coram
1794 3366 1913 3453 vohis,
1939 3394 2094 3462 quorum

63 3496 168 3567 quam
192 3469 296 3565 quod·
319 3469 443 3538 iubent
469 3466 706 3538 sanctissimae
734 3465 856 3535 literae
882 3465 1054 3537 divinitus
1104 3467 1197 3536 avita
1216 3467 1325 3558 pietas
1347 3478 1399 3534 tot
1414 3464 1654 3533 monumentis
1671 3465 1894 3536 celebratur?
1923 3468 2041 3539 Premi
2058 3495 2094 3542 se

64 3572 242 3666 proditae,
276 3566 442 3663 ¹adeoque
463 3571 569 3663 quod
597 3564 748 3657 dignitas
782 3580 916 3654 vestra,
955 3568 1052 3660 quod
1103 3581 1301 3662 queruntur
1324 3565 1518 3635 adversarii
1549 3560 1747 3635 Lutherani
1781 3569 1916 3657 ingenii
1943 3573 2093 3667 viribus,
2214 3590 2217 3595 ’

64 3674 262 3745 communis
277 3671 440 3741 omnium
454 3671 611 3760 gentium
629 3669 723 3737 salus
747 3669 913 3759 postulat.
960 3666 1052 3737 Nam
1104 3670 1198 3763 quod
1226 3670 1263 3737 in
1287 3691 1404 3738 caussa
1426 3668 1512 3751 luit,
1545 3692 1607 3736 cur
1630 3662 1797 3761 hocloco
1819 3672 1923 3740 nohis
1945 3682 2093 3766 respon-¹

65 3790 94 3847 et
116 3774 297 3847 eiusmodi
321 3796 460 3845 catassae
474 3795 592 3862 genus
612 3785 681 3855 cst,
721 3771 817 3862 quod
841 3793 1053 3861 magnopere
1103 3772 1213 3840 dcndi
1242 3770 1463 3862 provinciam
1500 3768 1560 3836 ille
1599 3760 1821 3839 demandarit
1860 3772 2094 3871 volucritqqe,

63 3878 190 3949 uteru
212 3900 279 3945 vos
300 3874 441 3965 penitus
463 3897 671 3963 cognoscere
696 3884 730 3939 et
753 3885 930 3955 excutere,
955 3873 1052 3964 quod
1103 3874 1238 3956 omnia,
1263 3896 1353 3964 quac
1369 3872 1414 3939 ad
1429 3894 1504 3939 rem
1518 3871 1690 3951 facerent,
1713 3894 1760 3938 ne
1773 3891 2018 3946 caussarcntur
2034 3878 2092 3951 isti

65 3978 204 4049 ineam
227 3978 395 4069 pleraque
419 3976 463 4043 de
486 3974 674 4064 religione,
699 3973 743 4040 de
766 3972 894 4063 pietate
917 3973 1053 4042 incide-
1102 3975 1172 4043 sibi
1191 3973 1311 4043 fraudi
1331 3973 1439 4042 fuisse
1457 3972 1684 4063 compositam
1702 3965 1867 4042 Latiari
1886 3978 2093 4063 orationem,

10 4078 15 4085 ’
64 4078 144 4153 rint.
194 4076 301 4149 Certe
321 4078 500 4145 sinistram
520 4079 564 4145 de
585 4098 659 4142 sese
671 4065 863 4142 Lutherus
880 4074 1053 4164 suspicio-
1102 4074 1257 4144 dilucide
1300 4072 1340 4144 a'c
1385 4073 1591 4164 simpliciter
1628 4074 1803 4166 planeque
1849 4100 1914 4167 pro
1955 4080 2091 4169 ingenii

64 4204 142 4251 nero
168 4181 298 4251 tacitus
326 4178 528 4271 deprecari,
574 4198 681 4270 quam
708 4199 859 4266 purgare
887 4175 1052 4246 malebat.
1102 4190 1223 4246 nostro
1244 4176 1408 4261 modulo,
1434 4174 1497 4268 qui
1510 4198 1586 4243 non
1604 4198 1804 4266 possumus,
1831 4177 1898 4245 nisi
1917 4174 1964 4249 τὰ
1981 4184 2090 4267 σῦκα,

63 4280 131 4353 Sed
154 4304 303 4375 pravam
328 4283 373 4348 de
387 4282 503 4351 =rebus
529 4278 653 4362 sacris,
684 4278 731 4345 de
756 4275 882 4345 salutis
911 4291 1052 4347 nostrae
1102 4282 1199 4348 σῦκα
1221 4276 1417 4369 adpellare,
1446 4274 1586 4367 exponi.
1637 4275 1731 4347 Satis
1754 4278 1884 4349 sciebat
1906 4282 2001 4350 enim
2017 4305 2091 4353 esse

62 4381 304 4453 monumentis
319 4382 527 4473 opinionem
547 4379 618 4448 nisi
635 4377 800 4463 revellat,
824 4371 918 4468 proh
937 4403 1052 4472 quan-
1102 4380 1299 4472 quandam,
1330 4393 1371 4447 ut
1390 4377 1513 4449 Cicero
1534 4378 1602 4462 ait,
1635 4377 1683 4447 ita
1711 4380 1931 4475 perspicuam
1962 4384 2092 4455 verita-

61 4498 137 4555 tum
157 4484 261 4554 vobis
287 4496 321 4551 et
343 4482 529 4551 universae
552 4480 768 4571 reipublicae
796 4480 967 4548 damnum
988 4481 1052 4548 de·
1101 4495 1188 4564 tem,
1220 4494 1269 4549 ut.
1288 4504 1364 4548 eam
1383 4479 1560 4547 infirmare
1587 4480 1686 4549 nulla
1707 4502 1765 4549 res
1787 4485 1907 4572 possit.
1976 4482 2090 4557 Porro

61 4586 183 4657 derit?
250 4580 532 4653 Existimationis
566 4605 648 4650 suae
679 4580 847 4649 iacturam
878 4582 1052 4670 gaudebat
1102 4605 1181 4651 eum
1195 4576 1288 4648 nihil
1306 4582 1351 4650 sit
1369 4595 1429 4650 aut
1446 4581 1564 4649 verius
1586 4595 1647 4650 aut
1670 4568 1865 4673 simplicius
1878 4578 2090 4677 Christianis

60 4686 240 4759 malorum
261 4685 508 4755 criminatione
529 4683 622 4767 heri,
652 4683 714 4750 sed
735 4681 894 4750 coelestis
918 4683 1052 4753 doctri-
1102 4682 1292 4771 dogmatis,
1328 4704 1403 4750 non
1428 4694 1518 4767 erat,
1558 4706 1621 4750 cur
1644 4682 1754 4751 ullius
1783 4685 1988 4758 formidaret
2017 4692 2092 4761 elo-

60 4812 146 4874 nae,
188 4812 297 4882 quam
323 4787 494 4875 sangnine
521 4809 584 4854 suo
613 4783 780 4852 dominus
807 4796 928 4853 noster
955 4782 1052 4853 lesus
1102 4783 1299 4876 quentiam,
1350 4784 1484 4851 nedum
1520 4806 1596 4851 non
1630 4777 1873 4855 hircissantem
1913 4793 2091 4880 personati

60 4884 226 4963 Christus
249 4889 330 4957 orbi
351 4890 525 4957 terrarum
545 4885 1050 4967 consecravit,·auctoritatern
1100 4885 1202 4955 istius
1235 4881 1482 4972 ltalogermani
1521 4883 1739 4971 orationem,
1778 4888 1909 4957 scilieet
1943 4915 1983 4957 ex
2016 4908 2089 4961 una

59 4991 210 5063 istomm
232 4990 419 5059 calumniis
436 4988 634 5072 minui,=id
648 5008 825 5054 veronen
844 4981 1050 5057 modoLu-
1100 4978 1350 5057 Demosthenis
1364 4998 1398 5055 et
1410 4983 1743 5057 duabusCiceronis
1757 4989 1896 5078 paginis
1912 5004 1983 5059 tam
2004 4992 2089 5081 scite

60 5084 200 5163 therua
219 5091 349 5160 merito
380 5093 498 5174 dolet,
537 5091 600 5158 s'cd
627 5088 748 5158 dolere
776 5086 915 5159 debent.
930 5106 1050 5184 quot-
1100 5100 1300 5170 consutam,
1323 5102 1360 5159 ut
1375 5086 1555 5171 continere
1570 5084 1667 5183 me²)
1692 5111 1765 5159 non
1785 5090 1977 5181 potuerim,
1999 5092 2094 5187 quib·

1109 5282 1406 5304 —a-1-U-

109 5424 138 5487 1)
156 5419 295 5485 sideritis]
312 5416 474 5492 Mel-oppa
494 5419 629 5483 videretis.
729 5422 731 5427 '
912 5438 917 5445 ·
1152 5422 1180 5489 2)
1199 5422 1290 5480 „me”
1309 5419 1392 5475 deest.
1407 5416 1474 5473 Mel.
1489 5436 1552 5488 opp.

83 5500 264 5567 merrae.
284 5498 388 5563 Orsa.
409 5498 492 5562 Vos.
512 5497 537 5565 1.
1220 5491 1267 5562 19
