4500 5782
105 220 184 305 919

383 558 532 643 Ioaclr.
563 553 820 643 Camerario.

177 755 260 830 Epist.
276 755 310 812 acl
324 753 463 833 §amaran
482 771 508 824 p.
526 754 587 808 111.

189 909 437 985 [oachimo
463 903 735 980 Camerario
766 935 834 980 suo
855 934 1017 994 sommo,

111 1047 154 1137 S.
176 1065 221 1137 Ι).
285 1064 392 1153 Quod
417 1061 636 1154 aliquamdiu
662 1061 783 1131 distuli
807 1065 852 1131 ad
880 1077 913 1133 te
934 1065 1096 1151 scribere,

110 1196 184 1241 non
219 1170 324 1236 modo
357 1162 602 1254 occupationes
635 1163 673 1230 in
701 1187 802 1232 causa
833 1165 993 1251 fuerunt,
1036 1169 1096 1236 sed

109 1273 217 1344 etiam
229 1290 416 1339 aerumnae
434 1279 509 1335 tum
527 1264 691 1355 publicae
710 1277 785 1332 tum
799 1266 982 1356 privatae,
1007 1293 1097 1360 quae

111 1372 279 1469 quoniam
302 1383 418 1438 tantae
440 1379 540 1449 sunt,
573 1366 732 1435 utnulla
756 1390 876 1435 earum
904 1370 1025 1439 solatia
1056 1394 1097 1438 ex

109 1471 167 1546 bis
191 1472 335 1554 studiis,
361 1495 403 1539 ex
425 1469 555 1563 quibus
577 1467 710 1559 alioqui
736 1469 832 1537 soleo
855 1471 1096 1541 communium

109 1577 285 1647 malorum
302 1570 457 1641 remedia
477 1582 610 1660 petere,
635 1569 773 1637 aulerre
796 1594 942 1664 queam,
970 1597 1098 1663 prope-

110 1678 256 1747 modum
285 1697 341 1741 me
373 1673 555 1742 literarum
597 1685 631 1740 et
665 1671 863 1741 studiorum
895 1689 1097 1744 nostrorum

110 1777 310 1873 pertaesum
338 1787 399 1846 est.
424 1812 430 1823 ·
459 1771 510 1841 lta
535 1772 573 1839 so
597 1786 637 1851 ut
658 1772 811 1844 scribere
837 1774 942 1841 etiarn
972 1776 1099 1868 pig'eat.

111 1873 314 1957 Carmina,
341 1874 458 1969 inquit
473 1875 549 1957 ille,
570 1870 785 1969 proveniunt
801 1873 928 1943 animo
946 1871 1099 1946 deducta

111 2004 247 2054 sereno.
304 1976 353 2049 Et
375 1972 461 2046 haee
482 1989 601 2045 nostra
623 1975 880 2069 qualiacunque
902 1993 1004 2063 sunt,
1037 2002 1100 2046 va-

112 2107 219 2156 cuum
237 2080 395 2150 animum
411 2076 608 2171 requirunt.
658 2075 769 2169 Saepe
790 2078 960 2147 etiamad
982 2095 1015 2151 te
1037 2105 1100 2149 cn-

114 2187 269 2282 pientem
294 2182 446 2252 scribere
478 2179 596 2248 fratris
623 2178 675 2248 tui
702 2179 897 2250 recordatio
932 2181 1100 2266 retundit,

113 2312 220 2383 quem
242 2299 325 2376 opto
349 2295 389 2352 ut
405 2279 501 2351 Deus
522 2281 664 2350 tandem
686 2304 726 2349 ex
752 2275 809 2349 his
834 2282 934 2350 malis
962 2285 1100 2355 liberet.

112 2390 205 2461 Nam
219 2384 342 2456 aemilii
357 2379 448 2452 nihil
463 2378 576 2452 habeo
593 2395 731 2472 praeter
746 2378 830 2451 haec
843 2397 935 2453 vota.
975 2384 1102 2473 Quan-

114 2507 192 2562 tum
212 2502 328 2558 autem
355 2486 493 2554 doleam
509 2485 571 2555 tali
586 2508 641 2553 me
660 2497 836 2575 tempore,
866 2486 949 2568 tibi,
974 2501 1015 2556 ut
1037 2510 1100 2576 pro

116 2605 235 2663 nostra
261 2586 508 2658 coniunctione
532 2587 723 2672 debebam,
755 2580 848 2654 nihil
875 2588 951 2678 opis
977 2588 1102 2657 afferre

115 2716 235 2788 posse,
261 2713 334 2758 non
350 2711 492 2778 possum
507 2689 624 2755 verbis
641 2687 824 2776 explicare.

87 2806 95 2814 '
218 2790 481 2863 Commendasti
498 2785 587 2857 mihi
601 2789 777 2881 quendam
789 2792 1017 2873 sacerdotem,
1034 2788 1103 2872 cui,

118 2917 320 2992 quanquam
340 2886 430 2959 mihi
452 2890 534 2959 satis
556 2905 662 2960 notus
680 2903 747 2972 est,
773 2903 893 2959 tamen
915 2890 1019 2958 etiam
1043 2903 1102 2958 tua
1182 2918 1193 2945 ³

119 3021 220 3070 causa
238 2996 343 3085 cupio
367 2993 566 3075 consulere,
592 2992 705 3061 sicubi
724 3015 862 3083 queam.
912 2990 980 3062 Sed
999 2986 1104 3061 Nea-

117 3097 199 3197 poli
213 3091 270 3188 *),
303 3096 508 3187 priusquam
529 3107 610 3163 tuae
630 3093 752 3163 literae
775 3095 1007 3175 advenerant,
1033 3092 1103 3171 iarn

120 3214 194 3273 erat
209 3196 558 3288 designatusPastor.
611 3194 766 3264 Proinde
780 3194 870 3263 alius
885 3195 982 3263 locus
998 3217 1106 3286 quae-

121 3304 253 3374 rendus
277 3313 338 3369 est.
405 3294 522 3365 Miror
543 3309 678 3379 autem,
718 3320 781 3365 cur
804 3295 882 3365 istic
905 3320 980 3365 non
1004 3295 1106 3364 malit

122 3427 213 3487 esse,
236 3402 307 3470 nisi
320 3401 355 3468 id
373 3411 441 3481 est,
466 3399 560 3493 quod
576 3398 754 3487 suspicor,
780 3398 895 3488 quod,
922 3422 992 3489 quo
1007 3400 1105 3488 quis-

6 3517 9 3523 ’
122 3528 190 3600 que
215 3504 293 3572 loco
317 3514 387 3583 est,
425 3512 524 3589 putat
546 3522 583 3567 se
607 3498 842 3567 miserrimum
868 3521 951 3567 esse.
1016 3495 1105 3567 Eius

122 3608 173 3677 rei
187 3618 335 3696 uterque
348 3615 509 3671 nostrum
526 3600 761 3669 coniecturam
776 3602 820 3668 de
829 3601 899 3669 'suo
921 3599 1032 3668 amico
1054 3601 1106 3667 sa-

122 3726 199 3778 eere
214 3718 338 3797 potest.
388 3701 494 3791 Quod
510 3702 539 3770 si
555 3701 653 3769 nulla
670 3723 795 3788 magna
812 3723 913 3770 causa
930 3713 982 3770 est
999 3724 1107 3793 quae-

121 3808 225 3880 rendi
248 3808 335 3876 alias
362 3805 478 3888 sedes,
502 3826 581 3872 meo
606 3801 736 3870 indicio
760 3804 953 3892 prudenter
975 3802 1108 3885 fecerit,

46 3992 51 4003 ¹
122 3913 151 3981 si
168 3909 247 3980 istic
262 3906 444 3978 manserit.

224 4010 382 4080 Libellus
399 4006 470 4089 ille,
496 4028 603 4097 quern
619 4005 687 4086 edi,
706 4005 860 4095 postulat
874 3999 1108 4102 Spenglerus,

122 4129 173 4185 est
196 4115 234 4182 in
252 4112 331 4182 aula
347 4103 425 4204 ”),
448 4120 503 4191 et,
529 4119 570 4177 ut
595 4105 742 4196 opinor,
766 4106 899 4178 edetur.
952 4105 1107 4194 Quidam

121 4218 211 4286 alius
231 4213 375 4296 similis,
407 4209 465 4278 sed
490 4206 633 4276 brevior
656 4208 838 4300 aliquanto
863 4206 1010 4292 latinus,
1039 4206 1107 4274 mi}

121 4317 217 4387 nime
233 4317 271 4385 io
291 4310 358 4384 boc
375 4325 415 4382 ut
431 4311 593 4380 ederetur
614 4310 779 4399 scriptus,
794 4306 1030 4398 Witebergae
1052 4318 1107 4377 me

120 4417 231 4488 inscio
248 4431 393 4486 excusus
412 4426 480 4495 est,
506 4434 610 4503 quem
626 4405 719 4478 nihil
736 4410 861 4478 dubito
875 4412 917 4478 ad
943 4434 1005 4479 vos
1017 4412 1108 4501 'per-

120 4518 267 4589 venisse.
333 4508 434 4585 Nihil
456 4508 582 4596 habet,
621 4511 691 4579 nisi
724 4512 904 4604 quandum
936 4511 1106 4601 puerilem

119 4611 339 4712 κατήχησιν,
372 4627 413 4685 111
435 4613 485 4683 ita
510 4612 642 4695 dicam,
672 4606 895 4682 Christianae
914 4613 1104 4701 religionis.

119 4719 168 4795 Et
183 4738 300 4794 tamen
323 4714 381 4787 hic
405 4731 476 4787 tam
499 4714 616 4782 brevis
637 4713 779 4782 libellus
803 4737 889 4805 quas
911 4715 1106 4803 tragoedias

119 4822 305 4895 excitavit?
338 4806 534 4909 composuit
558 4815 702 4907 quidam
724 4839 742 4884 e
763 4816 893 4884 nostris
915 4808 996 4908 m)
1026 4838 1107 4906 per-

120 4927 280 4996 acerbam
304 4944 388 4991 sane
409 4940 593 4989 censuram
615 4917 654 4984 in
676 4917 713 4985 id
733 4917 917 5008 seriptum.¹
962 4912 1020 5035 ι111
1045 4926 1106 4984 'ex-

152 5164 181 5230 “)
201 5159 331 5215 Neustadt
345 5177 380 5212 an
396 5157 445 5211 der
458 5154 537 5210 Orla.

153 5246 200 5313 *ἢ
221 5242 420 5296 liernittebatur
446 5243 478 5294 ab
504 5238 628 5294 Electore
658 5236 776 5291 bothero
801 5237 827 5290 (l.
855 5234 880 5289 8.
903 5234 960 5293 lan.
990 5236 1057 5295 1628
1080 5249 1106 5295 et

187 5311 287 5385 prodiit
303 5330 394 5364 mense
409 5310 490 5363 Febr.

153 5399 217 5465 W)
237 5394 348 5450 lobrno.
366 5392 502 5465 Agricola.

600 242 605 254 ·
673 214 1115 297 EPISTOLARUM
1163 216 1274 294 LIB.
1310 214 1375 290 lv.
1427 215 1561 295 1527.

1951 164 2133 293 «tn

1144 404 1262 482 specto
1277 391 1380 461 abeo
1396 391 1626 464 acerbiorem.
1676 389 1781 461 Nune
1798 391 1844 461 de
1864 412 1924 459 me
1938 389 2045 460 aiunt
2058 397 2134 465 eim

1088 592 1092 599 ι
1144 485 1384 582 triumphare,
1412 489 1582 584 tanquam
1604 493 1636 560 si
1656 515 1774 581 regem
1789 489 1987 562 Gallorum
2011 491 2052 559 in
2071 490 2140 561 acie

1146 594 1304 684 cepisset.
1370 591 1442 663 Sed
1465 617 1528 683 ego
1560 594 1654 663 dabo
1685 617 1848 685 operam,
1887 606 1932 663 ut
1954 592 2051 663 intra
2077 612 2140 661 uos

1147 707 1380 785 componatur
1395 689 1479 765 baec
1494 718 1569 780 res,
1593 708 1630 764 et
1644 694 1785 764 vincam
1799 717 1879 763 mea
1896 692 2139 763 moderatione

1147 810 1251 889 atque
1282 790 1500 865 humanitate
1534 797 1638 865 istius
1666 791 1950 866 vehementiam..
2007 792 2141 885 Repen-

1148 893 1291 980 bendit,
1314 898 1413 989 quod
1438 921 1512 966 non
1533 900 1679 967 doceam
1700 892 1863 1015 incbo'i
1886 895 2140 986 poenitentiam

1148 999 1192 1067 ab
1216 1020 1336 1067 amore
1358 999 1532 1084 iustitiae,
1574 1000 1741 1092 quodde
1766 998 1855 1086 legis
1879 995 2139 1088 praedieatione

1148 1101 1306 1187 urgenda
1328 1099 1461 1169 nimius
1483 1101 1568 1184 sirm
1609 1102 1706 1193 quo'd
1736 1098 1871 1169 alicubi
1899 1098 1996 1166 male
2024 1097 2141 1167 detor·

1148 1201 1253 1270 serim
1276 1201 1485 1291 scripturas,
1509 1203 1607 1295 quod
1628 1201 1844 1295 quibusdam
1865 1199 1956 1267 locis
1970 1193 2142 1270 Christia-

1149 1326 1231 1371 nam
1247 1302 1445 1370 libertatem
1461 1302 1633 1372 laeserim.
1685 1301 1784 1374 Facit
1802 1325 1860 1369 me
1879 1301 1935 1367 bis
1954 1298 2142 1391 Papislam.

1148 1402 1208 1473 Sic
1228 1426 1291 1492 ego
1315 1404 1421 1473 audio
1444 1406 1539 1495 apud
1558 1404 1700 1476 amicos.
1757 1400 1852 1473 Nolo
1877 1415 2001 1471 autem
2020 1414 2056 1471 te
2080 1395 2140 1471 hac

1148 1505 1368 1575 dissensione
1398 1506 1587 1597 quicquam
1613 1505 1767 1588 moveri,
1812 1502 1915 1573 dabit
1946 1496 2060 1587 mihi,
2101 1516 2141 1571 ut

1149 1629 1270 1696 spero,
1293 1603 1390 1677 Deus
1407 1601 1500 1675 hane
1512 1619 1686 1689 mentem,
1711 1629 1757 1674 ne
1773 1605 1861 1696 quid
1877 1603 2025 1687 faciam,
2050 1606 2142 1696 quod

1149 1730 1274 1795 augere
1294 1706 1487 1775 discordias
1501 1703 1764 1776 Ecclesiastieas
1778 1706 1901 1796 possit.
1953 1699 2003 1772 Et
2022 1704 2064 1773 in
2082 1703 2141 1773 1111

1150 1808 1226 1899 ipsa
1246 1800 1442 1899 κατηχήσει
1464 1808 1550 1900 quid
1572 1808 1671 1878 aliud
1692 1819 1830 1876 secutus
1853 1830 1956 1890 sum,
1983 1805 2075 1889 nisi,
2103 1817 2142 1875 ut

1150 1909 1344 1989 necessaria
1370 1909 1409 1979 in
1430 1905 1599 1978 Ecclesiis
1622 1912 1854 1993 docerentur,
1888 1906 2033 1979 omissis
2059 1929 2142 1975 eon·

1150 2009 1331 2080 troversiis
1353 2010 1551 2103 plerisque,
1584 2034 1674 2103 quae
1695 2010 1752 2078 vel
1774 2033 1847 2079 non
1880 2007 2139 2096 intelliguntur,

1151 2112 1207 2180 vel
1227 2113 1272 2179 ad
1295 2111 1460 2202 pietatem
1483 2136 1607 2203 parum
1626 2114 1839 2181 conducunt.
1895 2107 2023 2201 ltaque
2047 2131 2140 2199 prae-

1151 2212 1221 2283 cidi
1236 2213 1420 2304 quaedam,
1446 2227 1488 2283 ut
1501 2215 1661 2306 prudens
1675 2214 1784 2283 lector
1798 2202 2001 2302 intelligere
2020 2224 2138 2300 potest,

1151 2314 1410 2384 dissensionum
1426 2316 1572 2388 semina.

1254 2414 1323 2484 Fui
1345 2411 1493 2509 Targae
1516 2417 1677 2508 proximo
1698 2438 1837 2498 meuse,
1869 2428 1981 2507 atque
2000 2415 2055 2483 ibi
2077 2426 2138 2483 um

1151 2509 1343 2586 Lutderus
1359 2534 1449 2602 erat,
1474 2520 1636 2610 quicum
1651 2518 1763 2588 multa
1781 2541 1919 2586 mecum
1939 2528 2032 2584 esset
2050 2515 2138 2583 loen·

1153 2634 1210 2689 tus
1233 2620 1276 2687 de
1301 2618 1374 2687 suis
1403 2618 1656 2689 afflictionibus
1665 2674 1676 2705 ,
1711 2617 1926 2687 mirabiliter
1957 2616 2064 2686 etiam
2090 2638 2138 2683 me

1152 2720 1383 2811 perturbavit.
1453 2718 1508 2790 Ad
1554 2715 1659 2806 baec,
1699 2722 1790 2791 iacet
1826 2718 1889 2787 ille
1931 2719 2136 2786 deformatus

1154 2821 1300 2891 omnino
1328 2821 1485 2912 scriptis,
1519 2845 1608 2915 quae
1638 2822 1849 2915 quibusdam
1880 2843 1958 2888 non
1982 2819 2137 2888 videntur

1156 2915 1473 3018 evxaracppdrqw.
1522 2920 1668 2999 Etcum
1684 2923 1794 3014 ipsius
1808 2920 2057 2991 misericordia
2069 2943 2137 2987 mo·

1155 3048 1258 3109 veor,
1283 3040 1359 3094 tum
1382 3050 1437 3093 me
1461 3024 1664 3114 gravissime
1684 3023 1781 3112 angit
1805 3022 1948 3113 publica
1969 3018 2137 3091 Ecclesiae

1157 3127 1387 3217 perturbatio.
1436 3118 1630 3194 Scinditur
1653 3123 1827 3193 incertum
1848 3118 1980 3191 studia
2003 3120 2043 3190 r'rr
2065 3143 2138 3191 con·

1157 3225 1276 3295 traria
1306 3222 1457 3319 vulgus,
1497 3242 1548 3311 et,
1587 3227 1657 3295 nisi
1677 3222 1839 3297 Christus
1862 3225 2085 3314 promisisset
2105 3246 2136 3290 se

1156 3327 1342 3399 nobiscum
1357 3331 1518 3398 futurum
1532 3352 1605 3397 esse
1619 3328 1788 3420 usquead
1804 3328 2137 3395 consummationem

1156 3429 1280 3514 seculi,
1315 3430 1472 3521 profecto
1495 3431 1654 3499 timerem
1679 3442 1787 3499 totam
1812 3427 2028 3516 religionem
2049 3426 2138 3519 peni·

1156 3545 1211 3601 tus
1232 3525 1289 3599 his
1309 3530 1588 3601 dissensionibus
1608 3532 1775 3601 obrutum
1800 3529 1856 3600 iri.
1911 3527 2136 3597 Verissimum

1156 3632 1251 3701 euim
1290 3632 1381 3701 illud
1418 3647 1485 3702 est:
1534 3633 1688 3702 nimium
1725 3630 1930 3701 altercando
1964 3630 2139 3699 veritatem

1157 3732 1282 3804 amitti.
1339 3728 1533 3826 διελέχθην
1559 3727 1600 3804 di
1628 3724 1895 3827 τῷΛουθήρῳ
1921 3725 2045 3801 πολλὰ
2065 3724 2141 3822 περὶ

1158 3826 1358 3918 συνάξεως,
1398 3830 1463 3913 καὶ
1484 3829 1652 3930 περὶτῆς
1677 3825 1892 3930 παραδόξου
1924 3825 2001 3903 ὑπό
2032 3853 2139 3904 τινων

1157 3930 1471 4034 ὃογματιζομὲνης
1487 3932 1696 4032 συμμίξεως
1709 3939 1778 4007 τοῦ
1795 3931 1914 4028 ἄρτου
1930 3959 1970 4005 re
1992 3929 2058 4004 καὶ
2074 3925 2139 4005 oti

1155 4061 1273 4130 ματος
1288 4041 1357 4107 τοῦ
1369 4039 1557 4131 Χριστοῦ,
1585 4034 1665 4108 att'
1684 4037 1819 4115 ἐκεῖνος
1841 4030 2070 4125 ἀπεκρίνατο
2083 4035 2140 4125 (lp

1156 4143 1229 4218 coir
1242 4133 1558 4233 διϊσχυριζόμενος
1571 4135 1633 4210 καὶ
1646 4134 1879 4233 ὃιαβεβαιῶν
1896 4131 1993 4230 ἅπερ
2012 4130 2140 4228 σχεδὸν

1155 4235 1219 4311 καὶ
1240 4233 1431 4335 πρότερον.
1477 4239 1554 4331 Ego
1577 4241 1677 4311 nullo
1701 4242 1809 4308 modo
1830 4249 1918 4333 puto
1943 4233 2036 4307 mihi
2056 4232 2143 4309 banc

1157 4342 1432 4410 controversiam
1462 4337 1577 4413 adhuc
1605 4342 1846 4431 attingendam
1868 4361 1953 4407 esse.
2023 4336 2142 4429 Quan-

1157 4466 1262 4535 quam
1278 4459 1395 4513 autem
1410 4443 1493 4512 satis
1507 4438 1566 4514 bic
1581 4443 1714 4532 negotii
1730 4438 1905 4524 babeam,
1916 4453 2040 4509 tamen
2051 4431 2142 4529 nard

1155 4547 1233 4621 τῶν
1250 4539 1541 4635 &traderemur
1556 4545 1671 4632 cogito
1695 4543 1837 4636 aliquid·
1850 4540 2028 4627 scribere,
2048 4540 2143 4613 rides

1157 4666 1245 4737 (pros
1263 4645 1397 4738 ubique
1419 4647 1591 4716 tumultus
1613 4645 1780 4728 excitent,
1813 4667 1893 4713 cum
1920 4643 2060 4710 nullam
2084 4664 2143 4710 ne-

1156 4747 1339 4815 eessariam
1355 4748 1527 4817 rationem
1547 4748 1601 4816 sui
1619 4747 1789 4837 dogmatis
1807 4740 1975 4814 babeant.

1245 4845 1353 4916 ·Haee
1373 4873 1452 4918 cum
1474 4849 1684 4933 scriberem,
1710 4848 1861 4917 vexabar
1877 4839 1952 4917 ὑπὸ
1968 4849 2036 4937 τῆς
2048 4849 2144 4917 11011-

1155 4953 1221 5043 κῆς
1242 4942 1300 5044 *),
1334 4975 1402 5042 qua
1429 4951 1505 5020 dies
1527 4951 1597 5018 iam
1618 4950 1775 5043 quinque
1798 4947 1936 5029 laboro,
1996 4944 2142 5019 (1111111111

1189 5185 1220 5254 *)
1242 5184 1316 5238 ldem
1330 5179 1448 5237 Luthero
1461 5181 1618 5251 scripserat,
1636 5188 1666 5232 ut
1681 5179 1766 5234 intelli
1787 5178 1843 5233 bor
1859 5198 1891 5234 er
1904 5179 2019 5234 hiberi
2037 5190 2142 5250 respon·

1224 5253 1301 5309 sione
1320 5251 1344 5333 (11
1367 5250 1410 5303 27.
1424 5248 1489 5303 Oet.
1504 5251 1581 5305 1527.
1609 5249 1681 5331 .F¹²l¹
1697 5249 1762 5331 blei.
1800 5267 1882 5322 orgae
1902 5249 2045 5307 mense&
2066 5250 2141 5303 111111.

1225 5323 1288 5402 Non
1309 5322 1391 5401 igitur
1413 5318 1494 5385 1528,
1522 5329 1552 5374 ut
1574 5319 1672 5373 editori
1692 5337 1778 5373 usum
1796 5327 1852 5393 est,
1874 5316 1922 5374 sed
1937 5337 2013 5372 anno
2029 5267 2095 5372 1827
2107 5326 2141 5369 est

1206 5389 1465 5462 ,scriptaepntola
1624 5412 1631 5431 ι
1662 5414 1677 5431 ··
1701 5400 1713 5425 ··
1769 5416 1778 5423 -
1828 5406 1861 5429 -·
2042 5398 2048 5407 “
