4508 5782
26 251 108 326 oss
448 190 451 195 ’
612 247 1049 328 ιιιιιιοιιιιιιιι
1099 249 1206 331 ιιι.
1235 251 1303 337 ιιι.
1356 250 1488 330 ιιιι.
1993 257 2094 361 oro
2188 316 2193 329 .

28 429 194 525 venavis
207 426 409 500 blandienti
421 425 542 499 fidere.
593 424 728 520 Scripsi
746 439 866 497 tamen
892 440 928 499 et
941 417 1028 498 Cte-
1075 424 1253 516 periculo,
1280 429 1372 500 clam
1393 426 1566 525 admonui
1585 427 1825 499 blandissimis
1847 443 1881 500 et
1899 430 2084 515 amantis,

28 527 148 600 menti
162 531 254 601 satis·
267 529 398 615 libcre;
432 525 558 619 scripsi
571 520 905 624 CardCampegio.
954 526 1034 601 Ne·
1074 527 1174 595 simis
1189 528 1321 616 literis,
1344 542 1386 599 ut
1403 544 1552 604 caveret.
1604 529 1726 620 Quum
1744 528 1958 602 discessisset
1971 526 2083 621 hinc·

28 633 103 703 scio
121 634 238 728 qualis
252 631 299 704 sit
312 643 428 703 vestra
443 624 619 715 Ecclesia,
651 643 745 702 certe
759 625 846 701 haec
860 630 948 709 tales
962 625 1028 700 ha-
1076 641 1111 698 ιι
1129 623 1247 699 adhuc
1266 630 1389 722 lingua
1413 631 1563 700 saeviret
1586 631 1626 701 in
1644 655 1720 717 me,
1750 631 1876 724 scripsi
1897 633 2067 705 blandam

27 735 105 820 bet,
136 747 179 806 ut
195 726 608 803 versatus-subvemat
628 731 769 825 omnia,
800 745 835 809 et
849 728 928 802 ¹huc
941 731 1028 802 'adi-
1077 743 1112 799 ct
1127 731 1277 802 amicam
1292 732 1489 825 epistolam.
1540 730 1705 804 Tandem
1725 733 1816 804 exiit·
1830 734 1977 826 epistola
1999 759 2081 803 no·-

29 850 114 926 gant
129 834 333 927 Principes,
356 838 399 905 dt
414 828 452 903 tri
467 832 774 913 coerceant'simu‘l
797 848 833 905 et
853 835 967 904 bon‘os
993 846 1028 904 et
1074 828 1348 905 mincEmsmi
1361 824 1508 916 Alteri,
1543 854 1652 928 quarn
1672 836 1881 926 promiserat
1900 835 1962 904 ille
1984 853 2068 929 ψω-

28 936 154 1010 malos.
193 935 350 1021 ,Habent
365 956 505 1028 semper
523 936 565 1003 in
583 946 646 1005 ore'
659 932 915 1026 Evangelium,
946 959 1027 1006 ver·
1077 926 1199 1027 ρώὸης
1204 987 1216 1020 ,
1242 949 1284 1006 ut
1296 936 1385 1007 scias
1399 960 1477 1007 rem
1491 960 1532 1006 ex
1545 937 1739 1029 composito
1755 936 1840 1027 geri.
1890 933 2068 1007 Dissinur-

29 1040 117 1109 bum
132 1036 219 1123 Dei,
240 1039 367 1122 fidem,
390 1032 576 1106 Christum
594 1049 629 1106 et
645 1035 837 1129 Spiritum;
862 1036 893 1106 si
910 1061 1027 1126 mores
1076 1035 1164 1105 lavit
1178 1037 1309 1117 ,stilum
1331 1039 1488 1110 imitatus
1511 1040 1683 1132 quaedam
1705 1053 1778 1113 tua.
1827 1037 1899 1108 Sed
1915 1050 1956 1108 ut
1975 1033 2069 1107 nihil

29 1155 183 1234 spectes,
204 1140 260 1208 illi
277 1140 386 1228 'longe
402 1138 501 1208 aliud
514 1138 723 1232 loquuntur.
776 1135 836 1209 Αιι
859 1140 938 1209 ideo
963 1141 1026 1209 de-
1077 1136 1174 1207 aliud
1188 1141 1254 1225 sit,
1282 1141 1387 1211 toties
1408 1139 1615 1212 contemtim
1635 1140 1804 1233 repetitus
1818 1135 1989 1210 Erasmus
2011 1164 2069 1211 sa-

28 1242 197 1337 pellimus
212 1240 396 1324 dominos&
408 1238 610 1309 ¹Pontifices
625 1253 659 1310 et
672 1237 885 1333 Episcopus,
903 1255 956 1329 ‘ut
971 1243 1025 1311 le·
1076 1237 1121 1308 tis
1143 1236 1258 1330 arguit
1277 1256 1467 1315 auctorem.
1518 1238 1566 1311 Et
1581 1242 1723 1312 videtur
1739 1266 1791 1325 ιιιΙ
1802 1253 1864 1311 tuo
1888 1240 2080 1334 colloquio¹

28 1365 153 1416 ramus
184 1326 385 1413 imitatores·
405 1340 625 1435 tyrain't'bss
651 1341 827 1414 scabiosos
864 1337 1026 1413 Othillo'-
1075 1341 1187 1410 factus
1200 1343 1369 1430 ferocior,
1402 1344 1534 1413 iactans
1549 1367 1585 1414 se
1604 1342 1817 1435 discipulum
1836 1343 1928 1439 eins,
1963 1366 2071 1436 quem

28 1460 143 1517 neset
159 1441 339 1515 Phallicos
359 1443 542 1527 rabiosos?
592 1442 685 1513 Nam
704 1441 801 1541 hunc
821 1469 937 1535 nuper
951 1450 1026 1514 ‘no-
1076 1438 1395 1519 docetLutherus.
1444 1440 1546 1515 Nihil
1567 1445 1639 1514 iam
1655 1445 1769 1515 dicam
1784 1445 1828 1513 dc
1844 1445 1995 1536 puritate
2011 1443 2078 1512 vi-.
2103 1464 2114 1499 ι

28 1550 83 1619 bis
99 1543 362 1617 misitGallia'.''
380 1540 510 1629 Dices,
525 1541 856 1637 olimEvangelium
873 1543 1025 1617 habebat
1076 1557 1131 1613 tae
1146 1542 1261 1631 illius,
1287 1549 1331 1616 de
1347 1543 1502 1617 castitate
1517 1550 1676 1637 linguae,
1709 1547 1993 1638 deprofusione,
2023 1547 2068 1614 de

28 1673 110 1722 suos
126 1647 456 1743 pseudoapostolos,
482 1646 545 1741 qui
560 1649 626 1717 sub
640 1648 779 1739 pietatis
794 1648 899 1719 titulo
916 1670 1025 1738 nego-
1075 1645 1247 1718 fraudatis
1276 1650 1521 1724 creditoribus.
1580 1648 1771 1736 Quomodo
1799 1648 1858 1719 isti
1888 1670 2067 1716 commen-

29 1753 121 1823 tium
136 1754 289 1840 agebant
303 1749 449 1821 ventris.
500 1747 637 1819 Verum
657 1745 722 1820 hos
742 1751 885 1820 interim
906 1764 1025 1820 tenere
1076 1748 1162 1818 dant
1178 1744 1414 1839 Evangelium
1431 1745 1498 1822 hoc
1514 1752 1673 1822 novum?
1722 1747 1841 1842 Atque
1856 1745 1915 1819 hic
1933 1762 1984 1819 est
2006 1749 2067 1818 ille

28 1855 152 1923 fovent
171 1848 211 1921 hi
230 1874 394 1943 proceres
412 1847 619 1940 Evangelii,
653 1843 808 1947 Capito,
842 1853 942 1922 cuius
961 1876 1026 1924 va·
1075 1848 1207 1920 amicus
1230 1876 1416 1945 nunquam
1442 1876 1463 1921 a
1489 1877 1547 1923 me
1579 1855 1714 1938 laesus,
1755 1875 1893 1944 semper
1917 1850 2067 1921 candide

28 1952 142 2025 irities
156 1949 249 2022 mihi
263 1976 402 2045 semper
417 1952 575 2039 oboluit;
608 1947 748 2034 ludio,
784 1953 847 2046 qui
869 1976 1026 2023 scurram
1074 1952 1314 2043 praedicatus,
1357 1967 1393 2023 et
1427 1956 1470 2024 ad
1505 1955 1667 2024 intimam
1698 1952 1974 2024 familiaritatem
2003 1953 2067 2022 ad·

28 2057 230 2148 impurum,
265 2079 307 2124 cx
331 2054 513 2124 occasione
535 2056 696 2125 mearum
719 2056 920 2139 literarum,
959 2077 1025 2147 per
1074 2052 1213 2125 missus.
1247 2111 1265 2118 ..

29 2182 116 2252 quas
133 2157 287 2228 debebat
303 2158 389 2226 dare
405 2160 555 2248 poenas,
581 2157 796 2242 sublevavit,
824 2156 1025 2227 misericor·
1174 2153 1228 2226 De
1251 2150 1431 2257 Capitone
1453 2170 1538 2230 sunt
1557 2156 1680 2242 multi,
1719 2157 1783 2250 qui
1809 2157 1959 2249 pessime
1985 2179 2088 2251 seng

29 2260 125 2330 diam
139 2258 342 2352 appellans,
376 2260 472 2351 quod
492 2254 639 2328 haberet
659 2283 806 2329 uxorem
828 2274 861 2329 ct
884 2273 1024 2329 teneros
1075 2256 1188 2343 tiunt,
1220 2273 1253 2331 et
1267 2283 1329 2350 ego
1345 2284 1421 2331 non
1438 2263 1570 2352 optime
1585 2260 1761 2352 suspicor;
1793 2273 1885 2328 certe
1905 2283 1946 2327 ex
1969 2257 2066 2326 illius

30 2362 172 2434 liberos.
212 2358 287 2431 Nec
301 2360 400 2430 aliud
414 2360 487 2449 agit
499 2359 605 2429 etiam
619 2384 731 2445 nunc,
755 2385 863 2454 quam
872 2372 922 2430 'ne
937 2360 1024 2454 qnid
1075 2358 1222 2430 aedibus
1243 2363 1422 2432 scabiosus
1441 2363 1501 2432 ille
1523 2361 1656 2451 prodiit
1677 2363 1722 2430 ad
1744 2361 1989 2451 excudendum
2007 2383 2068 2429 ra-

30 2462 236 2533 detrimenti
250 2462 375 2553 *capiat
398 2484 455 2530 res
479 2476 513 2532 et
531 2460 624 2531 fama
647 2462 849 2535 nebulonis.
908 2456 1024 2532 Oeco—
1075 2459 1227 2530 hiosum-
1257 2463 1430 2538 libellum.
1501 2459 1726 2534 Thrasonem
1766 2453 2068 2556 Planudorpium
2140 2460 2146 2469 '

30 2558 249 2661 lampadius
259 2563 392 2633 ceteris
407 2563 514 2656 paulo
534 2562 733 2633 modestior
753 2578 820 2649 est,
854 2574 1023 2639 ettamen
1074 2584 1212 2652 semper
1224 2560 1352 2636 habuit
1365 2567 1405 2634 in
1420 2565 1566 2649 deliciis,
1586 2564 1715 2633 deinde
1729 2564 1779 2633 sie
1795 2564 1971 2635 excusavit
1982 2586 2068 2647 sese,

28 2678 87 2753 ost,
100 2666 226 2736 nbiin
241 2662 463 2773 illo'quuqde
478 2656 936 2757 desiderem'Evangelicant
951 2668 1023 2735 sin·
1076 2678 1151 2733 turn
1177 2667 1297 2753 anxie,
1330 2668 1525 2760 tum'apud
1548 2690 1689 2751 omnes,
1721 2679 1763 2736 ut
1784 2665 1846 2735 illa
1864 2666 1941 2758 ipsa
1964 2689 2068 2735 excu-

28 2769 219 2840 oeritatcm.
271 2762 517 2860 Zivinglius,
533 2762 840 2869 ¹'quarit'scditiose
854 2765 940 2839 “rem
963 2778 1025 2859 ge·
1074 2765 1163 2834 satio
1177 2764 1270 2838 mihi
1284 2782 1427 2860 augeret
1441 2769 1690 2861 suspicionem.
1742 2764 1817 2838 Uni
1830 2758 2066 2838 fidebach·

26 2871 92 2943 rit!
163 2867 219 2940 Ne
250 2868 339 2962 quid
359 2867 514 2936 interim
548 2876 822 2940 commemorem
856 2873 900 2940 de
933 2871 1023 2944 aliis.
1076 2861 1198 2951 dioni,
1221 2871 1266 2941 de
1283 2894 1353 2966 quo
1371 2872 1534 2941 nondum
1548 2871 1699 2962 pessime
1716 2870 1843 2942 sentio.
1895 2869 2067 2939 Miseram

26 2970 108 3042 Nou
124 2971 368 3063 assentiuntur
382 2968 503 3055 vobis,
529 2994 596 3040 nec
616 2972 710 3040 inter
729 2995 765 3041 sc
786 2972 1024 3061 consentiunt,
1074 2969 1120 3038 ad
1135 2970 1240 3042 illurn
1252 2975 1451 3066 exemplum
1467 2972 1633 3063 epistolae
1656 2985 1755 3055 tuae,
1788 2995 1895 3064 quam
1918 2971 2067 3061 scripse-

28 3072 275 3167 etpostulant,
299 3083 341 3142 nt
356 3072 517 3164 ipsorum
531 3072 831 3143 auctoritatesreti
846 3076 891 3143 ab
905 3074 1024 3144 omni·
1073 3094 1147 3155 ras,
1186 3075 1226 3141 ni
1248 3076 1369 3158 fallor,
1407 3069 1689 3168 Hymclbcrgio,
1729 3072 1768 3140 in
1789 3096 1859 3165 qua
1880 3072 2066 3141 mirabaris

27 3178 93 3247 bus
125 3169 336 3244 orthodoxis
366 3174 528 3265 patribus
558 3189 591 3244 ιι
622 3174 783 3243 conciliis
811 3175 1022 3247 deficiamus.
1074 3174 1236 3243 nondum
1257 3178 1429 3268 pendere,
1466 3197 1572 3269 quem
1593 3197 1743 3242 noveras
1763 3188 1845 3243 ante
1877 3172 2067 3243 duodecim
2124 3263 2130 3273 ,

28 3275 86 3348 Tu
103 3277 225 3359 doces,
251 3276 369 3345 errare
386 3298 468 3363 eos,
493 3274 556 3368 qui
572 3275 765 3365 imagines,
798 3291 934 3349 utrem
953 3277 1022 3344 im·
1073 3296 1187 3345 annos
1212 3289 1277 3351 etc.
1333 3276 1417 3347 Non
1437 3289 1512 3346 erat
1537 3276 1698 3345 additum
1725 3299 1874 3358 nomen,
1911 3276 1973 3345 sed
2002 3275 2067 3369 qui

26 3379 143 3470 piam,
166 3375 325 3450 eiicinnt.
367 3372 603 3473 {chiinglius
620 3372 769 3476 quantas
795 3371 917 3449 turbas
937 3373 1023 3449 con-
1071 3376 1243 3447 miserant
1263 3376 1539 3450 subindicabant
1561 3377 1678 3447 nescio
1697 3377 1786 3470 quid
1807 3378 1851 3447 de
1867 3373 2065 3459 Thrasone,

27 3474 150 3550 citavit
164 3472 213 3548 ob
226 3466 437 3568 im'agiiies't'
474 3476 533 3548 Tu¹
553 3470 673 3567 doces,
705 3476 839 3569 vestem
860 3476 954 3549 nihil
977 3478 1020 3549 ad
1074 3475 1115 3547 ld
1129 3474 1221 3548 mibi
1234 3475 1413 3564 Hedioni,
1445 3504 1521 3551 non
1538 3481 1585 3551 ob
1601 3479 1717 3565 aliud,
1749 3479 1821 3550 nisi
1842 3492 1882 3549 ut
1909 3493 2064 3564 caveret3

27 3604 104 3652 rem
134 3580 262 3653 facere.
328 3576 402 3649 Hic¹
432 3577 631 3673 complures
664 3583 808 3667 docent,
840 3583 1022 3677 ,cucullam
1073 3582 1228 3653 ostendit
1249 3574 1444 3679 Capitoni,
1470 3575 1607 3680 Capito
1630 3583 1783 3672 glorioso
1800 3581 1919 3655 militi.
1968 3579 2065 3650 Hinc

27 3677 181 3752 omnino
200 3681 462 3756 excutiendam.
526 3678 585 3752 Tu
607 3682 728 3768 doces,
764 3680 958 3778 Episcopos
989 3694 1024 3754 et
1072 3683 1179 3754 fuerit
1193 3685 1266 3771 ille,
1284 3686 1419 3775 gladios
1435 3700 1470 3756 et
1481 3686 1625 3778 laqueos
1638 3677 1821 3757 minitans.
1848 3679 2064 3776 Zwinglius

26 3778 288 3877 Epistoporum
313 3782 581 3863 constitutiones
604 3785 787 3871 serendas,
825 3787 864 3854 ni
886 3800 1022 3877 pertra-
1073 3785 1184 3854 amice
1205 3788 1362 3857 monitus
1385 3812 1405 3856 a
1431 3813 1509 3872 me,
1542 3786 1723 3876 rescripsit
1746 3785 1939 3856 admodum
1963 3785 2064 3855 fasti·

27 3881 115 3957 hant
139 3884 185 3954 ad
207 3883 442 3977 impietattm3
478 3876 518 3953 h'i
538 3886 684 3972 docent,
702 3911 837 3987 ,omnes
860 3910 932 3956 csse
954 3887 1023 3985 im-
1073 3888 1182 3960 diosc.
1235 3887 1336 3977 Quae
1351 3904 1390 3959 tu
1405 3890 1488 3974 scis,
1518 3888 1655 3982 inquit,
1683 3911 1757 3956 non
1773 3888 1977 3957 conducunt
1996 3912 2064 3957 no·

27 3989 101 4078 pias
113 3984 155 4057 'et
168 3981 473 4069 antechristian'as.
514 3981 624 4074 lQu'id
641 3986 801 4060 insanius
820 3984 893 4058 'hoc
913 4011 1022 4079 nego-
1072 3989 1144 4074 bis3
1173 4010 1262 4082 quae
1276 4015 1341 4059 nos
1354 3992 1500 4075 scimus,
1526 4013 1601 4059 non
1618 3989 1836 4058 conveniunt
1851 3989 1933 4058 tibi:
1962 3989 2062 4081 quasi

27 4089 101 4175 tio,¹
127 4082 227 4183 qir'od
248 4080 307 4158 hic
330 4084 517 4180 coeperant
537 4102 625 4177 ante
638 4081 848 4175 biennium,
880 4105 1021 4161 auctore
1073 4091 1133 4160 illc
1149 4115 1229 4160 cum
1245 4091 1376 4176 Paulo,
1408 4106 1530 4184 raptus
1553 4091 1756 4161 intertium
1780 4091 1934 4177 coelum,
1966 4089 2062 4159 didi-

29 4190 131 4261 docto
158 4190 333 4282 quodam,
370 4186 432 4260 aut
456 4190 549 4260 certe
571 4188 693 4265 εοιίο.Ι
739 4192 843 4264 Nosti
863 4192 1021 4263 fabulam
1072 4194 1173 4263 cisset
1195 4217 1321 4264 arcana
1342 4193 1547 4287 quaepiam,
1586 4217 1677 4286 quae
1705 4215 1771 4261 nos
1798 4204 1979 4260 terrestres
2003 4190 2062 4260 fu-

28 4292 69 4363 de
83 4290 262 4382 porcello,
292 4293 393 4362 cuius
407 4292 590 4362 occasione
607 4306 720 4369 sectus
743 4309 795 4365 est
815 4294 939 4364 infelix
960 4294 1020 4365 ille
1070 4307 1203 4385 gerent.

28 4386 306 4486 Segismundus.
368 4390 417 4465 Et
444 4407 562 4463 tamen
590 4391 682 4464 mihi
712 4421 839 4488 parum
868 4397 1020 4467 amicum
1172 4393 1356 4483 Quosdam
1380 4397 1467 4468 novi
1494 4397 1590 4467 viros
1614 4396 1786 4486 optimos,
1820 4394 1883 4489 qui
1904 4419 1967 4487 per
1992 4388 2061 4463 hoc

26 4507 190 4564 amanter
219 4495 380 4579 excusavi
411 4498 506 4586 apud
533 4491 752 4589 Episcopum
777 4498 1019 4584 Basiliensem,
1070 4497 1251 4588 negotium
1269 4497 1354 4569 facti
1369 4511 1452 4568 sunt
1468 4498 1676 4583 deteriores,
1701 4512 1802 4567 utne
1817 4497 1889 4566 iam
1906 4520 2060 4566 comme-

27 4586 223 4666 honorilice
238 4596 360 4666 de'illo
374 4597 597 4690 praedicans,
629 4622 742 4690 quum
763 4600 824 4691 ille
845 4624 1018 4697 nusquam
1069 4623 1205 4671 morem
1219 4599 1304 4671 istos
1319 4601 1585 4692 perditissimos,
1602 4600 1902 4694 quemadmodum
1917 4613 1955 4669 tu
1971 4622 2061 4692 quo-

26 4720 101 4768 non
117 4696 311 4769 blateraret
324 4698 368 4768 i'u
386 4722 461 4769 me:
493 4716 605 4793 quum
626 4701 771 4770 interim
797 4724 918 4771 mensa
941 4726 1019 4772 mea
1070 4727 1139 4796 que
1152 4700 1274 4788 vocas,
1306 4702 1438 4795 quibus
1455 4696 1548 4771 nihil
1564 4716 1616 4773 est
1630 4726 1711 4771 curn
1725 4696 1935 4792 Evangelio.
1987 4697 2060 4767 Ta·

26 4813 60 4871 et
75 4799 282 4887 cubiculum
297 4814 431 4893 pateret
445 4816 568 4873 vocato
583 4800 689 4872 siinul
707 4812 741 4871 et
753 4801 929 4888 invocato,
953 4828 1019 4874 nec
1069 4806 1120 4873 les
1133 4805 1236 4874 video
1251 4805 1400 4891 multos,
1420 4805 1626 4895 praesertim
1641 4799 1718 4888 hic,
1742 4815 1801 4888 ut,
1825 4803 1855 4872 si
1873 4802 2061 4893 probarem

24 4924 178 4996 usquam
191 4902 302 4971 verbo
317 4904 516 4974 laederetur
530 4927 550 4974 a
566 4926 633 4976 me.
684 4899 901 4974 Admonitus
922 4908 1018 4998 qnod
1069 4904 1207 4991 omnia,
1240 4931 1330 5000 quae
1351 4906 1474 4980 scribit
1496 4898 1707 4986 Lasthenes,
1746 4906 1879 4973 nollem
1898 4897 1983 4971 huic
2006 4902 2060 4968 fa·

24 5024 203 5095 nusquam
216 5019 364 5075 cessaret
378 5005 519 5075 vibrare
539 5006 700 5096 linguam
724 5006 763 5075 in
782 5030 857 5090 me,
888 5030 1018 5096 provo·
1069 5007 1180 5078 ctioni
1198 5008 1282 5077 dare
1303 5031 1446 5081 nomen.
1462 5070 1478 5092 ,.
1495 5004 1598 5079 Esset
1619 5007 1692 5076 illis
1711 5005 1995 5083 inserviendum,
2026 5014 2061 5069 et
2164 5090 2171 5097 ⁸

25 5104 102 5173 cavi
119 5103 269 5188 blande,
293 5119 334 5175 ut
350 5129 467 5175 coram
485 5108 709 5192 admoneret,
743 5109 881 5200 siquid
904 5109 1018 5178 oileu-
1067 5108 1218 5179 subinde
1241 5111 1502 5179 numerandum
1525 5109 1713 5192 viaticum,
1751 5131 1834 5175 nam
1853 5100 1921 5171 hoc
1943 5101 2060 5170 solurn

26 5205 143 5290 deret,
178 5228 236 5289 me
260 5207 343 5278 satis
367 5208 562 5293 facturum,
594 5209 723 5285 noluit.
784 5208 906 5298 Quum
929 5211 1018 5281 scri·
1068 5205 1202 5281 habent
1223 5207 1499 5301 Evangelicum,
1537 5212 1633 5303 quod
1656 5231 1794 5299 semper
1821 5217 1924 5293 egent
1949 5203 2060 5294 pleri-

26 5304 150 5397 psisset
165 5306 347 5390 libellum,
377 5309 417 5377 in
440 5333 510 5402 quo
527 5324 705 5385 taxaverat
720 5310 1017 5404 aliquotemagi-
1066 5312 1161 5405 que.
1204 5308 1296 5381 Cum
1321 5306 1498 5381 Phatlico
1523 5306 1614 5380 mihi
1646 5323 1721 5379 erat
1750 5304 2059 5396 congressiuncula

27 5419 153 5495 suasu,
179 5408 289 5504 idque
302 5409 409 5513 muti
422 5410 495 5482 iam
509 5412 710 5502 rescimnt,
739 5413 906 5485 nousine
919 5413 1017 5485 illius
1065 5412 1257 5507 perbrevis.
1313 5410 1403 5499 Eius
1424 5409 1611 5484 historiam
1633 5410 1773 5505 scripsit
1797 5407 1939 5478 cuidam
1960 5403 2059 5487 Con-
