4500 5782
62 202 139 279 4⁰1
555 302 559 309 ¹
608 144 614 155 “
661 194 1100 275 rr1s'roua1suu
1147 198 1328 317 enan.
1381 196 1512 301 1521.
2014 164 2107 283 ¹eos

62 376 137 447 sint
148 366 305 458 Parisii,
329 394 405 443 nou
420 384 483 457 est,
501 370 597 465 quod
610 369 750 442 mireris
763 370 885 457 lector,
912 394 974 442 cur
995 394 1060 465 pa·
1108 373 1219 443 furias
1238 375 1406 449 continet.
1445 372 1577 463 Qualia
1595 372 1700 459 euim,
1722 399 1863 468 quaeso,
1883 378 1992 449 sunt?
2008 380 2105 469 solus

48 470 327 571 urum'propitil
365 474 437 545 sinl
457 464 649 548 'Dullsera
720 467 846 543 Nihilo
877 474 1061 567 qnondam
1109 475 1187 546 vult
1205 499 1337 571 sapere,
1357 472 1552 551 eontemu'it
1565 499 1641 561 nos,
1654 472 1891 551 ¹Manichacus
1909 492 1971 565 est,
1993 478 2105 551 Mon·

61 574 249 679 aequiores
279 578 381 647 erant
411 568 567 645 Gereoni
599 598 685 661 suo,
734 574 814 644 vlro
842 584 907 667 p'er
939 575 1059 646 omnia
1110 590 1214 648 tanus
1243 568 1312 664 est,
1328 578 1485 652 insanit.
1522 574 1760 649 ¹Coerceatur
1793 580 1868 670 igni
1892 595 1926 651 et
1947 582 2102 668 flamma,

48 684 213 773 'magiam
253 680 337 750 rum
356 676 528 781 ¹sanio'res
561 672 678 750 essent
700 668 874 747 Lutetiae
889 686 892 691 '
908 672 1060 752 scholae.
1109 682 1204 773 quod
1224 705 1298 749 non
1324 682 1407 751 sirit
1429 681 1480 750 ira
1502 674 1533 774 Θ)
1552 702 1708 769 congrue
1729 681 1856 754 dicere.
1906 681 2019 755 Porro
2042 679 2101 757 hir
2149 754 2156 773 ‚

54 778 168 857 Nunc
183 776 513 901 qdid‘fierdtss'ibum
528 778 647 859 omdia
663 778 768 871 ple‘na
784 782 867 849 su'r'r't
877 774 1060 872 'Sophisti-
1109 783 1215 852 etiam
1229 783 1355 873 vulgus
1372 806 1595 856 communem
1610 784 1810 853 sensumin
1824 784 1889 855 ista
1906 784 2028 857 fictitia
2046 788 2102 859 ia-

61 882 113 956 ris
127 884 244 981 furis?
260 874 501 975 'Compeiltrhl
517 875 775 967 antemhabeo,
786 872 860 952 'esse
875 882 928 952 ibi
942 880 1058 968 etiam,
1108 885 1237 957 cultate
1261 886 1490 971 desiderabit,
1523 886 1620 979 quod
1645 884 1719 973 igni
1738 884 1856 977 potius
1879 887 2102 977 perdendum

60 980 298 1083 qnibds'nou
322 976 716 1079 dis'pli'cet'Lutiserus,
751 985 813 1055 sed
843 983 890 1054 ita
918 984 1060 1054 evenire
1109 986 1173 1071 ait,
1221 1012 1327 1080 quam
1359 989 1497 1057 ratione
1530 987 1745 1055 vincendum
1778 1010 1850 1057 esse
1879 980 2101 1066 bulherum.

60 1086 160 1159 solet·
177 1112 253 1183 non
274 1088 383 1157 modo
408 1087 447 1155 in
468 1088 591 1170 sacris,
621 1088 685 1156 'sed
703 1099 739 1156 et
763 1083 928 1155 civilibus
948 1110 1058 1177 nego·
1109 1086 1201 1177 Quis
1226 1113 1300 1159 non
1326 1089 1439 1159 rideat
1461 1084 1520 1159 hic
1534 1088 1752 1159 muliebrem
1784 1102 1819 1158 et
1842 1090 1947 1181 plane
1973 1116 2101 1162 mona-

60 1192 139 1276 tiis,
163 1182 317 1259 maxime
331 1212 416 1258 vero
440 1189 483 1256 in·
500 1187 626 1285 sacris,
649 1199 690 1258 ut
713 1202 748 1258 et
771 1187 953 1282 pauciores
974 1189 1058 1270 sint,
1108 1186 1245 1260 chalem
1266 1191 1529 1282 impotentiam,
1552 1204 1587 1260 et
1611 1214 1690 1259 cum
1711 1192 1977 1282 supportatione
1996 1192 2102 1265 liceat

60 1294 124 1389 qsii
141 1293 231 1364 boni
247 1304 347 1375 suut,
372 1305 406 1361 et
420 1291 616 1389 plurimum
627 1290 779 1383 possint,
804 1298 893 1385 quos
910 1290 1058 1360 minime
1108 1288 1198 1361 mihi
1237 1316 1383 1385 monere
1424 1293 1651 1385 spectabilem
1689 1291 1876 1362 dominum
1904 1290 2100 1370 Decanum.

59 1390 235 1491 oportuiti
261 1394 264 1401 '
285 1390 345 1479 ld,
361 1390 474 1495 ‘quod'
491 1388 583 1463 vldit'
597 1392 702 1462 etiam
714 1388 912 1477 Homerus,
943 1417 1059 1489 quan·
1107 1392 1282 1481 Parcatis,
1314 1395 1460 1465 domine
1481 1391 1639 1476 Derane,
1657 1484 1660 1489 ἡ
1677 1416 1741 1463 vos
1767 1396 1849 1465 estis
1878 1395 1948 1467 iam
1977 1396 2100 1473 iratus.

47 1485 173 1593 'quani
187 1486 325 1581 caecus,
349 1488 585 1578 cum'ait,'ed
603 1489 776 1591 χερείονα
793 1496 915 1567 νικᾶν.
966 1492 1059 1583 Quis
1106 1493 1202 1565 Num
1235 1497 1424 1586 ignoratis,
1464 1498 1559 1589 quod
1585 1486 1635 1567 ait
1653 1492 1776 1567 Poeta:
1815 1488 1943 1566 Furor
1972 1496 2102 1597 iraque

60 1592 175 1669 nescit
192 1596 307 1682 enim,
333 1596 371 1664 in
386 1587 600 1693 Capnionia
617 1620 738 1667 caussa
753 1619 819 1688 per
839 1620 927 1691 quas
942 1596 1058 1666 larvas
1107 1607 1259 1668 ruentem
1286 1595 1518 1697 praecipitat.
1586 1595 1769 1691 Nusquam
1799 1621 1863 1689 per
1891 1599 2019 1689 gratias
2049 1600 2101 1671 sie

49 1700 217 1791 'resarta
237 1698 308 1783 sit,¹
333 1722 414 1769 eum
433 1698 581 1769 facultas
608 1698 714 1769 etiam
736 1698 913 1769 diceretur
936 1699 1059 1769 decre-
1108 1700 1327 1791 ineptiarum
1369 1702 1426 1771 vel
1463 1698 1712 1783 Colonienses,
1762 1700 1818 1768 vel
1846 1697 2100 1784 Lovanienses,

60 1806 164 1875 risse.
217 1800 378 1895 Septem,
402 1800 578 1887 nilallor‚
603 1802 648 1869 ad
662 1796 870 1884 summum,
884 1814 918 1870 et
941 1800 980 1869 in
1001 1793 1058 1869 his
1106 1816 1148 1871 ut
1158 1804 1413 1894 propemodum
1426 1804 1566 1873 credam
1580 1800 2100 1874 nonomniuotemeredictum

59 1898 232 1977 monachi
251 1902 403 1999 aliquot,
428 1916 685 1987 convenerant,
710 1904 789 1996 qui,
814 1901 904 1973 sicut
919 1903 987 1995 ipsi
1001 1901 1058 1972 lo·
1108 1928 1181 1974 esse
1193 1928 1213 1974 a
1226 1904 1440 1997 quibusdam
1454 1903 1654 1985 veteribus,
1673 1903 1818 1973 cerebm
1827 1900 1953 1975 Gallos
1969 1929 2099 1981 carere.

58 2016 244 2107 quqntur,
280 2004 592 2097 repraesentabant
615 2002 818 2075 facultatem
839 1996 889 2098 ¹).
948 2001 1058 2093 Quid,
1209 2001 1387 2077 Accusant
1406 2002 1588 2075 haereseos
1609 1994 1837 2089 botherum,
1864 2030 1939 2075 non
1960 2009 2056 2099 quod
2077 2031 2100 2078 a

59 2100 210 2179 sii‘denr'
229 2102 289 2176 hic
310 2106 462 2203 accidit?
512 2102 729 2201 Quanquam
741 2102 825 2205 ¹nou
846 2106 967 2190 refert,
994 2106 1058 2199 qui
1106 2108 1302 2199 scriptura,
1326 2110 1388 2179 sed
1408 2109 1505 2201 quod
1528 2108 1574 2177 ab
1599 2106 1903 2193 irnivcrsitatibus,
1928 2106 1965 2181 S.
1987 2108 2100 2200 patri·

60 2200 302 2301 deirpverinu
341 2206 427 2303 'quid
456 2207 636 2278 decretum
664 2208 726 2294 sit,
760 2208 1058 2278 considerandum
1105 2212 1191 2295 bus,
1220 2208 1390 2280 Consiliis
1411 2209 1605 2280 dissentiat.
1662 2204 1801 2277 Deinde
1827 2208 1941 2302 prima
1964 2210 2099 2301 princi·

61 2298 122 2383 est.
141 2310 256 2397 ¹,N‘ec
284 2309 419 2403 angelis
438 2304 675 2400 Evangelium
697 2310 906 2381 vitiantibus
928 2312 1057 2379 ceden—
1106 2312 1165 2404 pia
1186 2313 1270 2383 fidei
1292 2326 1419 2382 vocant
1437 2309 1735 2394 Universitatum,
1760 2308 1797 2381 S.
1818 2325 1974 2403 patrum,
2000 2308 2098 2381 Con-

60 2414 149 2487 dnm
171 2435 266 2497 esse,
290 2412 390 2483 iubet
403 2407 608 2505 Apostolus.
657 2408 733 2482 Nos
755 2410 900 2481 insulsis
922 2411 999 2481 istis
1022 2426 1058 2481 et
1107 2413 1271 2483 ciliorum
1287 2414 1491 2486 sententias.
1539 2411 1610 2483 Hie
1627 2434 1690 2501 ego
1705 2411 1831 2481 vestris
1849 2413 1953 2481 etiam
1978 2414 2100 2484 decre-

59 2508 367 2609 berle'piuguibus
382 2507 558 2604 magistris
576 2514 721 2600 nostris,
747 2512 809 2608 qui
827 2538 873 2582 ne
890 2537 952 2583 sua
974 2512 1058 2607 qni-
1107 2517 1170 2600 tis,
1206 2516 1237 2585 si
1261 2540 1318 2584 res
1342 2529 1395 2586 est
1419 2516 1585 2597 obscura,
1619 2514 1802 2583 vobiscum
1824 2537 1925 2603 agere
1948 2540 2100 2606 possem.

60 2612 142 2689 d'e'm
151 2612 262 2711 parra
271 2615 434 2707 logicalia
442 2629 536 2687 recte
545 2616 756 2701 didicerunt,
765 2615 947 2687 cedemus?
958 2611 1059 2708 Apo·
1108 2617 1205 2706 Quid
1228 2631 1344 2687 autem
1366 2617 1587 2687 manifestius
1608 2629 1676 2699 est,
1703 2639 1809 2711 quarn
1829 2640 1894 2687 nec
1912 2614 2100 2687 Universi-

60 2718 195 2791 stolum
223 2743 342 2813 neque
366 2724 574 2811 potestates,
621 2742 736 2813 neque
765 2716 984 2811 principatus
1011 2719 1056 2787 ab
1107 2734 1214 2804 tates,
1239 2744 1305 2791 nee
1320 2718 1359 2792 S.
1382 2732 1516 2811 patres,
1541 2742 1607 2787 ner
1622 2714 1782 2787 Concilia
1797 2741 1910 2810 ¹posse
1931 2719 2100 2789 articulos

58 2816 258 2913 Evangelio
281 2820 451 2891 avellunt.
510 2818 585 2890 Nos
605 2820 760 2890 avellant
780 2814 849 2891 hae
867 2816 1056 2889 hominum
1107 2821 1190 2891 fidei
1211 2823 1383 2904 condere,
1416 2818 1706 2913 quandoquidem
1725 2819 1801 2887 fieri
1823 2832 1956 2912 potest,
1978 2834 2019 2890 ut
2041 2846 2099 2891 er-

59 2924 204 2994 larvae?
224 2922 311 3017 quid
326 2922 422 2991 enim
436 2936 519 2993 sunt
532 2935 670 3015 praeter
682 2922 824 2992 larvas?
848 2920 975 2991 Valeat
990 2947 1058 2991 no·
1106 2939 1186 2994 rent
1210 2948 1286 2993 non
1305 2925 1412 2993 modo
1432 2921 1703 3003 Universitates‚
1735 2922 1799 2989 sed
1821 2935 1855 2990 et
1873 2921 1910 2994 S.
1929 2938 2045 3011 patres
2064 2935 2099 2993 et
2163 2928 2168 2937 '

58 3030 143 3097 asch
157 3024 409 3115 magistrorum
422 3038 645 3109 nostrorum,
670 3023 783 3093 valeat
801 3048 932 3093 nomen
944 3016 1058 3092 Pari-
1105 3024 1283 3109 Consilia,
1322 3025 1472 3117 quodsi
1500 3018 1592 3092 mihi
1614 3045 1688 3091 non
1715 3021 1877 3104 creditis,
1913 3017 2097 3095 Oechamo

59 3123 255 3212 sirmium,
280 3129 342 3197 sed
356 3125 396 3194 in
410 3125 483 3215 suis
497 3121 644 3207 scholis,
669 3126 708 3195 in
722 3127 845 3218 repub.
854 3119 1057 3196 Christiana
1106 3128 1229 3197 saltem
1259 3140 1374 3203 vestro
1406 3124 1549 3197 credite.
1610 3119 1752 3214 Ecquid
1785 3122 1894 3213 igitur
1921 3124 2099 3219 principia

59 3222 155 3299 nibil
174 3229 290 3299 valeat
312 3238 586 3320 praeter-vocem
603 3220 758 3312 Christi,
784 3251 890 3323 quam
904 3216 968 3321 iqui
982 3250 1058 3296 non
1106 3229 1188 3297 fidei
1210 3227 1342 3297 vocatis
1360 3221 1548 3296 homirmm
1570 3224 1783 3315 opiniones?
1835 3224 1925 3313 Quis
1948 3226 2100 3316 ignorat,

60 3328 181 3415 audit,
208 3330 238 3400 is
252 3326 387 3401 Christi
405 3320 557 3403 nonest.
882 3418 885 3423 Ι
1104 3326 1243 3401 aPaulo
1259 3329 1393 3400 dictum
1406 3352 1491 3411 esse,
1501 3319 1792 3423 fundamentum
1802 3320 2011 3425 aliudponi
2023 3352 2100 3402 aon

110 3514 114 3525 ,
161 3430 248 3529 Non
262 3425 477 3526 referebat‘)
494 3416 685 3501 admoduln
699 3430 924 3522 respondere,
942 3452 1057 3524 quan·
1102 3454 1220 3529 posse,
1237 3436 1381 3528 praeter
1391 3423 1442 3512 id,
1457 3422 1559 3527 qreod
1568 3424 1728 3524 positum
1742 3435 1807 3513 est,
1829 3429 1989 3524 loquitur
2000 3432 2099 3503 enim

60 3524 115 3605 ³d'o'
139 3547 284 3627 praeter
314 3533 428 3603 nudas
454 3532 716 3625 propositiones
741 3526 834 3601 nihil
863 3533 1057 3625 opponitur
1105 3537 1150 3605 de
1172 3534 1344 3605 doctrina.
1387 3527 1549 3624 -Ecquos
1574 3551 1688 3613 novos
1714 3531 1882 3603 articulos
1913 3532 1995 3602 lidei
2022 3558 2099 3605 ma·

60 3628 251 3722 halbero,
281 3628 345 3729 qni
366 3659 427 3705 sua
451 3635 500 3704 sic
520 3634 678 3727 undique
703 3634 874 3727 scriptura
896 3628 1057 3705 commu-
1105 3637 1204 3726 gistri
1238 3635 1351 3705 nostri
1374 3626 1606 3703 Parisienses
1633 3633 1766 3703 addent
1805 3633 1875 3701 nisi
1906 3656 1988 3703 suos
2016 3636 2099 3709 illos

61 3737 139 3819 niit,
161 3738 202 3807 in
215 3730 343 3835 'primis
355 3750 472 3807 autem
486 3730 541 3826 οὖ)
558 3736 597 3805 in
609 3734 745 3821 libello,
760 3760 864 3831 quem
879 3735 1058 3828 inscripsit
1103 3740 1250 3809 tortasse
1281 3736 1447 3809 rancidos
1472 3749 1506 3804 et
1533 3735 1574 3803 in
1601 3734 1743 3826 popinis
1772 3747 1874 3804 natos
1906 3737 2097 3807 articulos?

60 3834 315 3911 Adserlienem
336 3832 577 3907 articulorum
602 3861 628 3905 a
648 3830 774 3906 Leone
790 3830 839 3909 X.
860 3830 1058 3907 damnato-
1105 3839 1180 3911 lam
1202 3865 1282 3909 cum
1301 3838 1443 3908 articuli
1459 3836 1543 3905 fidei
1563 3836 1656 3907 nulli
1675 3836 1774 3931 sint,¹
1790 3836 1860 3913 nisi
1882 3862 1971 3929 quos
1994 3863 2098 3932 prae-

63 3966 160 4025 mm,
175 3932 225 4013 ¹rit
236 3940 346 4034 impia
361 3938 512 4010 iudicari
533 3939 605 4010 nisi
624 3938 669 4009 ab
685 3938 804 4031 impiis
821 3964 894 4008 non
908 3939 1057 4031 possint.
1104 3942 1318 4032 scripserunt
1334 3963 1450 4009 sacrae
1472 3938 1612 4022 literae,
1637 3961 1703 4006 cur
1725 3938 1874 4028 impium
1900 3953 1967 4022 est,
1994 3942 2052 4010 vel
2075 3966 2096 4012 a

62 4042 202 4129 Tamen
218 4042 376 4112 indicare
389 4036 437 4136 ⁸⁶)
455 4036 576 4133 paucis
590 4041 818 4114 libuitunum
832 4042 1055 4112 autalterum
1102 4042 1290 4127 Conciliis,
1316 4042 1373 4110 vel
1396 4042 1441 4111 ab
1463 4037 1781 4123 Universitatibus‚
1806 4040 1863 4107 vel
1885 4064 1904 4108 a
1927 4039 1962 4112 S.
1986 4044 2099 4132 patri-

62 4146 201 4231 locum,
245 4169 287 4213 ex
308 4168 380 4237 quo
402 4144 585 4213 aestimare
609 4142 746 4237 reliqua
774 4157 808 4214 et
832 4144 990 4213 iudicare
1011 4144 1055 4212 de
1102 4147 1170 4216 bus
1195 4143 1404 4215 dissentire?
1435 4142 1542 4210 modo
1568 4140 1783 4233 ascriptum
1808 4166 1883 4210 non
1910 4141 2098 4217 dissentia·

63 4262 134 4319 toto
152 4248 294 4317 decreto
309 4246 457 4315 liberius
474 4246 597 4338 possis.
1104 4270 1193 4318 mus.
1257 4242 1307 4317 At
1337 4268 1412 4314 non
1444 4242 1607 4312 dissentit
1643 4267 1662 4311 a
1694 4243 1865 4333 scriptura
1893 4234 2098 4334 Lutherrs,

162 4347 365 4441 Principio,
402 4348 473 4416 nisi
493 4346 643 4417 alieuius
665 4344 878 4417 conclueticii
903 4341 1056 4416 rhetoris
1104 4349 1211 4418 etiam
1226 4361 1343 4418 vestro
1361 4344 1518 4415 iudicio?
1543 4368 1607 4415 cur
1623 4343 1731 4432 igitur
1748 4344 1938 4435 impietatis
1955 4370 2097 4419 accusa-

61 4465 112 4524 est
140 4446 323 4545 Epistola,
368 4473 474 4543 quam
513 4446 750 4540 praefixerunt
788 4449 945 4532 de'creto,
988 4471 1056 4517 nae
1104 4450 1186 4520 tur?
1252 4446 1302 4519 At
1324 4446 1487 4519 dissentit
1516 4446 1709 4536 scripturae
1736 4445 1971 4537 expositione,
2007 4475 2097 4545 qnae

61 4554 198 4645 egregie
226 4550 369 4645 ineptiit
389 4546 574 4641 theologus
598 4550 676 4635 ille,
709 4550 869 4643 quisquis
891 4564 959 4633 est,
992 4550 1055 4644 qui
1102 4549 1273 4623 haetenus
1286 4575 1351 4643 per
1365 4562 1499 4641 patres,
1525 4572 1588 4638 per
1598 4544 1776 4630 Concilio,
1801 4572 1865 4638 per
1881 4544 2018 4621 scholas
2039 4577 2097 4623 re-

61 4644 232 4748 scripsit,¹
262 4676 352 4748 quae
380 4646 474 4722 nihil
500 4665 639 4744 praeter
667 4652 858 4723 muliebres
885 4653 1056 4746 quasdam
1104 4668 1202 4746 cepta
1237 4665 1297 4724 cst.
1370 4648 1466 4723 llaec
1500 4665 1568 4735 est,
1604 4664 1645 4721 ut
1675 4649 1798 4733 video,
1838 4656 2097 4725 controversiae

1103 4780 1251 4829 summa.
1302 4751 1372 4823 Hic
1388 4774 1450 4842 ego
1465 4750 1631 4855 Magistri
1651 4750 1783 4835 nostri,
1807 4752 2003 4843 interrogo,
2028 4756 2095 4827 ita.

92 4874 297 4950 pristmum
313 4894 373 4931 rem
386 4895 444 4931 ιοιι
456 4887 530 4931 και
543 4875 827 4948 eognovtssevtdour.
844 4874 966 4948 Magistri
980 4875 1055 4931 enim
1103 4882 1148 4928 ne
1165 4857 1210 4928 sit
1226 4855 1367 4948 prodita
1384 4855 1576 4945 scriptura,
1601 4866 1640 4924 ut
1655 4854 1730 4922 sine
1746 4850 2006 4942 Consiliorum,
2031 4881 2095 4950 pa-

128 4947 272 5029 nepeta
292 4944 413 4999 ¹⁸¹⁶⁸³³²
432 4944 597 5030 partcipem
618 4946 662 4998 ‘¹⁵‘
683 4947 726 5001 ¹¹·
746 4966 787 5028 ¹¹¹:
806 4946 924 5027 4⁰⁸¹¹⁸¹¹
943 4965 968 5001 ²·
990 4944 1056 5000 ¹⁵¹4
1102 4974 1198 5030 trum
1231 4984 1271 5029 ae
1293 4952 1494 5027 scholarum
1517 4955 1753 5047 expositione,
1787 4971 1878 5026 certa
1908 4957 1983 5026 eius
2012 4981 2095 5027 seu-

127 5025 292 5071 sentenrnm
306 5014 339 5068 de
353 5013 374 5066 l.
386 5013 527 5068 lleuclrlmr
536 5014 655 5086 Speculo
669 5013 782 5069 Oculerr
794 5014 930 5071 dixerunt.
963 5014 1055 5083 Quam

126 5086 242 5157 quidm
260 5084 422 5137 aniensium
439 5083 601 5154 ‹t’ttrgenee
615 5084 672 5139 te.
689 5083 723 5137 T.
737 5083 756 5138 1.
774 5083 877 5155 peso.
891 5083 986 5138 edidis.
1021 5084 1055 5143 Ρ.
1102 5061 1211 5136 tentia
1235 5059 1353 5148 colligi
1379 5059 1506 5149 possit,
1539 5082 1585 5126 an
1603 5058 1700 5125 nou?
1751 5055 1891 5144 Quodsi
1911 5058 2093 5148 negabitis,

110 5182 226 5251 &Non
250 5180 396 5246 referebat]
418 5179 487 5235 Mel.
504 5199 569 5253 opp.
589 5180 678 5235 viret.
699 5180 756 5235 ed:
781 5179 854 5235 Nihil
875 5200 933 5236 uon
951 5182 1056 5238 resere-

183 5263 221 5307 rt.
278 5250 314 5304 F.
1103 5256 1372 5273 ”·““““““·“·“·

109 5324 160 5393 δῦ)
174 5322 287 5404 μιιίςιη]
305 5316 388 5373 Deest
399 5317 468 5377 Mel.
481 5337 546 5441 oppi
557 5328 585 5402 et
599 5318 685 5402 besil..
694 5330 720 5374 et
728 5278 824 5374 'vasu
836 5318 900 5403 edd.
936 5320 971 5405 li.
1215 5391 1222 5405 ι
1244 5390 1251 5405 ,
1277 5390 1284 5405 ⁸
1601 5388 1607 5399 Ι
1892 5386 1924 5403 ..
1951 5390 1957 5404 1

109 5386 517 5462 se)ms1we]tttetopp.es
547 5386 740 5444 anletVrteb.
755 5388 816 5445 eds
834 5390 961 5447 andrean.
994 5390 1028 5446 F.
1077 5450 1081 5461 ¹
1153 5391 1183 5457 9)
1201 5399 1264 5444 srvit
1277 5396 1328 5456 rra]
1345 5388 1414 5444 Mel.
1430 5407 1494 5460 opp.
1507 5399 1534 5442 et
1548 5386 1630 5443 llasd.
1642 5398 1668 5442 et
1682 5386 1772 5443 Vrteb.
1786 5386 1844 5441 eda
1860 5397 1936 5443 servu
1949 5400 1994 5447 rte.
2030 5392 2061 5447 F.

85 5472 268 5537 ttnmu.
287 5466 393 5532 om.
413 5466 496 5531 Ver..
517 5464 543 5531 l.
1222 5464 1273 5535 26
