4500 5782
50 381 194 451 beatum
209 377 307 451 dicit.
333 377 429 447 idem
443 377 612 462 dicturus,
628 377 830 471 quicunque
840 378 1045 461 lucrentur,

50 481 150 574 qnod
164 477 293 549 Petrus
307 482 488 549 confessus
503 492 587 551 erat.
940 502 943 509 ·

129 644 137 659 ,
156 578 325 664 Habetis,
346 578 545 671 Principes,
574 580 637 671 qui
659 580 704 649 sit
719 580 870 671 populus
890 579 976 648 novi
993 593 1045 649 te-

51 683 238 767 stamenti,
263 705 391 772 nempe
414 682 475 775 qui
498 677 681 750 Christum
707 683 874 771 agnoscit.
925 680 1046 750 Habe-

52 786 119 869 tis,
143 808 236 877 qnae
250 785 296 853 sit
310 780 524 871 Evangelica
542 782 691 867 institia,
716 808 842 874 nempe
860 783 988 852 fiducia
1007 784 1047 851 in

53 882 251 959 Christum.
310 885 348 977 id
373 886 470 977 quod
494 884 534 952 in
554 885 614 952 illa
637 886 770 973 egregia
798 887 841 952 ad
863 882 1047 955 Romanos

53 984 217 1080 Epistola
236 984 369 1055 Paulus
386 986 473 1076 agit,
499 1010 580 1054 curn
605 986 737 1077 inquit:
790 978 909 1054 Corde
933 980 1048 1054 credi·

55 1082 184 1159 lurad
192 1085 388 1167 iustitiam,
410 1110 469 1157 ore
484 1094 604 1155 eutem
608 1081 661 1178 fit
679 1084 858 1184 consessio
875 1080 929 1155 ad
941 1083 1006 1156 sal
1028 1130 1048 1144 -

55 1199 134 1262 um.
185 1189 293 1262 Nunc
307 1190 443 1269 videte,
467 1191 563 1258 unde
580 1184 666 1258 haec
682 1191 768 1257 novi
783 1190 979 1259 testamenti
994 1192 1048 1259 fa-

55 1294 156 1364 milia
180 1306 264 1362 nata
283 1288 341 1365 sit.
397 1290 491 1360 Nam
513 1316 594 1360 cum
615 1292 682 1375 ait,
713 1282 815 1360 Caro
837 1299 868 1359 et
889 1287 1047 1384 sanguis

57 1418 130 1465 nen
153 1389 327 1463 revelavit
351 1389 435 1478 tibi,
460 1386 528 1461 sed
537 1399 643 1488 pater
661 1415 779 1479 meus,
805 1391 872 1491 qui
885 1390 925 1460 in
941 1390 1016 1461 coel
1025 1391 1031 1408 '

58 1504 117 1583 est,
137 1497 308 1579 ostendit,
328 1495 496 1585 espiritu,
519 1519 626 1563 none
647 1519 751 1563 carne
772 1510 889 1564 natam
906 1519 991 1580 esse,
1018 1495 1046 1562 si

58 1600 214 1693 quidem,
228 1621 319 1690 qnos
334 1597 463 1685 delegit
481 1598 580 1680 deus,
597 1620 655 1664 eos
670 1613 853 1686 regenerat
864 1621 927 1687 per
942 1597 1048 1688 spiri-

59 1716 130 1772 tum
156 1722 282 1784 suum,
318 1713 352 1769 et
373 1693 516 1768 Christo
539 1721 604 1788 per
627 1699 731 1766 fidem
751 1699 875 1768 inserit
901 1723 965 1768 ceu
990 1722 1048 1767 ra-

59 1826 155 1875 mum
177 1799 312 1873 arbori.
364 1797 439 1869 lam
466 1799 549 1893 quia
572 1801 749 1869 confessus
773 1815 846 1870 crat
864 1797 1047 1871 Christum

58 1900 203 1988 Simon,
235 1900 362 1972 Petrus
383 1913 546 1985 vocatur,
573 1896 641 1971 hoc
666 1916 733 1985 est,
761 1927 893 1975 saxum.
946 1900 1047 1989 Quae

58 2003 247 2099 adpellatio
268 2003 487 2072 credentium
511 2002 708 2071 communis
729 2018 797 2089 est,
823 2003 1050 2097 qnandoqui-

59 2108 136 2178 dem
157 2121 194 2177 et
214 2106 301 2173 fides
321 2104 519 2174 communis
542 2118 603 2175 cst.
667 2102 774 2191 Quod
797 2106 897 2174 addit
916 2118 1052 2174 antemi

59 2202 174 2307 Super
195 2198 296 2275 hanc
313 2213 457 2303 petram
478 2198 680 2297 aedificabo
695 2200 902 2276 Ecclesiam
920 2229 1048 2292 nicam,

59 2326 127 2382 tam
148 2333 229 2379 non
247 2321 362 2400 potest
376 2308 553 2399 pertinere
570 2310 614 2375 ad
629 2306 830 2393 Simonem,
856 2333 962 2403 quam
986 2310 1049 2377 ab·

60 2412 205 2483 surdum
221 2424 290 2493 est,
313 2406 506 2478 Ecclesiam
521 2432 625 2499 super
643 2403 826 2479 hominem
840 2424 1048 2478 exstructam

61 2536 139 2588 esse.
208 2506 249 2583 Si
269 2506 427 2580 Ecclesia
463 2510 682 2579 credentium
715 2536 883 2581 numerus
913 2526 981 2596 est,
1008 2525 1049 2582 ut

60 2610 230 2686 hielocus
243 2614 363 2696 docet,
389 2613 546 2705 adeoque
563 2636 702 2697 eorum,
724 2614 854 2706 quibus
866 2610 1048 2683 Christum

63 2731 154 2809 pater
175 2714 338 2785 coelestis
367 2715 554 2798 revelavit,
587 2738 734 2806 quaeso,
773 2716 859 2809 qnid
884 2715 1048 2806 ineptius,

51 2817 143 2913 ,quid
163 2816 310 2887 stultius
330 2816 387 2882 vel
404 2816 549 2904 cogitari
566 2829 694 2905 potest,
720 2842 826 2911 quam
843 2814 1049 2901 Ecclesiam,

64 2944 144 3015 qnae
163 2916 387 2988 credentium
411 2917 593 2985 consensio
608 2931 672 3001 est,
697 2918 900 2988 incumbere
923 2920 960 2986 in
982 2915 1049 2988 ho-

65 3020 286 3093 muntionem
310 3015 508 3102 Simonem,
539 3018 691 3087 maxime
715 3044 796 3088 cnm
819 3022 856 3088 in
879 3026 1049 3112 potestate

67 3146 119 3194 sua
131 3122 241 3192 fidem
255 3115 436 3189 humanus·
449 3133 569 3210 captus
586 3143 660 3187 non
677 3115 814 3206 habeat,
840 3145 1049 3209 regeneren-

67 3238 184 3319 turque
197 3214 319 3305 adeo,
342 3234 515 3314 quotquot
529 3215 671 3291 Christo
686 3237 923 3292 accensentur.
975 3217 1049 3291 Aut

67 3338 161 3416 nega,
176 3319 377 3393 Ecclesiam
393 3322 491 3413 gigni
504 3322 649 3413 spiritu,
675 3336 735 3391 aut
753 3347 857 3412 nega,
881 3324 978 3393 carni
991 3321 1049 3395 Si-

67 3427 174 3498 nonis
190 3424 410 3495 incumbere.
462 3420 582 3493 Verbo
601 3424 683 3492 fidei
693 3421 850 3495 Ecclesia
868 3451 931 3495 ceu
945 3426 1050 3493 serni-

68 3528 157 3618 nario
179 3539 349 3616 concepta
369 3539 430 3597 cst.
481 3522 580 3593 Idem
607 3527 756 3594 verbum
774 3528 856 3596 snlci
878 3542 975 3618 petra
999 3541 1050 3596 est

68 3654 98 3703 ae
110 3652 231 3722 rupes,
246 3627 305 3697 cni
320 3624 503 3698 incumbit.
537 3624 824 3697 Fundamentum
839 3628 933 3698 enim
943 3622 1048 3698 Chri-

68 3746 151 3803 num
163 3752 252 3813 esse,
271 3727 404 3798 Paulus
419 3727 540 3797 scribit
558 3730 602 3796 ad
610 3725 827 3802 Corinthios.
869 3730 940 3800 Sed
957 3726 1048 3798 nihil

67 3826 142 3905 haec
167 3830 313 3901 valeant
341 3829 526 3923 quantavis
553 3830 630 3898 luce
657 3831 804 3901 clariora
835 3845 1048 3919 argumenta,

67 3934 179 4005 sinon
195 3932 258 4016 id,
282 3934 379 4023 quod
394 3931 567 4022 sequitur,
594 3931 698 3999 fidem
712 3933 794 4002 facit
811 3934 867 4002 vel
885 3935 1049 4001 adversa-

65 4030 138 4118 riis,
162 4028 262 4103 nihil
282 4032 322 4101 in
341 4027 406 4101 hac
428 4033 601 4101 sententia
626 4034 669 4101 de
693 4034 846 4124 primatu
870 4032 967 4103 Petri
993 4034 1048 4102 di-

66 4152 154 4210 num
176 4158 270 4217 esse,
293 4140 399 4225 quam
422 4134 527 4213 nobis¹
548 4158 612 4203 ceu
632 4138 790 4229 μακροῖς
810 4133 935 4215 αὐλοῖς
954 4160 1048 4205 nnn-

65 4262 163 4333 quam
178 4260 257 4306 non
273 4234 436 4303 intonant
446 4232 613 4325 Papistiei
621 4236 794 4309 Canones.
816 4250 819 4255 ’
846 4236 937 4305 Nam
953 4238 1047 4328 quod

62 4343 120 4425 ait,
143 4346 177 4409 d
190 4343 321 4433 perlae
335 4333 537 4433 inferorum
554 4359 628 4404 non
639 4335 902 4434 praevalebunt
917 4332 1049 4406 adver-

60 4466 120 4513 sus
138 4462 242 4523 eom,
290 4460 421 4531 quaeso
446 4452 499 4522 te,
538 4463 627 4530 quae
655 4440 716 4508 illa
737 4455 833 4531 petra
858 4454 923 4523 cst,
959 4464 1048 4532 quae

647 201 1081 278 EPISTOLARUM
1130 203 1311 279 LlB.Il.
1355 199 1494 277 4621.

2013 203 2091 277 380

1098 362 1289 447 contendes
1306 378 1352 446 ad
1374 376 1507 468 Papam
1528 374 1594 447 ista
1615 374 1809 466 pertinere,
1845 376 1945 447 dabis
1970 377 2087 464 nobis,

1097 504 1230 565 omnes,
1252 480 1315 573 qni
1329 477 1519 571 inPapam,
1535 494 1576 549 ut
1589 479 1638 550 ita
1652 478 1778 564 dicam,
1800 478 1974 549 aedificati
1990 493 2084 565 sunt,

1096 582 1211 651 salvos
1224 582 1311 656 fieri.

1196 711 1292 805 Ergo
1321 709 1408 784 haec
1433 717 1477 784 de
1499 709 1657 784 Ecclesia
1680 707 1829 797 Christi,
1860 737 1934 783 non
1955 713 2084 806 Papae,

1096 816 1140 883 de
1158 818 1292 909 populo
1314 817 1400 886 novi
1421 816 1636 898 testamenti,
1660 817 1704 883 de
1719 811 1905 903 Evangelii
1928 817 2084 907 potentia

1097 919 1350 1007 intelligemus,
1400 918 1561 1009 polliceri
1580 911 1761 986 Christum
1784 919 2007 987 credentibus
2028 917 2084 985 vi-

1096 1033 1180 1103 tam,
1206 1020 1377 1110 polliceri,
1400 1033 1623 1109 superaturos
1638 1042 1701 1109 per
1718 1020 1823 1086 fidem
1839 1042 1919 1087 suos
1934 1042 2084 1108 regnum

1097 1121 1249 1202 diaboli,
1275 1122 1397 1204 idest,
1422 1121 1555 1211 peccati
1572 1134 1605 1190 et
1627 1121 1761 1192 mortis.
1813 1116 1927 1205 Haec,
1949 1120 2083 1211 princi-

1097 1247 1169 1314 pes,
1194 1247 1358 1313 germana
1371 1235 1422 1290 est
1435 1216 1542 1292 huius
1557 1222 1627 1289 loci
1641 1222 1823 1305 sententia,
1841 1246 1946 1314 quam
1961 1221 2085 1290 inimi-

1098 1350 1220 1395 corum
1237 1325 1341 1393 etiam
1357 1324 1568 1393 conscientia
1582 1324 1720 1414 probet,
1732 1347 1870 1392 necesse
1887 1337 1948 1392 est.
1985 1321 2084 1411 Quid

1096 1422 1156 1496 hic
1169 1428 1212 1494 de
1228 1427 1382 1518 primatu
1397 1423 1584 1509 Romano,
1611 1425 1696 1517 quid
1720 1428 1763 1494 de
1786 1426 1973 1519 tyrannide
1992 1450 2086 1515 pon-

1097 1529 1228 1597 tificia?
1264 1527 1375 1596 Nemo
1393 1526 1488 1595 enim
1505 1540 1576 1595 tam
1592 1551 1712 1595 amens
1725 1542 1792 1612 est,
1817 1552 1921 1596 nemo
1936 1540 1996 1595 aut
2011 1540 2085 1595 tam

1097 1630 1206 1721 impie
1229 1631 1396 1713 stolidus,
1425 1643 1486 1698 aut
1506 1642 1576 1697 tam
1601 1630 1727 1697 stolide
1751 1629 1896 1718 impius,
1924 1628 1986 1721 qni
2010 1652 2085 1697 non

1096 1731 1286 1820 intelligat,
1305 1732 1349 1799 ad
1356 1730 1501 1799 Petrum
1519 1731 1719 1822 detorqueri
1734 1731 1834 1799 nulla
1849 1730 1985 1799 ratione
2002 1753 2085 1821 pos-

1097 1857 1146 1917 se,
1169 1835 1264 1925 quod
1279 1833 1412 1901 dictum
1430 1846 1498 1915 est,
1524 1839 1556 1899 el
1566 1840 1695 1927 portae
1711 1828 1828 1928 inseri
1842 1855 1915 1899 non
1928 1854 2086 1927 praeva—
2185 1834 2191 1851 '

1099 1930 1223 2004 lebant
1236 1929 1411 2003 adversus
1426 1957 1504 2002 eum
1512 1959 1527 2009 ;
1553 1933 1687 2027 alioqui
1711 1958 1801 2026 quor
1816 1958 1890 2002 non
1904 1934 2086 2003 salvantur

1098 2061 1239 2122 omnes,
1264 2061 1353 2129 qnos
1373 2037 1475 2107 fulcit
1488 2033 1637 2105 Petrus?
1666 2034 1812 2104 Necesse
1827 2049 1879 2104 est
1893 2035 2016 2125 igitur,
2041 2036 2085 2104 de

1098 2141 1166 2209 lide
1183 2140 1439 2228 intelligamus,
1465 2162 1553 2231 (prae
1574 2161 1653 2205 cum
1676 2137 1767 2222 sola,
1788 2152 1829 2207 ut
1850 2137 1909 2205 isti
1929 2126 2086 2229 loquun-

1098 2256 1176 2326 tur,
1208 2242 1384 2325 iustiircet‚
1422 2240 1496 2309 'sola
1519 2264 1539 2307 a
1563 2253 1704 2330 peccato
1729 2253 1761 2307 et
1782 2252 1895 2308 morte
1917 2237 2085 2311 vindicat.

1098 2339 1173 2414 Aut
1197 2343 1226 2410 si
1248 2342 1374 2413 Petrus
1401 2365 1420 2409 a
1446 2355 1586 2432 peccato
1611 2353 1645 2408 et
1670 2354 1783 2409 morte
1812 2342 1957 2424 liberat,
1999 2339 2087 2433 quin

1097 2440 1238 2515 Christo
1261 2446 1405 2532 longum
1432 2443 1548 2512 valere
1573 2442 1723 2511 dicimus
1754 2456 1788 2511 et
1813 2466 1925 2535 pupas
1949 2439 2085 2514 Roma·

1098 2571 1161 2617 nas
1177 2548 1377 2631 adoramus.

1199 2675 1317 2773 Atque
1337 2675 1448 2763 hanc,
1466 2676 1660 2768 principeS,
1681 2678 1890 2746 seutentiam
1910 2679 1959 2749 sic
1976 2692 2086 2765 tueor,

1099 2797 1138 2852 ut
1153 2782 1187 2851 ei
1202 2806 1315 2875 neque
1331 2776 1510 2870 Origenis,
1533 2802 1647 2871 neque
1662 2774 1855 2865 Ambrosii,
1876 2806 1989 2874 neque
1997 2779 2087 2850 Hie-

1098 2884 1257 2979 ronymi,
1290 2907 1405 2976 neque
1425 2877 1685 2975 Chrysostomi,
1711 2905 1826 2974 neque
1849 2883 2004 2953 cuiusvis
2025 2906 2087 2952 ve·

1099 3001 1213 3056 terum
1235 2986 1372 3056 diversa
1396 2983 1580 3053 scribentis
1604 2976 1810 3072 opinionem
1831 2984 2002 3074 praeferri
2023 3007 2087 3075 pa÷

1099 3090 1178 3161 tiar.
1234 3084 1326 3155 Nam
1349 3110 1429 3155 cum
1454 3084 1612 3175 ipseper
1635 3106 1708 3151 sese
1732 3085 1831 3152 locus
1850 3081 2086 3174 Evangelicus

1099 3189 1182 3259 satis
1203 3187 1317 3257 clarus
1338 3188 1402 3272 sit,
1429 3209 1492 3255 cur
1510 3209 1566 3253 me
1586 3185 1701 3276 patiar
1714 3185 1841 3254 frivola
1857 3187 2085 3277 expositione,

1098 3286 1256 3360 humano
1294 3290 1498 3379 glossemate
1535 3310 1556 3355 a
1586 3286 1770 3356 manifesta
1789 3283 1979 3378 Evangelii
2006 3312 2086 3358 sen-

1099 3390 1208 3462 tentia
1220 3391 1338 3462 avelli.
1389 3388 1448 3459 Sic
1466 3388 1521 3455 illi
1535 3389 1727 3474 docebant,
1752 3404 1793 3458 ut
1806 3404 1894 3460 esset
1903 3414 2011 3481 penes
2031 3414 2086 3460 se-

1099 3496 1240 3578 dentes,
1279 3507 1319 3563 ut
1338 3490 1442 3560 Pauli
1467 3490 1575 3559 verbo
1600 3502 1696 3576 utar,
1735 3491 1874 3561 criticos
1903 3493 2084 3563 iudicium:

1100 3593 1198 3665 ldem
1225 3617 1288 3685 ego
1315 3616 1423 3686 penes
1443 3616 1508 3662 vos
1532 3595 1575 3661 de
1598 3616 1676 3661 mea
1697 3595 1869 3662 sententia
1893 3617 1966 3663 esse
1986 3596 2084 3664 volo:

1099 3722 1205 3792 quam
1225 3697 1291 3767 ubi
1322 3696 1503 3788 scripturis
1529 3708 1590 3764 aut
1615 3695 1838 3764 evidentibus
1869 3696 2086 3785 argumentis

1098 3799 1302 3870 intellexero
1338 3799 1570 3880 confutatam,
1612 3797 1733 3865 cedam
1761 3821 1823 3888 per
1852 3799 1981 3886 gratias
2018 3822 2084 3890 pro

1098 3897 1301 3972 Christiano
1328 3899 1461 3983 officio,
1503 3897 1662 3990 quisquis
1695 3899 1884 3971 monuerit.
1951 3898 2020 3970 Sed
2047 3901 2086 3968 in

1098 4016 1169 4072 tam
1178 4004 1269 4071 clara
1280 4002 1359 4071 luce
1373 4025 1446 4068 non
1460 4001 1575 4082 video,
1590 4001 1768 4090 quomodo
1783 3998 1983 4092 extorqueri
1995 3997 2084 4069 mihi

1098 4104 1244 4173 omnino
1261 4099 1346 4172 haec
1360 4102 1531 4170 sententia
1545 4115 1660 4192 queat.
1711 4098 1798 4185 Hic,
1823 4097 1936 4191 hirec,
1959 4102 2084 4192 expedi

1098 4231 1194 4275 arma
1221 4218 1253 4274 ct
1274 4204 1475 4293 ingenium,
1499 4216 1538 4272 ut
1560 4197 1655 4270 hunc
1670 4196 1855 4291 Evangelii
1880 4201 1998 4271 locum
2018 4204 2085 4273 do-

1098 4331 1174 4377 ceas
1198 4308 1242 4375 ad
1263 4304 1467 4376 Romanum
1490 4304 1680 4395 primatum
1703 4306 1890 4395 pertinere.
1939 4301 2084 4373 Etenim

1096 4405 1366 4502 Chrysostomo‚
1400 4421 1461 4476 aut
1482 4404 1638 4494 lgnatio,
1670 4420 1731 4475 aut
1754 4405 1936 4499 quibusvis
1962 4420 2085 4477 aucto-

61 4540 256 4615 immobilis
285 4542 470 4608 adversum
496 4537 647 4615 Satanae
677 4542 850 4632 impulsus
878 4541 1046 4615 consistit.
1097 4536 1176 4580 mm
1194 4533 1269 4577 ”⁰¹¹
1283 4510 1441 4592 ‘fedam’
1466 4507 1537 4626 ”lsi
1557 4520 1731 4627 quatenus
1746 4508 1918 4598 Pfflnlllit
1933 4508 2084 4629 SiflPlU·
2117 4532 2120 4537 ’

58 4641 255 4718 tenesne?
285 4654 323 4710 at
342 4634 401 4709 hic
423 4654 542 4730 postea
562 4641 679 4709 statim
702 4643 819 4733 lapsus
844 4657 910 4727 est,
937 4643 985 4712 ita
1008 4659 1048 4714 ut
1096 4637 1146 4732 m:
1196 4608 1245 4680 El
1258 4624 1296 4679 ω
1312 4612 1449 4728 ⁰⁰³¹‚de
1465 4611 1587 4678 d¹v¹¹¹⁰
1603 4634 1680 4679 '¹¹²⁰
1695 4613 1891 4730 d¹⁵⁵⁰f⁰oe⁸2
1912 4606 2084 4731 §11¹¹thss

58 4737 513 4839 mgffitefflmChflstum,
559 4739 726 4834 papam?
768 4742 839 4813 Sed
858 4745 940 4838 quid
959 4746 1048 4816 stup,
1096 4737 1235 4831 mrnum
1253 4725 1442 4829 sententias
1456 4712 1695 4831 producebas,
1719 4736 1826 4831 quas,
1852 4736 1922 4782 nrsr
1939 4734 2084 4832 insanis,

56 4849 136 4935 tius,
159 4868 272 4941 qnam
294 4865 434 4931 negare,
460 4843 596 4936 aliquid
612 4846 779 4913 adversus
792 4845 924 4936 Papam
940 4847 1047 4915 licere
1095 4840 1169 4884 non
1185 4836 1337 4904 ignoras,
1359 4807 1451 4882 nihil
1464 4814 1578 4923 faeere
1596 4814 1640 4883 ad
1659 4815 1932 4905 disputationem
1947 4817 1991 4886 de
2005 4838 2084 4883 rure

55 4947 233 5023 Samae?
280 4942 394 5015 Porro
417 4944 688 5015 {undamentum
711 4946 797 5014 fides
816 4961 867 5017 est
886 4947 924 5015 in
939 4942 1046 5017 Chri·
1095 4920 1229 4989 d¹V¹¹¹⁰·
1823 4934 1828 4941 '

55 5066 166 5135 num,
186 5044 474 5143 quaepeccatiet
490 5046 703 5115 mortisvim
720 5048 793 5116 sola
812 5063 962 5139 superat.
1004 5046 1046 5121 ld
1099 5098 1116 5141 ,Ι
1196 5046 1277 5117 Non
1292 5047 1464 5131 arbitror,
1486 5048 1528 5115 de
1543 5045 1729 5117 sententia:
1756 5040 1816 5114 Tu
1836 5069 1871 5114 cs
1886 5038 2032 5133 Petrus,
2047 5054 2080 5117 et
2195 5122 2202 5139 .

74 5160 78 5169 '
157 5161 329 5221 testatur
351 5142 514 5216 Christus
537 5149 719 5241 inquiens:
748 5143 852 5245 Qui
872 5146 983 5219 credit
1005 5148 1045 5221 in
1093 5172 1202 5246 super
1217 5142 1315 5217 hanc
1327 5138 1543 5247 palrametc.
1558 5148 1753 5235 longiorem
1770 5170 1855 5214 ame
1871 5147 2081 5238 disputatio-

104 5250 116 5271 ⁰
174 5244 454 5335 ..habersuam
470 5257 666 5318 aeternam.
702 5249 795 5321 Sunt
812 5252 906 5321 enim
923 5266 1045 5343 portae
1094 5277 1174 5320 nem
1195 5253 1350 5346 requiri,
1380 5250 1668 5344 quandoquidem
1697 5248 1888 5333 admonui,
1917 5245 2080 5321 nihil.ee

51 5356 252 5443 m
281 5372 431 5441 ragnum
468 5351 600 5442 peccati
632 5374 672 5421 ae
708 5354 844 5423 mortis.
905 5353 1044 5442 Quodsi
1095 5354 1172 5424 loco
1187 5355 1243 5446 agi
1258 5357 1302 5423 de
1318 5355 1472 5445 primatu
1493 5349 1666 5434 cuiusvis,
1691 5352 1753 5420 sed
1775 5352 1819 5420 de
1841 5364 1968 5423 natura
1988 5352 2083 5439 fidei,
