4500 5782
29 237 97 331 Q
173 224 253 307 ete
313 160 322 181 ²
394 204 401 211 “
756 222 1624 331 EPISTOLARUMLIB.1V.1628.
1800 276 1803 289 ·
1925 300 1927 305 ,
2130 233 2205 313 mu

170 399 349 476 remittere
377 413 517 492 peceati
546 412 581 469 et
607 399 807 471 iustificare.
873 397 968 487 Quia
993 397 1163 489 baptizati
1210 396 1393 477 Christum
1408 401 1638 492 baptizemur,
1653 401 1752 473 iubet
1767 398 1888 473 vider'e
1903 402 1944 473 in
1952 397 2100 477 Christo
2118 406 2203 481 im

171 518 312 588 armus,
345 502 498 591 gerimus
518 516 657 586 notam,
682 525 752 594 qua
775 513 921 572 testatur
942 494 1105 571 Christus
1125 523 1161 568 se
1210 499 1278 571 Dei
1302 506 1469 573 adversus
1490 515 1683 593 peceatum·
1733 502 1793 577 Sic
1814 505 1909 573 enim
1930 505 2205 583 iraseitorDeu

170 605 349 678 remittere
363 616 502 694 peccota
520 603 706 691 agentibus
721 601 994 693 poenitentiam,
1013 624 1075 671 seu
1092 614 1162 671 ter·
1211 618 1370 693 peccato,
1394 619 1434 675 ut
1459 604 1557 673 nulla
1570 593 1758 691 ereatura,
1783 606 1905 677 nullus
1929 606 2098 697 angelus,
2123 614 2205 685 nul·

170 709 250 779 ritis
271 705 516 789 eonscientiis,
550 728 625 773 non
648 727 746 773 secus
769 729 809 774 ee
833 703 862 771 si
883 703 1044 796 quotidie
1068 726 1161 772 novo
1211 705 1287 779 lius¹
1303 706 1417 779 sancti
1438 706 1668 798 quantumvis
1691 705 1786 775 bona
1809 731 1917 798 opera
1943 710 2065 783 delere
2085 736 2204 803 penes-

77 834 81 841 ‘
170 811 271 898 signu
286 810 331 876 de
347 807 445 876 coelo
459 807 553 875 idem
571 818 766 877 testaretur.
816 802 889 874 Nee
908 817 959 874 est
979 804 1162 873 somnian—
1212 820 1285 877 tum
1303 807 1493 898 potuerint.
1547 804 1635 875 Item
1652 818 1692 875 ut
1707 806 1819 877 filium
1834 831 1940 879 suum
1962 811 2122 885 voluerit
2142 841 2203 908 pro

170 912 259 986 dum
273 905 896 997 uniusesse'temporisBaptismum,
918 929 1055 995 semper
1070 901 1161 975 banc
1211 908 1363 999 peccatis
1378 908 1518 991 offerri,
1544 908 1593 975 sic
1614 920 1746 976 utnon
1767 909 1971 987 solumisto
1996 915 2206 1007 mortis·ge-.

170 1025 293 1081 notam
318 1010 489 1099 gerimus,
522 1033 600 1077 eum
626 1007 883 1100 poenitentiae,
909 1031 988 1075 cum
1010 1007 1162 1098 promis-
1211 1033 1295 1079 nere
1322 1010 1409 1079 soris
1439 1010 1652 1090 afficeretur,
1695 1011 1755 1085 sed
1780 1010 1887 1079 etiam
1910 1010 2012 1083 intus
2035 1029 2200 1110 tanqam

171 1135 228 1183 sae
249 1111 391 1203 gratiae.
943 1183 948 1193 ,
1211 1112 1367 1182 abiectus
1387 1136 1406 1181 a
1427 1109 1503 1189 Deo
1526 1125 1777 1200 expavesceret.
1829 1109 1922 1181 Cum
1945 1113 2069 1208 itaque
2092 1133 2203 1193 tanto.

1210 1236 1293 1302 pere
1318 1211 1434 1282 oderit
1449 1209 1545 1281 Deus
1568 1223 1766 1301 peecutum,
1801 1213 1969 1286 admonet
1998 1241 2067 1289 nos
2091 1222 2202 1312 bapti-

1211 1336 1323 1396 smus,
1350 1314 1410 1406 qui
1428 1312 1634 1403 eorisepeliit
1649 1335 1714 1380 nos
1731 1336 1811 1381 cum
1827 1308 1972 1397 Christo
1990 1316 2030 1387 in
2044 1337 2201 1409 mortem,

228 1469 240 1475 -
279 1413 483 1505 Baptismus
514 1425 566 1482 est
597 1412 737 1501 signum
768 1412 1005 1504 poenitentiae
1039 1426 1073 1483 et
1103 1435 1161 1480 re·
1209 1429 1251 1484 ut
1276 1438 1356 1483 vere
1386 1437 1651 1505 expavescamus
1679 1427 1713 1482 et
1738 1426 1934 1487 terreamur
1955 1423 2199 1509 magnitudine

168 1517 347 1589 missionis
371 1528 601 1606 peccatorum.
663 1511 852 1604 Principio,
870 1514 965 1581 enim
991 1515 1087 1606 quod
1115 1513 1161 1582 sit
1211 1514 1283 1584 irae
1297 1516 1457 1599 divinoe,
1478 1515 1569 1583 sicut
1581 1511 1785 1585 ethristus
1799 1517 1844 1584 de
1860 1539 1923 1591 sua
1938 1534 2056 1592 morte
2072 1524 2198 1621 inquit:

168 1622 309 1711 siguum
325 1616 579 1709 poenitentiae,
606 1626 752 1685 testatur
770 1614 865 1686 ioan.
881 1609 1009 1685 Matth.
1025 1615 1078 1697 3.,
1097 1613 1161 1706 qui
1209 1611 1269 1688 Ne
1287 1613 1431 1712 plorate
1446 1636 1554 1710 suaper
1571 1637 1643 1696 me,
1673 1608 1741 1684 sed
1757 1612 1904 1712 plorate
1925 1643 2037 1716 super
2061 1649 2141 1708 aas,
2169 1637 2199 1699 ιι

103 1764 108 1777 ·
166 1724 233 1795 ait:
261 1710 512 1813 Egobaptizo
528 1738 708 1814 uosbaqua
726 1710 782 1783 ad
792 1712 1062 1810 poenitentiam.
1112 1713 1161 1785 Et
1212 1712 1432 1813 superstlios
1450 1725 1594 1785 vestros.
1648 1716 1834 1787 Transfert
1852 1721 1949 1789 euim
1974 1726 2105 1799 mortis
2121 1752 2199 1800 snae

169 1825 218 1895 sic
242 1820 456 1915 praedicatio
481 1816 625 1888 loannis
652 1831 704 1888 est
732 1817 946 1909 praedicatio
972 1816 1156 1908 poeniten·
1211 1843 1350 1889 causam
1378 1835 1413 1890 et
1434 1819 1632 1909 exemplum
1657 1818 1695 1885 in
1715 1841 1798 1902 nos,
1831 1822 1933 1913 quasi
1957 1824 2069 1901 dicat,
2125 1827 2196 1921 Ego

168 1926 249 1996 tiae.
299 1916 758 2008 sternutamentum
775 1933 836 1989 est.
891 1917 945 1989 lta
965 1931 1002 1987 et
1024 1917 1160 2009 baptis·
1210 1920 1343 2012 patior,
1374 1922 1436 1989 sed
1465 1943 1529 2010 pro
1557 1919 1678 2003 vobis,
1710 1920 1866 1991 sustineo
1891 1923 1982 1993 iram
2002 1922 2097 2014 Dei,
2128 1957 2198 2003 non

169 2049 250 2095 mus
271 2024 346 2093 eius
368 2022 467 2090 verbi
487 2022 627 2111 signum
644 2033 713 2103 est,
738 2022 834 2112 quod
860 2045 879 2089 a
902 2017 1036 2089 Ioanne
1058 2043 1159 2110 prae·
1210 2046 1316 2114 quam
1332 2023 1405 2113 ipse
1424 2021 1559 2105 merui,
1581 2021 1642 2089 sed
1662 2028 1768 2113 qu'am
1789 2047 1853 2092 vos
1879 2026 2076 2104 meruistis.
2125 2032 2197 2103 Nisi

169 2129 323 2197 dicatum
340 2128 402 2194 est.
452 2121 608 2205 Deinde,
632 2123 728 2213 quod
743 2122 940 2213 baptismus
954 2123 1001 2192 sit
1018 2121 1159 2211 signum
1208 2124 1406 2214 plorabitis,
1428 2136 1464 2192 et
1478 2121 1585 2212 agetis
1602 2123 1867 2212 poenitentiam,
1890 2125 2025 2198 debitis
2042 2155 2199 2222 poemm,

168 2226 386 2300 remissionis
400 2215 643 2315 peccatorum,
667 2236 812 2314 apparet
825 2248 866 2292 ex
881 2223 999 2295 verbis
1008 2212 1158 2292 Christi:¹
1211 2226 1422 2295 etmanebit
1443 2224 1496 2292 ira
1518 2221 1586 2290 Dei
1610 2246 1809 2314 supervos.
1867 2221 1934 2296 Est
1956 2251 2040 2320 ergo
2061 2227 2120 2305 hic
2139 2236 2200 2305 b·-

96 2351 99 2358 ·
169 2324 249 2426 Qui
271 2320 462 2396 crediderit
485 2333 517 2395 et
541 2320 753 2421 baptizatus
767 2322 907 2423 suerit,
932 2310 1061 2393 saluus
1079 2320 1159 2405 erit.
1210 2325 1331 2417 ptismi
1354 2350 1457 2410 usus,
1487 2325 1732 2413 magnitudine
1753 2325 1826 2396 irae
1849 2327 1993 2399 divinae
2018 2335 2068 2403 ad
2088 2359 2200 2408 erem·

168 2428 332 2502 uetant.
349 2428 393 2496 ad
407 2426 536 2502 Titum,
551 2426 586 2498 3.
604 2439 705 2496 vocat
728 2422 951 2522 baptismum
969 2422 1159 2497 lavacrum
1210 2429 1311 2520 plum
1342 2423 1476 2498 Christi
1508 2425 1647 2495 terreri:
1687 2439 1723 2495 et
1758 2429 1948 2518 profanant
1975 2432 2199 2524 baptismum,

171 2525 453 2624 regenerationis
493 2535 524 2596 et
559 2524 804 2597 renovationis
834 2523 998 2623 Spiritus
1029 2524 1160 2595 sancti.
1211 2531 1272 2623 qni
1288 2529 1402 2599 securi
1416 2528 1492 2596 sine
1509 2539 1605 2596 metu
1620 2523 1710 2610 Dei,
1733 2527 1810 2596 sine
1823 2531 2046 2620 poenitentia
2064 2538 2199 2624 vivunt,

168 2631 252 2703 Non
268 2631 377 2723 igitur
389 2629 498 2697 solius
511 2628 792 2698 mortificationis
809 2629 951 2717 signum
965 2629 1160 2719 baptismus
1211 2632 1346 2701 etiamsi
1376 2628 1536 2723 quotidie
1566 2628 1806 2703 abluerentur.
1874 2623 1994 2703 Semel
2018 2651 2075 2709 est
2098 2641 2199 2712 nobis

171 2750 239 2817 est,
271 2729 475 2824 praesertim
502 2753 581 2797 eum
610 2729 824 2818 praedicatio
858 2729 1095 2820 poenitentioe
1122 2729 1158 2796 in
1211 2735 1381 2801 traditum
1402 2731 1550 2820 ,signum
1579 2728 1704 2798 iudicii
1724 2727 1793 2799 Dei
1826 2744 1862 2802 et
1891 2736 2018 2805 mortis
2053 2756 2199 2815 nostrae.

485 1273 554 1347 De
592 1271 843 1374 Baptismo.

48 2855 49 2858 ’
83 2860 88 2870 ’
168 2832 365 2923 Evangelio
380 2855 455 2900 non
472 2830 518 2898 sit
533 2843 670 2899 tantum
686 2830 931 2915 comminatio,
954 2832 1015 2899 sed
1032 2824 1161 2898 habeat
1212 2831 1333 2927 ltaque
1350 2834 1466 2924 ipsum
1480 2832 1620 2920 signum
1635 2854 1808 2900 renovare
1823 2828 1916 2902 nibil
1933 2862 2027 2927 opus
2039 2856 2106 2916 est.
2131 2840 2198 2915 Sed

169 2938 396 3009 committam
417 2931 687 3024 promissionem
709 2932 879 3021 gratiae..
910 2931 970 3003 sie
992 2931 1088 3000 enim
1111 2931 1161 3000 ait
1209 2932 1280 3006 hue
1301 2933 1547 3025 respiciamus,
1569 2957 1640 3025 quo
1659 2932 1800 3022 signum
1814 2936 2001 3025 pertineat.
2054 2942 2200 3037 Accepi

171 3037 286 3112 inam:
314 3031 422 3129 Agite
447 3031 725 3129 poenitentiam,
765 3030 854 3129 quia
886 3029 1159 3129 appropinquat
1210 3036 1405 3107 musenim
1428 3049 1596 3127 tanquam
1625 3035 1850 3107 condemnati
1873 3038 2022 3129 eapitis,
2062 3045 2198 3135 signum

143 3156 322 3234 'regnum
338 3131 528 3207 coelorum.
578 3130 627 3204 Et
644 3133 741 3207 ioan.
760 3137 808 3204 l.·:
835 3129 1158 3227 EaceagnusDei,
1210 3139 1333 3208 mortis
1361 3151 1502 3206 nostrae
1527 3149 1563 3204 et
1585 3135 1709 3205 iudicii
1727 3133 1807 3205 Dei.
1866 3133 2114 3230 Expaveseere
2135 3148 2199 3237 igi·

169 3239 238 3340 qui
259 3236 359 3309 tollit
380 3245 526 3333 peecata
550 3231 690 3304 mundi.
755 3234 837 3304 Non
861 3237 1032 3325 signifieat
1052 3236 1161 3325 igitur
1211 3253 1268 3309 tur
1284 3263 1350 3308 nos
1364 3250 1523 3328 oportet,
1547 3249 1582 3306 et
1597 3237 1989 3328 agerepoessstessfiaffl»
2015 3249 2198 3334 ²²⁸³&ss

170 3342 370 3433 baptismus
392 3338 645 3430 poenitentiam
664 3338 733 3421 ita,
758 3338 846 3428 quin
867 3338 973 3407 simul
996 3339 1161 3406 ostendat
1208 3343 1307 3434 quod
1328 3336 1425 3409 Deus
1447 3339 1523 3408 inre
1544 3351 1745 3408 succenseat
1767 3339 1890 3420 nobis,
1919 3356 1956 3413 et
1977 3343 2059 3416 iure
2078 3351 2198 3439 puniat

170 3442 415 3515 remissionem
439 3452 662 3530 peccatorum
679 3462 899 3530 peromnem
918 3439 1044 3521 vitam,
1069 3438 1161 3508 sicut
1211 3466 1286 3512 nos.
1337 3439 1459 3533 Neque
1476 3464 1558 3506 vero
1579 3439 1662 3507 satis
1682 3453 1734 3508 est
1755 3441 1931 3530 baptismo
1956 3452 2198 3536 perterreberi,

46 3586 53 3597 ·
171 3544 306 3616 Paulus
334 3542 468 3634 iuquit:
505 3533 719 3636 Quicunque
752 3536 936 3634 baptizati
963 3562 1091 3609 sumus
1120 3536 1159 3606 in
1210 3546 1271 3613 sed
1288 3542 1327 3611 in
1345 3536 1401 3611 bis
1417 3540 1613 3610 terrori-bus
1632 3553 1772 3629 oportet
1789 3565 1855 3611 nos
1876 3542 1983 3617 iidem
2006 3552 2197 3643 concipere,

169 3638 326 3717 Christo
338 3639 447 3722 Iesu,
472 3640 514 3710 in
528 3648 675 3709 mortem
691 3638 808 3736 ipsius
822 3637 1009 3737 baptizati
1022 3663 1160 3710 sumus·
1209 3658 1246 3715 et
1258 3645 1391 3715 intueri
1407 3641 1642 3732 tiaptismum,
1668 3666 1708 3711 ac
1722 3643 1854 3713 sentire
1868 3644 2014 3734 signum
2025 3675 2106 3723 ,esse
2118 3678 2195 3747 pro.

169 3739 391 3842 Consepulti
410 3741 505 3829 enim
529 3766 655 3812 sumus
672 3765 751 3825 oum
771 3737 839 3812 illo
856 3765 921 3837 per
937 3738 1159 3839 baptismum
1209 3746 1335 3815 missae
1365 3743 1496 3834 gratiae
1533 3754 1568 3811 et
1597 3743 1815 3813 remissionis
1842 3761 2083 3837 peecatorum,
2151 3752 2195 3827 Et

173 3850 216 3919 in
231 3855 399 3917 mortem..
437 3842 515 3932 Cur
529 3845 639 3934 igitur
659 3843 852 3936 baptismus
875 3844 1047 3933 significet
1064 3867 1160 3915 mor·
1209 3841 1474 3938 apprehendere
1497 3867 1620 3912 vocem
1634 3837 1827 3930 Iohannis,
1851 3849 2133 3951 appropinquat
2146 3880 2196 3927 re-

172 3950 478 4027 tifieationemseu
490 3946 764 4038 poenitentiam,
789 3968 905 4038 eaquez
923 3945 1013 4017 effici
1034 3946 1161 4014 debeat
1207 3971 1324 4042 gnum
1347 3943 1544 4025 coelorum,
1572 3945 1609 4013 id
1630 3959 1701 4030 est,
1723 3948 1854 4035 gratia,
1880 3952 2076 4041 sapientia,
2098 3958 2196 4029 m‘ue-

170 4074 238 4147 per
253 4073 396 4121 omnem
411 4048 538 4131 uitam,
563 4049 675 4117 donee
688 4046 900 4132 moriamur,
921 4046 1006 4117 setis
1023 4060 1161 4119 constat
1208 4048 1383 4132 ricordis,
1409 4047 1563 4132 iustitia,
1588 4044 1673 4119 vita.
1730 4045 1836 4117 ltem:
1862 4045 1959 4120 Ecce
1972 4078 2104 4148 agnus
2114 4053 2194 4142 Dei,

57 4184 69 4210 .
172 4153 390 4248 baptismum
404 4171 483 4235 nou
492 4172 566 4219 esse
578 4172 684 4239 opus,
702 4150 748 4217 ad
761 4172 876 4217 unum
889 4149 1070 4241 quoddam
1084 4172 1161 4221 cer·
1177 4186 1180 4191 ·
1209 4148 1278 4249 qui
1296 4145 1396 4221 toltit
1407 4155 1555 4246 peecata
1579 4141 1721 4216 mundi.
1748 4236 1752 4249 1
1771 4147 1825 4219 ite
1848 4154 1989 4243 quoties
2008 4159 2150 4233 laborat
2167 4177 2196 4232 st

174 4270 252 4328 tum
280 4268 419 4344 tempus
443 4251 641 4342 pertinens,
676 4252 737 4319 sed
764 4249 964 4338 significans
995 4248 1033 4316 in
1062 4250 1160 4319 omni
1208 4254 1365 4323 luctatur
1381 4276 1461 4321 cum
1478 4249 1721 4339 desperatione
1738 4253 1969 4340 contuentis,
1994 4257 2198 4335 intuendi.

112 4354 117 4369 ¹
170 4352 528 4447 *impoenitentiam
578 4348 680 4421 Nihil
690 4350 806 4440 igitur
823 4374 968 4420 necesse·
989 4365 1041 4421 est
1058 4375 1180 4442 repe-.
1207 4356 1338 4425 bemus
1356 4347 1448 4421 banc
1464 4351 2197 4449 notamvotuntatisetmiserioordh‘ffi

173 4473 250 4531 tere
265 4456 423 4546 signnm,
448 4453 582 4546 alioqui
604 4453 763 4545 quotidie
777 4452 950 4544 baptizari
965 4450 1180 4544 oportebst'
1211 4479 1300 4550 quae
1332 4453 1574 4524 testimonium
1601 4462 1656 4529 est
1684 4453 1875 4543 promissae
1901 4461 2062 4545 gratiae,
2096 4471 2196 4541 nob

102 4598 117 4626 s
176 4555 323 4647 Semper
340 4556 437 4637 euim
450 4577 553 4644 agere
569 4552 822 4644 poenitentiam
838 4568 872 4624 et
886 4553 1011 4623 terreri
1026 4555 1160 4625 indicio
1208 4559 1395 4628 credamus
1411 4555 1488 4627 Deo
1511 4553 1750 4644 promittenti:
1775 4569 1880 4647 atque
1901 4583 1940 4627 ea
1965 4561 2196 4640 statuerim

169 4657 264 4745 Dei,
301 4658 439 4750 semper
464 4656 552 4746 erigi
577 4668 613 4724 et
640 4655 842 4725 oontirmari
873 4678 935 4746 per
965 4654 1071 4727 tidem
1098 4657 1161 4726 de-
1209 4660 1349 4748 erigens
1371 4658 1410 4725 in
1434 4651 1491 4727 his
1514 4656 1721 4745 pavoribus,
1743 4669 1796 4725 est
1817 4657 1950 4730 iustitia
1972 4688 2101 4738 annm
2115 4669 2197 4754 nug

173 4765 310 4837 banus.
845 4767 848 4773 ’
1176 4766 1180 4773 ’
1211 4756 1306 4829 bane
1332 4754 1631 4850 postulamus,
1670 4752 1756 4825 haee
1786 4759 1878 4827 bene
1907 4764 1953 4831 de
1975 4763 2059 4837 Deo
2087 4773 2196 4855 infit,

1213 4858 1298 4931 baec
1321 4862 1418 4931 videt
1439 4882 1504 4928 nos
1525 4857 1625 4945 diligi
1649 4882 1669 4926 e
1689 4855 1785 4941 Deo,
1802 4882 1875 4927 »nos
1892 4887 2003 4934 euroe
2024 4893 2103 4942 esee
2116 4871 2196 4957 nm,

1213 4977 1382 5055 tunquam
1406 4961 1498 5051 patri
1519 4971 1664 5050 propter
1676 4954 1870 5033 Christum.
1921 4962 1984 5034 sic
2006 4968 2120 5058 igitur
2139 4976 2196 5047 h.

1212 5064 1342 5156 ptismo
1356 5065 1529 5139 utendum
1546 5075 1616 5144 est,
1643 5059 1747 5138 etiam
1761 5063 1806 5131 ad
1823 5065 2125 5150 consolationem,
2155 5072 2194 5147 B

277 5166 337 5240 sse
357 5167 466 5257 igitur
489 5163 663 5237 utendum
688 5177 741 5233 est
759 5163 947 5253 baptismo.
1011 5163 1161 5236 Terrore
1212 5165 1303 5237 deut
1320 5165 1468 5234 verbum
1483 5176 1535 5233 est
1550 5161 1739 5246 traditum,
1763 5175 1804 5233 ut
1820 5163 1867 5232 sit
1882 5168 2193 5270 reversurum

175 5290 243 5351 nos
259 5271 381 5353 debet,
406 5281 441 5338 et
459 5267 505 5336 ad
525 5264 780 5358 poenitentiam
801 5260 956 5350 hortari,
987 5279 1023 5335 et
1042 5280 1160 5338 ostun—
1210 5265 1385 5337 rationem
1401 5264 1633 5354 praesidium,
1658 5261 1708 5332 its
1730 5278 1765 5333 et
1775 5264 1977 5354 baptismus
1996 5273 2097 5349 iuter
2109 5304 2193 5351 m

174 5374 260 5452 dere
285 5371 375 5441 iram
395 5366 466 5442 Dei
493 5369 660 5441 adversm
682 5380 873 5462 peceatttm.
939 5363 988 5438 Et
1014 5392 1092 5440 cum
1114 5369 1161 5440 in
1211 5367 1453 5439 numerandus
1476 5376 1546 5449 est,
1576 5387 1666 5459 quae
1689 5365 1821 5447 tradita
1853 5384 1939 5445 eunt
1961 5375 2192 5473 dmgmg

247 4927 315 5007 De
367 4952 449 4997 aru
500 4934 538 4993 et
578 4923 746 5024 fructu
799 4921 1090 4995 sacramenti

550 5023 789 5123 baptismi.
