4500 5782
115 238 192 313 tut
222 238 226 245 ’
609 300 613 305 .
705 227 1142 337 EPISTOLARUM
1190 230 1369 307 mult
1422 227 1558 309 1621.
2070 232 2144 307 408

31 410 34 417 ’
116 436 203 482 num
234 422 269 478 et
295 400 518 493 Lutlccrum,
558 409 665 477 audet
694 422 812 479 tamen
841 404 1007 477 Montani
1037 428 1105 473 no-
1156 403 1252 474 stino
1280 404 1378 475 illius
1406 404 1569 494 dogmata
1597 405 1727 496 passim
1755 405 1953 477 recensenti
1980 405 2174 482 meditw

114 513 213 583 mine
227 510 401 604 optimum
418 510 537 580 virum
551 509 732 580 infamare.
777 508 858 579 lam
878 506 1103 607 ctEbionem
1155 504 1210 576 Et'
1223 509 1320 600 quod
1337 509 1381 576 ad
1398 501 1491 577 banc
1511 529 1669 577 caussam
1686 507 1830 593 attinet,
1850 508 1901 578 sic
1911 503 2147 581 Manichacus

116 639 158 685 er
187 638 229 683 eo
256 612 339 682 fecit
376 607 492 681 nihilo
531 612 588 680 vel
623 613 826 697 candidius,
868 611 926 681 vel
956 610 1103 681 cautius.
1155 611 1305 699 negabat
1318 596 1495 680 bum'anae
1510 608 1686 680 voluntati
1702 609 1921 695 libertatem,
1943 622 1985 680 ut
2004 623 2147 700 negaret

113 713 288 805 Erigebat
300 710 421 783 Ebion
436 713 666 799 ceremonias,
691 715 800 804 leges,
824 706 1015 783 Lutlserus
1028 735 1103 781 non
1154 734 1229 781 esse
1251 712 1500 798 substantiam,
1530 735 1620 804 quae
1643 727 1887 797 renovaretur,
1920 714 2083 811 adeoque
2102 713 2148 782 li·

114 818 223 909 exigit
238 812 293 912 ¹⁷),
316 816 378 884 sed
402 815 530 884 liberas
552 838 624 885 esse
637 817 828 908 permittit,
847 829 888 886 ut
905 815 1021 910 quivis
1037 837 1102 905 pro
1154 814 1299 883 hortatio
1315 838 1487 906 capacem.
1531 804 1724 883 Lutherus
1741 813 1791 885 ita
1812 827 1916 904 negat
1935 815 2183 901 libertatem*

114 917 379 1012 opportunitate
393 942 433 991 ac
451 917 603 987 caritatis
617 918 733 988 officio
750 942 786 987 se
800 918 1023 1008 attemperet,
1046 914 1104 983 vel
1154 929 1195 985 ut
1215 939 1289 984 esse
1312 928 1450 986 censeat
1471 916 1723 1000 substantiam,
1747 941 1839 1009 quae
1858 920 1944 986 dum
1961 941 2028 1008 per
2043 916 2145 1009 spire

116 1021 285 1090 inserviat
312 1019 400 1107 legi,
432 1019 489 1088 vel
512 1019 664 1109 negligat
688 1021 773 1091 citra
798 1020 949 1110 culpam.
1012 1015 1103 1086 Nam
1154 1030 1230 1087 tum
1246 1031 1454 1102 renovatur,
1479 1018 1686 1089 ascrvitute
1705 1019 1890 1090 adseritur.
1939 1014 1998 1088 Er
2019 1011 2078 1088 his
2095 1018 2147 1087 ta,

115 1124 164 1193 ita
179 1122 352 1191 sentiebat
367 1135 400 1189 et
414 1119 545 1190 Paulus
567 1122 603 1189 in
619 1122 745 1192 ultimo
765 1123 809 1191 ad
824 1120 969 1191 Galatas
992 1119 1104 1210 capit'e
1155 1120 1237 1204 cito,
1252 1119 1371 1204 lector,
1388 1121 1433 1188 de
1448 1119 1598 1212 reliquis
1614 1120 1862 1193 coniecturam.
1888 1119 1980 1190 Nam
1993 1145 2067 1214 qua
2081 1120 2146 1191 bde

114 1246 312 1316 exaequans
330 1223 545 1292 ceremonias
568 1223 744 1316 ritusque:
770 1220 821 1293 In
842 1215 995 1292 Christo
1015 1216 1103 1290 Iesu
1155 1216 1259 1306 haec,
1285 1245 1374 1314 quae
1395 1221 1685 1306 commemoravi,
1717 1224 1762 1291 ad
1778 1214 1988 1291 Luthcrum
2008 1224 2145 1295 detorta

46 1364 49 1371 ·
114 1346 227 1423 nsque
251 1320 474 1394 circumcisio
496 1318 649 1421 alequid
672 1320 785 1411 valet,
810 1347 922 1421 neque
943 1346 1104 1422 pracpu-
1155 1336 1255 1407 sunt,
1287 1325 1410 1393 eadem
1434 1336 1468 1392 et
1492 1323 1662 1416 pleraque
1682 1324 1763 1393 alia.
1813 1322 1937 1396 Redeo
1964 1350 2067 1396 nune
2095 1350 2145 1408 en,

113 1426 223 1513 tium,
254 1421 322 1496 scd
340 1448 436 1495 aava
463 1435 643 1500 creatura.
702 1424 751 1498 Et
772 1428 811 1496 in
832 1427 946 1518 prima
967 1428 1012 1496 ad
1032 1423 1105 1495 Co·
1154 1426 1251 1495 unde
1264 1425 1440 1515 digressus
1452 1448 1543 1498 sum.
1593 1423 1717 1495 Palam
1733 1439 1794 1512 est,
1814 1440 1974 1497 veterum
1987 1426 2145 1497 conciliis

112 1524 224 1601 rintb.
239 1525 336 1597 vlt:
363 1520 610 1597 Circumcisus
622 1523 769 1625 aliquis·
781 1536 928 1598 vocatus
943 1536 1006 1612 cst,
1030 1550 1103 1595 non
1155 1551 1230 1596 non
1242 1550 1315 1596 esse
1329 1518 1722 1617 reprobatamLutbcri
1735 1527 1944 1614 doctrinam,
1959 1530 1992 1598 si
2002 1529 2146 1623 quiden

112 1626 278 1701 adducat
298 1626 549 1727 praeputium.-
583 1632 702 1714 idest,
731 1632 761 1699 si
775 1631 868 1700 inter
882 1631 969 1720 legis
983 1631 1106 1700 obser·
1154 1629 1187 1697 ei
1220 1652 1331 1722 usque
1372 1629 1461 1699 adeo
1500 1624 1594 1721 nihil
1634 1653 1717 1698 cum
1750 1624 1936 1700 haereticis
1968 1631 2145 1703 convenit

109 1747 235 1803 ventes
248 1746 392 1819 vocatus
405 1756 454 1816 cs,
467 1731 599 1802 inservi
615 1756 738 1802 eorum
754 1732 1013 1803 consuetudini.
1050 1726 1102 1799 ln
1154 1728 1368 1825 Quanquam
1381 1726 1449 1803 boc
1463 1730 1569 1800 etiam
1582 1730 1661 1800 loco
1674 1732 1974 1803 considerandum
1989 1748 2087 1820 erat,
2108 1746 2145 1805 ut

109 1831 303 1932 praeputio
316 1842 437 1905 autem
453 1829 595 1930 aliquis
611 1841 757 1906 vocatus
775 1843 836 1915 est,
860 1857 935 1903 noa
950 1832 1102 1902 circum·
1154 1833 1305 1901 maxime
1326 1832 1530 1902 conveniret
1548 1857 1626 1901 cum
1645 1832 1716 1901 illis
1732 1826 1918 1920 Lutbero,
1944 1836 2055 1928 quid,
2079 1856 2145 1930 qur

33 1928 37 1939 ’
113 1931 268 2007 ridetur.
295 1926 702 2006 Circumcisiorribilest
717 1945 749 2005 et
760 1934 992 2034 praeputium
1002 1929 1106 2004 nibil
1152 1931 1986 2024 rationeinsingulisiactionibushaereticorum
1997 1939 2145 2007 damna·

110 2045 182 2119 cst,
208 2031 277 2106 scd
293 2035 497 2108 observatio
517 2033 777 2107 mandatorum
798 2034 860 2108 dci
878 2053 941 2112 etc.
998 2036 1103 2122 Satis,
1153 2049 1229 2107 tum
1250 2036 1314 2120 sit,
1349 2060 1433 2105 narn
1455 2060 1545 2130 qnae
1570 2050 1643 2109 tam
1675 2038 1856 2129 deplorata
1884 2040 1953 2110 tute
1983 2033 2146 2125 ltaeresig

109 2141 257 2233 opinor,
277 2140 503 2232 perspicuum
518 2153 585 2224 est,
605 2141 693 2233 quid
707 2142 802 2211 inter
816 2154 1001 2234 utramque
1017 2164 1102 2209 sen·
1153 2161 1242 2231 quae
1258 2138 1359 2208 nulla
1384 2138 1423 2207 in
1443 2162 1482 2206 re
1497 2161 1573 2207 non
1592 2140 1768 2230 peccarit?
1819 2139 1895 2211 Iam
1914 2136 2005 2213 haec
2024 2141 2144 2213 omnir

109 2243 256 2314 tentiam
267 2242 416 2326 intersit,
432 2242 515 2311 satis
523 2243 628 2311 etiam
641 2256 726 2333 puto
736 2243 882 2336 liquere,
897 2267 1002 2336 quam
1018 2268 1102 2313 can·
1153 2241 1201 2310 ita
1229 2240 1362 2326 scribo,
1400 2263 1476 2309 non
1500 2241 1599 2333 quod
1623 2240 1748 2326 velim,
1782 2267 1859 2312 eam
1887 2244 1996 2315 etiam
2021 2244 2145 2339 priscis

56 2387 64 2400 -
110 2335 367 2416 dideLutheri
377 2344 585 2415 sententiam
595 2345 637 2417 ad
647 2341 798 2413 Ebionis
812 2340 973 2414 haeresin
983 2348 1102 2417 detor·
1152 2342 1298 2436 synodis
1315 2342 1560 2413 auctoritatem
1580 2364 1671 2426 esse,
1696 2357 1755 2427 nt,
1778 2345 1810 2412 si
1825 2362 1983 2438 opponat
1998 2349 2143 2420 evidens

110 2446 232 2516 serint.
264 2442 458 2514 Eiusmodi
473 2457 524 2514 est
542 2446 636 2530 item,
656 2448 752 2538 quod
766 2442 1019 2516 Manichacum
1035 2471 1102 2517 no·
1151 2457 1222 2514 tem
1246 2445 1453 2538 scripturam
1476 2435 1669 2513 Lutbcrus
1690 2445 1887 2542 cuicunque
1908 2447 2079 2543 Synodo,
2102 2451 2142 2522 de

108 2571 193 2617 men
208 2548 373 2617 tribuunt
386 2538 571 2632 Luthcro,
595 2546 688 2617 idem
704 2545 904 2637 Augustino
920 2546 1101 2640 Pelagiani
1151 2546 1325 2637 scriptura
1341 2547 1537 2617 cedendum
1555 2547 1617 2629 sit,
1643 2548 1705 2616 sed
1722 2560 1763 2617 ut
1780 2574 1944 2619 moneam
1967 2552 2142 2639 lectorem,

32 2664 37 2673 '
108 2649 325 2733 tribuebant,
341 2649 430 2718 sicut
443 2649 517 2740 ipse
530 2662 677 2719 testatur
690 2650 729 2717 in
738 2651 854 2742 primo
867 2651 960 2720 libro
975 2654 1102 2721 adver·
1152 2662 1326 2742 quantum
1346 2648 1486 2737 tragicis
1508 2648 1581 2717 illis
1602 2645 1858 2737 Magistrorum
1872 2644 2141 2726 Parisicnscim

109 2773 170 2821 sus
183 2748 738 2843 duasPelagianorumEpistolas
755 2751 920 2842 incapite
936 2755 1101 2839 secundo,
1151 2750 1299 2819 vocibus
1318 2750 1533 2820 credendum
1554 2750 1615 2820 sit:
1645 2744 1838 2824 Lutlserus
1858 2754 2008 2827 damnat
2026 2759 2141 2829 omnis

109 2853 159 2922 sic
178 2852 274 2922 enim
290 2853 453 2923 distinxit
472 2852 586 2922 scriba
607 2853 795 2947 quispiam.
844 2851 929 2935 Non
952 2854 1102 2946 pudebit
1152 2852 1321 2937 concilia,
1347 2866 1485 2923 sanctos
1498 2866 1625 2942 patres,
1650 2849 1848 2926 Montanus
1861 2871 1923 2943 est,
1945 2854 2139 2946 Ebionest,

107 2947 316 3024 Lutltcrum
348 2955 423 3025 eius
454 2955 623 3041 convicii,
655 2955 686 3023 si
710 2957 855 3048 quidem
875 2980 956 3026 cum
977 2952 1102 3047 Augu÷
1152 2948 1384 3024 Manichacus
1397 2966 1465 3040 est,
1490 2949 1688 3048 Artotyrita
1706 2969 1757 3026 est
1772 2971 1807 3027 et
1819 2953 1889 3028 hoe
1902 2980 2018 3050 genus
2031 2963 2120 3039 aliis.

108 3057 202 3128 stino
219 3081 405 3127 commune
420 3051 545 3141 habet,
571 3081 642 3150 quo
660 3081 733 3126 non
750 3052 876 3127 habuit
890 3054 1100 3130 Manichaea
1253 3054 1414 3126 Fuerunt
1430 3070 1547 3125 autem
1565 3054 1739 3146 Papistica
1756 3061 1906 3130 concilia
1921 3062 2066 3157 aliquot
2089 3064 2139 3143 irt-¹

107 3159 213 3230 factio
237 3155 536 3228 vehementiorem
559 3154 708 3230 hostem.
765 3157 965 3249 Pelagiani,
991 3162 1101 3231 immo
1151 3170 1206 3228 tra
1221 3153 1290 3227 hoc
1307 3171 1447 3249 tempus
1468 3158 1569 3246 regni
1584 3153 1794 3230 Antichristi
1809 3158 1986 3250 Romani,
2013 3162 2072 3235 his
2090 3170 2139 3237 rb

107 3259 305 3349 Pelagianis
325 3260 535 3351 impuriores
554 3276 637 3332 sunt
658 3257 883 3332 scholasticae
903 3258 1100 3354 theologiae
1150 3260 1281 3349 fragari
1305 3261 1492 3330 se-latetur
1512 3252 1720 3345 Lutherus,
1758 3265 1818 3331 sed
1842 3279 2038 3354 praeeunte
2059 3267 2139 3340 scri·

108 3362 312 3453 scriptores,
343 3380 451 3456 quare
483 3377 655 3446 nonest,
686 3366 784 3456 quod
807 3365 999 3450 miremur,
1037 3389 1100 3435 cur
1150 3376 1255 3453 ptura
1271 3361 1439 3434 evidenti.
1488 3358 1538 3432 Et
1552 3385 1616 3431 cur
1633 3387 1707 3431 non
1725 3366 1978 3453 refrageretur,
2001 3371 2138 3464 qnando

109 3460 362 3533 Manichacum
377 3463 508 3535 vocetis
517 3457 743 3546 Lutberum,
767 3466 829 3557 qui
845 3482 981 3559 praeter
997 3463 1101 3536 scho-
1150 3465 1189 3532 in
1206 3463 1363 3533 illistam
1377 3464 1488 3533 multa
1506 3464 1613 3555 impia
1630 3465 1796 3535 adversus
1804 3463 2045 3558 Evangelinm
2061 3494 2138 3543 con·

107 3565 246 3649 lastica,
278 3560 345 3634 hoc
366 3581 418 3637 cst
450 3565 506 3635 bis
528 3564 716 3656 Pelagiana
747 3562 840 3635 nihil
871 3568 1002 3658 sapitis.
1052 3566 1102 3638 Et
1151 3566 1270 3634 stituta
1286 3565 1390 3634 sunt?
1440 3563 1565 3636 Claves
1577 3562 1756 3636 Ecclesiae
1774 3590 1847 3637 esse
1863 3572 2035 3643 omnibus
2048 3596 2137 3645 cosm

107 3665 329 3758 Augustinus
354 3681 394 3736 ut
416 3683 554 3739 excuset
569 3663 822 3737 Manichacum
841 3693 990 3753 nomen,
1025 3693 1100 3739 non
1152 3690 1294 3751 munes,
1323 3679 1428 3757 negat
1446 3664 1647 3737 Viennense
1676 3665 1889 3746 Concilium.
1948 3670 2137 3746 Ecclesiam

106 3784 161 3845 est
180 3770 369 3839 obscurum
394 3793 434 3836 ex
450 3764 624 3861 Apologia
647 3772 814 3838 adversus
829 3768 1099 3861 Pelagianorum
1152 3791 1225 3837 csse
1245 3768 1585 3858 praedestinatorum
1605 3771 1888 3857 universitatem,
1921 3791 2030 3866 negat
2050 3776 2137 3851 Cor·

106 3868 296 3962 Epistolas.
347 3870 466 3964 Atque
489 3895 532 3940 co
555 3872 636 3941 loco
655 3876 699 3941 de
720 3873 888 3942 servitute
907 3873 1100 3944 voluntatis
1150 3869 1351 3943 stantiensis
1371 3869 1547 3964 Synodus.
1596 3868 1732 3941 Eadem
1754 3874 1924 3962 decrevit,
1942 3900 2019 3949 esse
2038 3902 2136 3974 qnae-

107 3973 224 4065 aptius
245 3973 416 4042 disserere
439 3974 595 4058 videtur,
628 3999 733 4068 quam
760 3975 826 4043 ubi
856 3999 935 4045 cum
961 3973 1100 4047 Foelicc
1152 3975 1233 4041 dam
1248 3974 1342 4041 bona
1359 3996 1465 4063 opera
1488 3986 1627 4064 praeter
1648 3975 1814 4064 gratiam,
1840 4001 1930 4069 quae
1947 3983 2136 4055 sententiae

69 4072 322 4175 ‘Manichaeo
354 4075 534 4166 disceptat.
606 4075 892 4146 Patrocinabitnr
919 4077 1029 4159 idem,
1070 4077 1100 4145 si
1151 4098 1193 4143 ex
1216 4074 1388 4143 diametro
1416 4089 1575 4165 pugnant
1599 4100 1680 4144 crim
1699 4073 1907 4167 Evangelio.
1966 4076 2137 4155 Adverte-

106 4177 286 4270 recipitis,
312 4192 344 4248 et
359 4177 473 4247 nobis.
525 4175 632 4267 Quod
649 4179 678 4247 si
695 4179 783 4246 adeo
808 4179 899 4247 caeci
921 4177 1101 4249 suntMa-
1150 4190 1209 4274 tur
1230 4170 1272 4270 18)
1301 4175 1409 4264 igitur
1432 4176 1593 4247 conciliis
1618 4170 1828 4264 Lutlterus,
1865 4175 2014 4255 Christo
2045 4187 2138 4265 duce,

107 4278 209 4368 gistri
225 4272 472 4362 Parisimses,
497 4293 537 4348 ut
560 4281 650 4349 serio
674 4280 906 4363 arbitrentur,
935 4276 1027 4348 nihil
1041 4281 1100 4348 in·
1150 4279 1318 4347 adversus
1332 4300 1455 4371 quem,
1479 4278 1805 4370 quidccreverunt,
1826 4305 1902 4353 non
1922 4283 2137 4359 erantChri·

109 4395 236 4451 teresse
274 4383 369 4451 inter
400 4373 564 4459 Lutlteri
599 4407 639 4451 ac
667 4377 870 4450 Manichaei
897 4382 1101 4465 sententias,
1149 4378 1197 4450 sti
1221 4376 1396 4463 Ecclesia,
1428 4381 1490 4449 sed
1512 4374 1736 4455 Antichristi.
1799 4379 1949 4455 Nihilne
1978 4411 2137 4478 peccave·

110 4483 218 4577 quid,
243 4506 395 4576 quaeso,
420 4478 488 4552 hoc
512 4478 698 4553 hominum
719 4505 845 4574 genere
867 4484 1005 4553 caecius
1025 4484 1101 4554 est?
1150 4494 1235 4552 runt
1255 4503 1314 4550 eae
1337 4480 1482 4574 synodi,
1507 4478 1758 4571 Lugdunensis
1780 4487 1884 4555 credo
1907 4500 1941 4557 et
1957 4486 2134 4562 Vienneu·

109 4582 268 4655 Rursum
290 4586 318 4652 si
340 4608 404 4674 per
425 4584 600 4653 maliciam
625 4586 805 4669 tribuunt,
839 4610 929 4678 quac
950 4588 995 4655 ad
1018 4608 1100 4656 enm
1150 4584 1218 4667 sis,
1250 4606 1339 4677 quae
1362 4579 1576 4655 Pontificum
1597 4580 1778 4676 Epistolas
1797 4589 2071 4678 adprobarunt?
2103 4592 2135 4663 ir

47 4750 48 4754 ,
108 4681 203 4755 nihil
219 4686 396 4778 pertinere
418 4685 756 4779 intellegunt,'quid
776 4687 988 4777 malignius?
1035 4685 1101 4757 Est
1151 4685 1282 4779 quibus
1303 4685 1359 4752 vel
1379 4708 1453 4775 cap.
1477 4685 1522 4752 ad
1543 4687 1773 4773 abolendam,
1824 4685 1915 4759 Item
1938 4690 2136 4765 evenere-

109 4801 227 4858 autem
241 4781 451 4856 Manichaea
475 4789 646 4858 sententia
666 4789 854 4880 prolixior,
880 4813 987 4882 quam
1010 4812 1100 4883 quae
1150 4786 1260 4857 bilem
1286 4785 1365 4878 quis
1386 4786 1501 4855 serat?
1552 4786 1650 4876 Quid
1675 4804 1727 4860 est
1746 4790 1872 4881 igitur,
1902 4794 2002 4885 qnod
2025 4794 2137 4868 conei-

109 4886 167 4960 hic
190 4889 363 4961 recenseri
380 4890 524 4972 debeat,
557 4891 654 4984 quod
677 4904 751 4960 toto
772 4891 953 4960 doctrinae
974 4914 1100 4980 genere
1150 4888 1199 4958 lia
1213 4887 1367 4972 iactatis,
1390 4884 1574 4959 Sorbonae
1591 4886 1785 4982 Theologi,
1808 4887 1903 4962 nihil
1920 4895 1994 4965 nisi
2007 4893 2138 4971 Sorbai

110 4992 294 5064 dissentiat
312 5017 332 5062 a
351 4987 566 5063 Christianis
586 4993 776 5082 dogmatis,
808 4992 839 5061 si
866 4993 954 5086 quid
976 4993 1101 5084 Augu·
1150 4988 1287 5078 Negare
1315 5013 1389 5058 non
1415 4991 1575 5080 potestis,
1608 4993 1697 5085 quin
1720 4996 1908 5065 adversum
1932 4997 2136 5090 scripturam

1151 5087 1244 5161 nihil
1258 5093 1363 5162 liceat
1378 5093 1545 5163 constitui
1554 5108 1589 5164 et
1604 5095 1728 5166 revelli
1743 5120 1856 5189 posse,
1869 5096 1903 5166 ei
1918 5100 2010 5192 qnid
2022 5118 2135 5175 centn

168 5359 211 5426 17)
228 5355 359 5411 Lutberus
371 5372 427 5408 non
441 5352 532 5426 erigit]
558 5351 627 5410 Mel.
641 5369 722 5429 opp-s
739 5350 873 5409 Lntbems
888 5371 955 5410 vcro
971 5371 1029 5408 non
1046 5330 1111 5408 exi-⁴

215 5427 262 5500 gis.
297 5425 333 5479 F.
1206 5417 1250 5488 te)
1269 5414 1447 5487 AdversetorJ
1466 5417 1536 5476 Mel.
1551 5418 1793 5494 opp.Viteb.ed·.t
1810 5419 1992 5508 Adaeum
2024 5420 2060 5477 F·
