4500 5782
690 854 1445 949 PRAEMONENDA.

930 1096 1217 1114 ...κεν-ι...-

524 1407 532 1425 .
562 1357 596 1425 1.

63 1477 111 1551 De
140 1460 375 1578 epistolis
411 1353 531 1554 Phil.
557 1479 899 1558 Melanthonis
933 1487 1043 1558 uni-

480 1610 615 1657 VGTSG·

63 1682 258 1846 llpisrolas.
269 1756 467 1826 illustrium
489 1751 680 1829 hominum
697 1759 821 1848 dignas
837 1785 927 1844 esse,
944 1786 1044 1856 ‚quae

64 1859 261 1948 colligantur
283 1872 318 1927 et
340 1859 539 1929 vindicatae
564 1863 609 1931 ab
632 1861 779 1931 interitu
800 1865 948 1953 posteris
970 1881 1042 1935 tra-

64 1961 195 2045 dantur,
221 1985 303 2030 non
319 1963 484 2053 estquod
506 1963 628 2032 multis
652 1964 851 2035 doceamus.
904 1965 946 2035 ln
968 1968 1044 2058 pri-

62 2062 245 2132 misautem
267 2085 393 2133 omnes
418 2063 513 2133 docti
528 2064 691 2150 illorum,
716 2065 779 2158 qui
798 2091 865 2137 sec.
880 2065 979 2141 XVI.
1004 2069 1043 2137 in

62 2164 170 2234 litteris
196 2164 447 2250 restituendis,
483 2166 589 2236 sacris
621 2169 851 2238 emendandis
869 2184 908 2240 'et
937 2172 1043 2239 rebus

62 2267 200 2356 publicis
215 2265 363 2357 agendis
380 2266 605 2344 benemeriti
621 2283 720 2354 sunt,
744 2271 909 2362 epistolas
924 2274 1044 2363 magni

61 2369 225 2453 iecerunt,
256 2382 381 2460 utpote
403 2391 557 2460 quorum
574 2372 712 2442 litterae
733 2385 873 2442 tantum
896 2374 1042 2443 luminis

62 2463 217 2540 historiae
247 2470 347 2541 illius
365 2471 540 2561 'temporis
568 2474 773 2559 affundant,
805 2490 978 2568 quantum
1001 2500 1042 2546 ex

63 2571 123 2642 olto
138 2572 210 2641 alio
226 2574 328 2642 sonte
345 2571 499 2641 derivari
517 2573 576 2643 vix
598 2599 757 2670 unquam
779 2579 905 2667 possit3
933 2603 1042 2672 quare

63 2698 234 2768 nunquam
267 2676 459 2745 defuerunt
483 2688 559 2746 tum
589 2679 653 2772 qui
678 2678 854 2748 eiusmodi
874 2680 1042 2774 reliquias

62 2777 237 2866 diligenter
261 2777 490 2866 colligerent,
529 2791 606 2848 tum
627 2806 711 2850 vero
735 2781 839 2850 etiam
861 2782 926 2876 qui
947 2784 1042 2852 eius-

62 2879 146 2947 modi
167 2880 326 2950 studium
351 2878 593 2951 collaudarent
613 2897 719 2977 atque
741 2883 841 2952 omni
856 2887 963 2955 modo
985 2885 1037 2954 iu·

63 2994 181 3054 carent.
249 2975 551 3072 Ephemeridibus
575 2983 671 3053 enim
702 2985 776 3053 sive
802 2988 944 3056 nunciis
971 3010 1040 3077 pu-

63 3080 149 3150 hlicis
164 3084 208 3151 de
223 3083 329 3152 novis
340 3083 447 3152 rebus
467 3082 506 3150 in
525 3087 720 3177 republica
745 3101 780 3157 et
799 3112 838 3157 re
859 3089 1040 3173 litteraria,

64 3185 176 3274 quibus
206 3178 372 3255 nostrum
398 3208 524 3253 aevum
552 3188 626 3257 sere
657 3189 841 3276 obruitur,
877 3186 1040 3259 homines

64 3286 153 3354 seculi
166 3284 270 3359 XVI.
286 3298 487 3361 caruerunt.
539 3285 641 3377 Quae
659 3290 874 3384 enimquasi
888 3291 1040 3382 agmini-

64 3384 116 3456 bus
132 3387 263 3459 iunctis
281 3382 390 3458 bodie
406 3391 583 3481 prodeunt
597 3393 747 3485 scripta,
771 3407 812 3462 ut
827 3392 1040 3465 Litteratur-

63 3487 203 3580 trhung,
229 3489 405 3576 Journal,
436 3486 680 3584 Jahrbiicher,
716 3493 922 3588 Magazine,
955 3495 1040 3565 Zei-

10 3612 12 3617 ·
62 3602 178 3681 tungen
195 3606 281 3674 etc„
323 3617 362 3663 ea
380 3593 449 3662 isto
475 3607 633 3687 tempore
652 3596 753 3665 nulla
770 3599 1039 3689 conspicieban-

62 3703 124 3776 tur,
161 3696 223 3763 sed
250 3695 343 3762 vices
373 3719 496 3764 eorum
522 3698 692 3786 gerebant
718 3698 885 3790 ,privatae
920 3694 1039 3769 homi-

63 3815 134 3862 num
150 3795 337 3865 doctorum
355 3796 540 3889 epistolae,
562 3823 652 3892 quae
667 3799 777 3891 igitur
789 3802 834 3869 ad
852 3795 1036 3872 historiam

965 1412 969 1419 .
1094 1353 1181 1438 fuit,
1213 1368 1288 1425 tum
1311 1378 1396 1424 vero
1418 1355 1505 1424 alios
1532 1355 1682 1425 feliciter
1705 1353 1860 1424 instituit
1880 1337 1938 1423 'vel
1961 1374 2086 1424 eorum

1096 1455 1211 1525 studia
1237 1456 1339 1526 iuvit.
1405 1455 1494 1526 Prae
1523 1458 1667 1526 caeteris
1698 1469 1816 1526 autem
1845 1455 2021 1547 praestitit
2037 1454 2086 1524 in

1095 1552 1286 1647 theologia,
1301 1560 1340 1626 in
1357 1555 1632 1651 quaLutherum
1654 1559 1685 1627 si
1697 1582 1771 1627 non
1786 1559 1975 1649 superavit,
1991 1570 2085 1627 certe

1095 1660 1269 1752 aequavit.
1322 1658 1366 1727 ln
1382 1660 1488 1729 sacris
1508 1661 1603 1729 enim
1629 1661 1858 1729 emendandis
1880 1680 2085 1753 quanquam

1093 1753 1280 1844 Lolhcro,
1305 1775 1345 1830 ut
1361 1762 1619 1831 emendationis
1639 1763 1773 1833 auctori
1789 1761 1981 1830 fortissimo
2004 1760 2086 1829 leli·

1086 1862 1304 1955 ‘cissimoque
1328 1863 1554 1957 eiusdemque
1578 1865 1701 1933 statori
1720 1864 1867 1932 immoto
1888 1862 2087 1954 intrepido·

1095 1987 1184 2056 que,
1209 1987 1314 2033 nemo
1336 1989 1495 2057 unquam
1512 1965 1636 2057 eripiet
1655 1966 1826 2056 palmam,
1851 1953 2086 2033 Melanthos

1094 2078 1213 2134 tamen
1237 2078 1334 2136 tanto
1356 2090 1461 2159 opere
1482 2063 1679 2136 Lutherum
1704 2066 1859 2150 adiuvit,
1884 2079 1983 2137 tanto
2006 2080 2087 2158 post

1095 2163 1201 2235 huius
1224 2182 1374 2237 mortem
1406 2191 1578 2238 consensu
1609 2168 1769 2238 omnium
1795 2168 1950 2260 primum
1980 2190 2086 2237 occu·

1093 2269 1192 2360 pavit
1216 2269 1354 2355 locum,
1391 2283 1558 2363 tantaque
1581 2272 1676 2363 apud
1701 2294 1782 2340 suos
1804 2284 1838 2340 et
1861 2285 1997 2341 exteros
2016 2268 2087 2340 luit
2184 2330 2189 2335 .

1094 2371 1320 2455 auctoritate,
1344 2385 1404 2456 ut,
1435 2372 1494 2442 cui
1517 2371 1597 2463 plus
1618 2372 1738 2442 meriti
1762 2373 1915 2457 tribuas,
1939 2373 2086 2442 sortasse
2142 2408 2152 2421 ·

1094 2472 1246 2557 nescias,
1280 2486 1315 2542 et
1337 2474 1522 2568 utriusque
1544 2469 1702 2543 hominis
1728 2475 1875 2543 nomina
1899 2489 1934 2545 et
1959 2471 2085 2543 merita

1094 2574 1132 2643 in
1149 2597 1186 2642 re
1203 2575 1373 2660 maxima,
1399 2600 1507 2669 quam
1527 2575 1655 2646 iunctis
1675 2577 1774 2670 quasi
1795 2577 1962 2654 manibus
1983 2598 2087 2667 pere·

1093 2688 1236 2765 gerunt,
1259 2677 1308 2746 ita
1323 2679 1511 2748 coniuncta
1526 2701 1599 2747 esse
1614 2693 1732 2770 putes,
1753 2692 1793 2748 ut
1809 2677 1963 2769 separari
1981 2698 2099 2770 pror·-

1093 2801 1152 2848 sus
1171 2792 1359 2871 nequeant.
1426 2779 1475 2855 Ut
1497 2780 1593 2848 enim
1615 2781 1751 2850 familia
1774 2779 1965 2850 domestica
1990 2801 2085 2849 nun-

1092 2904 1199 2974 quam
1226 2881 1368 2951 florebit
1384 2882 1583 2967 felicitate,
1618 2883 1796 2968 moribus,
1829 2882 1977 2964 virtute,
2013 2880 2085 2949 nisi

1093 2974 1283 3052 coniuncta
1303 2984 1489 3077 utriusque
1506 2985 1680 3075 parentis,
1705 2998 1739 3054 et
1758 2982 1868 3074 patris
1892 2997 1927 3054 et
1949 2981 2084 3066 matris,

1091 3084 1241 3169 virtute,
1280 3086 1481 3176 diligentia,
1515 3086 1704 3176 sapientia:
1724 3091 1729 3099 “
1752 3085 1801 3154 sic
1831 3085 1936 3153 etiam
1965 3106 2084 3153 sacro-

1090 3209 1172 3255 rum
1195 3189 1476 3256 emendationem
1502 3202 1629 3257 neutro
1659 3187 1802 3256 illorum
1831 3185 1995 3255 debuisse
2024 3206 2085 3256 ca-

1090 3310 1186 3371 rere,
1216 3289 1400 3359 fatendum
1432 3301 1494 3362 est.
1559 3284 1706 3359 Accedit
1734 3289 1831 3383 quod
1854 3281 2083 3373 Melanthon,

1090 3413 1200 3483 quum
1211 3384 1399 3476 lutherus,
1415 3391 1547 3484 quippe
1561 3391 1607 3460 ab
1623 3387 1839 3482 Imperatore
1852 3389 2082 3481 proscriptus,

1089 3493 1273 3577 commode
1289 3493 1382 3563 mitti
1397 3516 1471 3562 non
1487 3506 1621 3584 posset,
1646 3492 1684 3561 in
1705 3492 1939 3562 conventibus
1959 3489 2083 3584 publi-

1089 3594 1139 3663 cis
1152 3606 1185 3663 et
1199 3593 1238 3662 in
1253 3595 1440 3690 colloquiis
1459 3619 1538 3663 cum
1554 3593 1750 3665 Pontificiis
1767 3594 1923 3685 primum
1946 3593 2081 3689 ubique
2194 3668 2197 3674 ,

1088 3695 1203 3764 tenuit
1225 3696 1342 3765 locum
1364 3696 1619 3789 primariasque
1635 3696 1704 3786 egit
1719 3709 1845 3789 partes.
1896 3693 2081 3767 Praeterea

1088 3798 1193 3868 etiam
1220 3795 1336 3868 Duces
1366 3797 1541 3869 Saxoniae
1557 3795 1737 3868 Electores
1770 3811 1804 3867 et
1828 3796 2011 3889 Principes
2041 3795 2080 3865 in

62 3895 154 3964 seculi
175 3894 276 3965 XVI.
300 3911 395 3969 recte
422 3903 702 3988 cognoscendam
722 3916 804 3972 sunt
819 3903 1036 3977 utilissimae.
1088 3900 1339 3985 conventibus,
1365 3899 1429 3968 ubi
1443 3900 1583 3988 negotia
1599 3924 1679 3970 cum
1697 3899 1913 3992 Imperatore
1931 3911 1964 3967 et
1985 3911 2081 3970 exte·

62 3990 166 4090 ltaque
179 4023 276 4083 cura,
301 3998 343 4068 in
358 4000 566 4090 colligendis
584 4003 758 4075 eiusmodi
769 4003 897 4076 litteris
911 4006 1037 4096 posita,
1086 4002 1136 4072 ris
1154 4000 1382 4094 Principibus
1403 4024 1467 4093 per
1489 4001 1623 4071 litteras
1639 4002 1840 4095 peragenda
1855 4014 1973 4085 erant,
1997 3997 2081 4071 Me-

62 4119 121 4166 ron
135 4101 334 4191 spernenda
351 4116 403 4172 est
418 4103 490 4173 alto
511 4106 721 4196 supercilio,
745 4107 846 4201 quasi
861 4106 900 4175 in
914 4130 954 4176 re
967 4108 1036 4176 mi·
1086 4100 1257 4174 lanthone
1270 4104 1324 4174 usi
1343 4118 1426 4176 sunt
1440 4103 1652 4195 interprete,
1677 4102 1726 4174 ita
1742 4116 1782 4174 ut
1798 4102 1898 4196 quasi
1920 4125 1960 4172 os
1980 4115 2080 4187 esset,

62 4214 132 4269 nuta
153 4214 187 4271 et
209 4203 333 4274 inutili
359 4218 527 4297 occupata
544 4208 607 4293 sit,
628 4211 700 4285 ,sed
718 4209 837 4300 potius
857 4208 1034 4279 laudanda
1085 4230 1149 4298 per
1172 4207 1269 4300 quod
1293 4218 1383 4277 cum'
1400 4205 1543 4295 regibus
1563 4203 1703 4275 Galliae
1725 4219 1759 4276 et
1779 4202 1929 4295 Angliae
1954 4203 2080 4298 loque-
2150 4214 2156 4225 “

63 4299 280 4398 iurandaque.
1085 4310 1227 4380 bantur.

144 4402 259 4477 Nemo
290 4420 411 4479 autem
438 4407 604 4479 omnium
635 4413 822 4484 doctorum
849 4434 915 4481 sec.
935 4409 1035 4488 XVI.
1190 4407 1292 4497 Quae
1315 4433 1425 4502 quum
1448 4409 1496 4477 ita
1520 4408 1609 4494 sint,
1641 4431 1764 4492 nemo,
1797 4421 1900 4498 puto,
1925 4408 2079 4498 negabit,

62 4503 217 4576 eiusmodi
238 4532 323 4579 cura
343 4511 488 4601 dignior
508 4512 666 4598 videtur,
705 4538 811 4609 quam
832 4505 1034 4612 Philippus
1084 4513 1176 4583 tanti
1193 4511 1263 4581 viri
1277 4512 1412 4581 litteras
1426 4510 1651 4601 dignissimas
1671 4533 1762 4595 esse,
1793 4534 1883 4603 quae
1906 4510 2078 4601 colligan-

62 4597 287 4696 Melanthon,
312 4613 723 4707 graecarumlitterarum
739 4616 916 4710 simulque
932 4612 1035 4687 theo·
1085 4628 1145 4685 tor
1159 4627 1193 4684 et
1208 4613 1357 4705 posteris
1375 4624 1570 4682 serventur.
1624 4611 1717 4683 Sunt
1737 4612 1832 4681 enim
1855 4613 1954 4705 quasi
1979 4635 2078 4682 com-

63 4703 155 4797 logiae
167 4712 206 4780 in
215 4708 661 4807 AcademiaVitebergensi
675 4720 809 4804 doctor,
829 4711 1037 4789 Reuehlini
1084 4715 1251 4786 mentarii
1272 4715 1432 4808 perpetui
1454 4714 1548 4783 vitae
1568 4709 1832 4800 Melanthonis,
1856 4712 2077 4785 emendation
2118 4732 2120 4739 ’

62 4805 235 4904 discipulus
248 4815 472 4888 felicissimus
485 4818 824 4914 illustrissimusque.
876 4819 958 4892 Non
975 4845 1034 4891 so·
1084 4819 1142 4899 nis
1156 4842 1353 4902 sacrorum,
1377 4840 1497 4886 rerum
1512 4816 1653 4906 publice
1666 4829 1842 4903 gestarum
1858 4829 1892 4887 et
1908 4811 2088 4902 historiae,

62 4907 119 4980 lun
138 4916 234 4984 enim
256 4917 296 4985 in
315 4919 360 4988 iis
380 4919 470 5005 suit,
495 4920 619 5014 quide
636 4923 876 4993 restaurandis
896 4922 1034 5009 litteris,
1083 4920 1292 4991 litterarum.
1342 4916 1470 4989 Multis
1486 4917 1580 4985 enirn
1595 4918 1828 5012 maximisque
1841 4918 1947 4986 rebus
1962 4940 2003 4986 ex
2016 4909 2076 4987 his

62 5008 389 5108 imprimisgraecis,
420 5021 687 5113 optimemeriti
710 5038 811 5111 sunt,
843 5025 1033 5094 sedetiam
1084 5022 1241 5114 epistolis
1269 5021 1332 5090 lux
1357 5019 1565 5092 affunditur.
1623 5017 1768 5092 Solebat
1791 5013 2006 5089 Melanthon
2035 5018 2079 5088 in'
2201 5112 2206 5123 ,

60 5110 340 5212 inpbilosopbia,
365 5115 531 5210 historia,
557 5127 791 5208 astronomia,
816 5127 943 5199 litteris
960 5126 1032 5196 ele·
1083 5124 1209 5195 litteris
1225 5124 1270 5194 ad
1284 5123 1476 5193 familiares
1498 5120 1645 5191 liberius
1661 5121 1779 5215 loqui,
1803 5133 1838 5190 et
1853 5122 1965 5191 multa
1984 5119 2075 5191 alio·

57 5218 262 5301 tantioribus
282 5235 319 5292 et
339 5224 414 5294 fere
430 5223 470 5295 in
485 5228 672 5315 omnibus,
695 5252 785 5325 quae
801 5230 846 5299 ad
866 5228 1031 5300 subtilio-
1082 5226 1147 5321 qui
1167 5226 1288 5316 ignota
1312 5247 1492 5309 narrare,
1509 5246 1600 5317 quae
1625 5247 1746 5295 rerum
1770 5236 1946 5314 gestarum
1969 5236 2075 5294 natu-

56 5338 116 5389 ren
134 5323 339 5396 doctrinam
360 5340 535 5418 spectant,
565 5343 643 5402 tum
665 5331 741 5423 ipse
763 5331 846 5402 satis
870 5330 1030 5403 eruditus
1081 5352 1158 5407 ram
1187 5341 1221 5400 et
1248 5348 1386 5414 causas,
1426 5320 1689 5424 bominumque
1718 5320 1875 5399 consilia
1904 5339 1945 5395 et
1964 5345 2092 5394 mores
