4500 5782
106 214 183 287 280
712 204 1145 293 sets-Tosarene
1180 206 1287 290 mla
1307 206 1375 291 ,lla
1401 207 1550 297 ¹1520,
1704 138 1711 149 ¹
2074 214 2141 305 ut

113 412 193 457 rum
221 384 460 453 Barbararum
487 383 646 472 gentium
674 382 795 477 aliquo
823 392 926 474 pacto
954 382 1103 471 gratiam
1155 396 1234 455 mus
1250 383 1395 476 quidem
1407 408 1489 454 curn
1502 382 1832 478 lugentibuscopiis
1846 387 2006 461 terrestri
2020 388 2141 481 itinere

112 488 181 558 sihi
203 485 391 556 conciliare
411 485 574 575 incipiat,
599 508 721 555 earum
742 484 978 575 patrocinium
993 484 1104 554 susci-
1154 480 1366 557 Damascum
1380 509 1492 579 usque
1506 476 1691 579 penetrare
1702 487 1836 582 diuque
1848 510 1926 559 eam
1938 491 2068 561 urbem
2081 492 2141 563 ob·

111 591 165 681 pit
183 602 369 681 censetque
388 582 628 671 Christianos,
656 586 719 679 qui
739 585 877 655 bellum
897 583 1025 655 Turris
1046 584 1104 655 in-
1155 584 1400 659 sidere·ausus
1421 603 1491 674 est,
1517 588 1606 659 alter
1627 589 1668 657 in
1687 584 1901 684 Aegyptiace
1922 593 2141 683 expeditione

112 692 276 761 dicuntet
287 685 480 765 haereticos
494 691 717 771 combumnt,
730 678 808 757 Deo
819 684 915 759 Max.
928 710 1104 780 repugna·
1154 689 1313 779 captivus
1339 691 1451 760 factus
1481 690 1592 761 nullis
1614 688 1780 761 adversae
1809 692 1975 763 fortunae
1997 694 2141 781 casibus

112 816 161 864 re.
219 787 317 859 Proh
339 791 527 859 iustissime
549 805 584 861 et
603 786 855 878 benignissime
881 786 979 874 lesu,
1008 790 1104 867 itane
1154 790 1265 867 nullis
1276 791 1370 862 vitae
1384 791 1650 863 discriminibus
1658 793 1785 863 terreri
1793 795 2141 887 potuitsedrepar&

111 893 271 986 loquitur
292 888 350 960 hic
364 885 543 975 Lulcrus,
577 892 641 984 qui
656 887 830 961 honorem
841 904 950 959 tuum
971 904 1006 960 et
1027 892 1104 980 glo-
1154 905 1191 962 to
1204 894 1359 963 exercitu
1368 894 1486 975 denuo
1498 888 1736 985 inAphricam
1746 896 1883 967 traiecit
1892 909 1998 989 atque
2008 896 2141 969 ibiTu·

111 997 202 1066 riam
222 1017 328 1085 supra
344 1018 466 1062 omnes
481 994 647 1063 mortales
663 1016 781 1063 amare
797 1015 833 1061 se
847 992 974 1082 fingit?
1024 992 1104 1063 Sic·
1154 993 1245 1064 nitio
1258 995 1346 1064 urbe
1361 996 1558 1091 obsessaab
1571 989 1638 1067 hac
1646 996 1791 1069 mortali
1800 996 2006 1082 conditione
2019 1020 2141 1089 regne-

42 1116 46 1123 '
112 1111 218 1167 netu
240 1109 379 1179 aeterna
401 1096 547 1179 veritas,
576 1094 758 1165 verissima
782 1094 942 1178 bonitas,
969 1094 1103 1186 optima
1154 1108 1372 1188 queterreno
1383 1098 1620 1167 adaeternam
1628 1096 1738 1167 vitam
1749 1111 1785 1168 et
1793 1094 2141 1190 mdeste-imperium

112 1198 267 1281 lustitia,
292 1197 483 1266 iustissima
502 1195 746 1265 misericordia
770 1219 835 1288 per
860 1210 938 1266 tuas
964 1197 1102 1267 divinas
1154 1198 1397 1273 transvolavit.
1432 1196 1530 1269 'Non
1547 1199 1667 1279 [dicam
1687 1191 1931 1296 Gotosredum
1950 1197 2141 1283 Boliomt

112 1304 204 1392 leges
250 1297 496 1369 sanctissimos
548 1292 744 1388 Prophetas
794 1293 1002 1390 Heroasque
1045 1298 1104 1366 in·
1154 1293 1597 1388 LothorirrgorumDucem
1611 1301 1826 1394 comitesque
1840 1302 2064 1389 fortissimus,
2083 1298 2141 1397 qui

112 1401 321 1472 victissimos
334 1400 509 1469 docuisti?
539 1397 669 1469 Nonne
685 1396 934 1469 sanctissimus
954 1400 1052 1470 idem
1069 1413 1104 1468 et
1153 1400 1346 1489 praemisso
1378 1397 1503 1471 Crucis
1540 1400 1640 1491 signo
1676 1402 1872 1473 triennium
1901 1402 2141 1492 integrumin

111 1503 318 1574 mitissimus
336 1499 456 1570 Moses
484 1514 569 1570 tunc
596 1500 815 1591 pientissime
836 1502 924 1590 egit,
958 1503 1102 1593 quando
1153 1501 1348 1593 longinqua
1370 1502 1591 1595 barbaraque
1618 1503 1762 1592 regione
1786 1503 2041 1575 versati.mille
2056 1564 2059 1569 .
2074 1504 2141 1577 suit

14 1682 24 1697 Ι
113 1608 158 1677 ad
174 1605 240 1675 tria
258 1628 363 1695 supra
375 1603 502 1692 viginti
519 1602 632 1672 millia
645 1599 909 1687 Hebraeorum,
932 1602 1103 1695 quivitu·
1153 1603 1320 1694 periculis
1352 1616 1518 1703 egerunt,
1544 1617 1597 1685 ¹ut
1614 1600 1881 1699 Hierosolyruae
1911 1619 2018 1699 atque
2040 1603 2141 1700 Syria

112 1712 189 1779 lum
204 1730 352 1785 aureum
362 1706 604 1788 adunaverant,
618 1701 1028 1796 perLevitarummanus
1041 1729 1103 1775 oc·
1155 1728 1196 1773 ex
1211 1703 1543 1787 infidelium·manu
1559 1705 1811 1796 reciperentur,
1862 1698 2141 1789 TaceboEudu·

113 1810 185 1881 cidi
213 1806 356 1879 iussitl.
382 1803 482 1894 Quid
498 1828 613 1898 quum
634 1817 819 1899 praecepto
844 1805 955 1899 ipsius
976 1806 1103 1894 viginti
1154 1802 1696 1895 nemBurgundionumducem,
1719 1806 2141 1903 quicmnaliiscomplu·

113 1925 265 2009 quatuor
292 1908 422 1991 millia,
463 1908 526 1998 qui
545 1901 818 1999 Beelphegoreis
840 1908 947 1977 sacris
972 1907 1104 1977 initiati
1152 1908 1254 1987 ribus
1266 1902 1478 1985 Christianis
1494 1904 1722 1999 Principibus
1736 1911 1903 1985 adversus
1920 1906 2141 2003 prophanam

113 2010 274 2095 fuerant,
304 2009 479 2078 interlecti
498 2009 604 2079 sunt?
656 2006 839 2095 Quidnam
852 2032 916 2101 per
937 2009 1052 2099 ipsum
1070 2022 1104 2079 et
1153 2004 1401 2098 Albigensimn
1435 2023 1564 2078 sectam
1598 2012 1777 2100 profectus
1813 2026 2013 2101 expugnata
2048 2010 2141 2085 Urbe

114 2114 241 2186 losuen
269 2125 320 2183 tot
339 2108 567 2200 Principum,
605 2122 658 2179 tot
680 2106 839 2199 Regum,
873 2123 925 2181 tot
948 2111 1102 2194 urbium,
1153 2105 1393 2181 Carchassona
1415 2134 1521 2201 supra
1542 2110 1720 2199 sexaginta
1739 2109 2008 2195 Haereticorum
2026 2113 2141 2185 millis

113 2240 204 2312 qliae
239 2238 259 2282 a
292 2236 377 2280 vero
407 2209 476 2280 Dei
510 2210 606 2282 cultu
643 2212 872 2297 aberrabant,
910 2212 1103 2281 occisiones
1153 2212 1294 2285 occidit.
1333 2210 1497 2287 ,Silebo
1518 2211 1799 2293 innumerabiles
1829 2212 1960 2300 alios„
1978 2215 2044 2308 qui
2077 2240 2141 2311 pro

115 2314 454 2408 disperditionesqne
478 2315 745 2385 monstrarunt?
793 2311 868 2385 Cur
895 2316 1023 2385 ardens
1041 2315 1102 2385 illc
1152 2308 1355 2385 Christiana
1376 2310 1573 2406 Republica
1597 2315 1684 2385 dum
1715 2313 1798 2385 talia
1817 2330 2011 2405 gesserunt
2039 2331 2141 2411 atque

115 2446 154 2490 ac
169 2431 264 2487 totus
279 2414 371 2506 ignis
385 2412 525 2500 Helias,
547 2412 666 2484 Baalis
682 2429 717 2487 et
730 2416 892 2486 lucorum
907 2412 1103 2509 Prophetas
1153 2440 1275 2487 eorum
1307 2415 1475 2497 laudibus
1490 2466 1498 2497 ,-
1514 2427 1548 2484 et
1577 2415 1806 2505 gratulationi
1820 2417 1963 2495 „omnis
1995 2419 2141 2505 ordinis

116 2520 334 2608 octingentos
362 2528 398 2588 et
426 2517 683 2610 quinquaginta
706 2510 803 2587 viros
834 2519 878 2586 ad
911 2532 1103 2589 torrentem
1154 2518 1272 2595 omnis
1289 2516 1443 2607 generis,
1471 2517 1590 2587 omnis
1610 2518 1766 2612 denique
1782 2520 1946 2599 fortunae
1968 2521 2088 2605 studia
2107 2544 2141 2591 se

115 2620 256 2694 Cisonis
281 2618 484 2690 interemit?
538 2616 668 2689 Nonne
692 2616 789 2690 Deus
814 2617 911 2694 Max.
936 2616 1103 2690 Israhelis
1154 2633 1379 2712 aptaverunt,
1411 2633 1483 2689 tam
1503 2619 1657 2689 validam
1677 2612 2002 2693 contrahentem
2022 2622 2141 2699 testiti-

115 2722 207 2811 Regi
229 2717 318 2790 lehn
339 2714 511 2790 thronum
536 2721 689 2809 regalem
709 2723 755 2791 ad
776 2722 966 2813 abnepotes
991 2746 1103 2817 usque
1153 2723 1327 2791 rationem
1357 2722 1503 2806 dedere,
1543 2722 1641 2814 quod
1669 2715 1767 2791 hanc·
1794 2722 1985 2815 impietatis
2010 2738 2141 2811 notum,

115 2824 294 2919 pollicitus
321 2835 390 2907 est,
428 2822 597 2915 quoniam
628 2822 784 2891 eiusdem
807 2820 925 2892 Baulis
952 2826 1103 2894 cultores
1154 2834 1260 2916 qua'm
1274 2823 1343 2914 ipsi
1364 2823 1434 2893 sibi
1454 2821 1598 2908 inussit,
1623 2822 1741 2892 omnis
1763 2825 1949 2915 posteritas
1972 2826 2141 2919 adspiciet

34 2982 38 2989 .
80 2984 84 2993 .
116 2925 312 3009 necaverit,
348 2936 496 2993 statuam
527 2924 776 3010 combusserit,
810 2918 970 3016 phanum
1002 2950 1104 3018 spur·
1155 2937 1190 2995 et
1222 2925 1269 2995 ad
1297 2924 1396 3007 illius¹
1423 2924 1592 2995 narrabit·
1615 2924 1862 3015 ignominiam.
1880 2926 2141 3017 sempiternam.

116 3028 297 3100 cissimum
311 3026 357 3095 -in
375 3024 634 3094 foedidissimas
658 3026 804 3096 latrinas
827 3027 1017 3098 demolitus
1037 3027 1104 3097 sit?
1152 3022 1225 3095 Eas
1242 3050 1355 3111 nunc,
1375 3020 1563 3111 Martius,
1586 3050 1626 3097 ac
1649 3039 1683 3096 te
1704 3026 1776 3095 iam
1800 3039 1914 3098 toturn
1935 3052 2000 3119 per
2019 3030 2140 3113 orbern

117 3130 293 3221 Quisnam
328 3152 369 3197 ex
402 3121 472 3196 his'
487 3127 678 3219 multisque
710 3128 788 3197 aliis
817 3129 982 3220 antiquae
1017 3128 1104 3219 legis
1153 3148 1323 3218 maguum
1337 3152 1470 3197 nomen
1487 3122 1618 3199 habere
1631 3128 1793 3216 gaudeas.
1813 3124 2019 3201 'Eas-nunc
2033 3131 2140 3207 etillr

118 3230 286 3321 execnplis
303 3230 347 3297 ad
366 3229 555 3298 vastandos
572 3242 677 3321 atque
699 3230 869 3300 delendos
883 3226 1104 3301 Christianae
1155 3226 1277 3323 (quam
1294 3244 1431 3301 tantum
1447 3226 1570 3322 odisti)
1583 3224 1797 3299 authoritate
1810 3227 2019 3320 Apostolica
2031 3246 2066 3303 te
2078 3231 2139 3305 ss-

118 3331 331 3423 reipublicae
347 3324 464 3399 hostes
478 3353 554 3399 non
573 3333 808 3401 accendatur?
856 3328 952 3403 Hinc
966 3330 1105 3403 Beatis-
1155 3356 1233 3402 crae
1254 3326 1470 3421 Theologiae
1492 3332 1700 3421 magistrum
1722 3330 1869 3413 iactites:
1903 3354 1977 3425 quo
2000 3332 2052 3405 sie
2076 3332 2138 3407 tibi

118 3434 199 3503 simi
215 3432 401 3502 Pontifices
415 3429 571 3503 Romani
589 3445 640 3502 tot
657 3433 882 3525 amplissimis
896 3435 1104 3504 muneribus
1154 3434 1247 3503 male
1273 3433 1419 3517 sentire,
1463 3433 1565 3523 peius
1591 3432 1716 3502 docere
1748 3445 1852 3524 atque
1878 3433 2035 3523 pessime
2059 3434 2137 3509 seri·

117 3535 231 3607 Cruce
255 3534 409 3622 signatos
430 3528 535 3625 (quos
549 3524 712 3603 Luterus
733 3535 855 3603 videre
877 3559 951 3603 nnn
975 3530 1104 3629 potest)
1154 3534 1238 3603 bere
1269 3534 1416 3625 impune
1442 3534 1592 3607 licuerit.
1654 3530 1726 3603 Eas
1751 3548 1904 3613 nuncet
1924 3535 2039 3607 libros
2064 3550 2135 3617 tator

120 3652 153 3708 et
179 3636 356 3729 prosecuti
381 3648 464 3704 sunt
489 3647 525 3703 et
546 3650 819 3728 prosequuntur.
871 3633 967 3704 Hinc
987 3634 1105 3727 lmpe-
1155 3660 1219 3726 per
1239 3656 1361 3704 omnes
1382 3635 1454 3703 iam
1475 3634 1676 3726 provincias
1694 3654 1833 3727 sparsos
1856 3638 2134 3730 eousquelaete·

118 3754 252 3811 ratores
274 3731 524 3826 Angustissimi
540 3733 722 3829 Regesque
749 3750 783 3805 et
804 3735 987 3828 Principes
999 3733 1106 3808 Chri·
1155 3737 1261 3823 reris,
1295 3750 1337 3806 ut
1355 3736 1453 3831 quod
1476 3736 1582 3806 bonis
1606 3750 1642 3805 et
1661 3736 1808 3811 eruditis
1831 3737 1918 3815 viris
1940 3752 2134 3830 portentum

119 3838 325 3913 stianissimi
349 3837 487 3908 nnllam
513 3862 673 3929 uuquam
698 3839 882 3908 clariorem
910 3839 1105 3926 victoriam,
1156 3852 1261 3932 atque
1274 3852 1467 3908 tartareum
1483 3851 1683 3909 monstrum
1703 3852 1863 3929 apparet,
1887 3834 2133 3911 Divinumtibi

120 3943 260 4013 ntdlum
293 3939 536 4030 gloriosiorem
568 3934 788 4032 triumphum
819 3941 981 4010 arbitrati
1013 3956 1106 4027 sunt,
1156 3940 1368 4011 miraculum
1383 3939 1556 4013 videatur.
1615 3936 1780 4023 Falleris,
1802 3940 1955 4025 fauens,
1974 3934 2133 4013 Martius

121 4069 228 4140 quam
260 4037 481 4112 Christianae
516 4040 699 4130 religionis
737 4037 854 4125 hostes
894 4043 1106 4134 disperdere,
1156 4043 1218 4128 mi,
1229 4057 1267 4112 et
1281 4065 1404 4111 verum
1420 4041 1487 4111 iter
1500 4039 1633 4130 gloriae
1646 4040 1797 4129 ignoras,
1814 4040 1844 4109 si
1859 4040 1995 4111 talibus
2005 4043 2132 4113 serven·

121 4147 256 4216 nvdlam
282 4143 509 4211 illustriorem
537 4157 702 4227 mortem,
733 4168 840 4237 quam
861 4141 909 4236 (si
926 4142 1023 4214 Deus
1044 4146 1107 4215 de·
1157 4144 1219 4228 tis,
1255 4166 1300 4215 ne
1331 4142 1448 4211 dicam
1474 4141 1624 4212 furentis
1656 4141 1791 4231 ingenii
1818 4142 1873 4211 tui
1902 4143 2132 4215 monumentis

123 4244 245 4337 disset)
260 4240 325 4313 hac
341 4246 385 4311 de
399 4266 500 4312 causa
516 4243 713 4312 felicissime
728 4258 877 4314 mortem
895 4246 1005 4318 obire.
1047 4243 1107 4315 Sic
1158 4244 1255 4313 aliud
1275 4266 1435 4336 unquam
1449 4245 1544 4333 apud
1567 4256 1726 4332 posteros
1748 4266 1879 4313 nomen
1903 4260 2132 4317 assecuturum

122 4342 166 4417 F
162 4340 337 4415 redericus
350 4343 493 4414 Primus
501 4341 706 4436 Imperator,
719 4370 830 4438 quum
844 4359 1051 4415 transmare
1069 4346 1108 4414 in
1158 4359 1192 4415 te
1206 4368 1335 4436 speras,
1359 4368 1466 4436 quam
1480 4344 1536 4411 vel
1542 4341 1782 4427 llerostmtus,
1807 4345 1868 4437 qui
1880 4340 2132 4439 DianaeEphe·

123 4449 262 4543 Syriam
281 4471 360 4516 cum
377 4445 512 4534 ingenti
527 4447 681 4515 exercitu
697 4470 732 4514 se
748 4446 969 4527 contulisset,
991 4443 1108 4517 inAr-
1158 4447 1229 4515 siae
1255 4446 1423 4536 templum
1442 4446 1639 4531 succendit,
1664 4444 1721 4513 vel
1743 4443 1894 4515 Pontius
1905 4444 2059 4531 Pilatus,
2081 4445 2133 4541 qui

122 4550 277 4618 meniam
302 4547 510 4638 perveniens
535 4547 752 4637 pientissima
775 4562 889 4616 morte
911 4548 1109 4617 subtractus
1159 4547 1198 4615 iu
1240 4546 1410 4640 Symbola
1453 4544 1629 4638 qnotidie,
1651 4546 1879 4632 nominatur,
1925 4550 1987 4618 vel
2027 4546 2133 4631 Arius,

124 4666 186 4725 est.
237 4647 296 4719 Sic
310 4647 343 4716 T
345 4648 452 4717 ertius
463 4640 681 4717 Fredericus
695 4672 776 4717 cum
790 4649 911 4717 multis
928 4646 1109 4719 aliisGer-
1159 4645 1301 4733 Aetius,
1324 4644 1544 4734 Eunomius,
1567 4646 1749 4743 aut(qnos
1767 4647 1878 4736 magis
1897 4649 2014 4745 amas)
2029 4646 2134 4721 Im

122 4774 310 4823 manorum
324 4748 550 4840 Principibus
565 4748 604 4817 in
616 4744 805 4833 Bobemia,
826 4763 867 4818 ut
880 4746 1108 4820 Hussitanam
1159 4772 1222 4819 nes
1240 4745 1285 4822 V
1278 4742 1465 4848 uicleffus,
1488 4744 1721 4843 Ioannesque
1735 4762 1770 4819 et
1780 4745 2134 4845 HieronymusHur-

124 4852 296 4925 haeresim
310 4845 596 4944 (quaeMartino
609 4874 682 4917 non
691 4849 843 4918 multum
858 4851 1034 4947 displicet)
1049 4877 1109 4921 ex·
1158 4849 1252 4922 sitae
1269 4851 1446 4921 consecuti
1466 4865 1566 4936 sunt,
1587 4850 1668 4945 qui,
1694 4864 1734 4920 ut
1754 4874 1877 4921 eorum
1897 4853 2029 4933 scelere
2043 4869 2136 4951 atque

125 4958 304 5046 stirparet,
333 4952 372 5019 in
392 4952 547 5041 perfidos
567 4950 648 5019 illos
669 4951 825 5041 exempla
851 4954 1034 5043 religiosae
1054 4976 1125 5023 se-·
1159 4955 1296 5023 insania
1312 4955 1458 5042 dignum
1472 4952 1558 5036 luit,
1581 4967 1792 5043 perpetuum
1813 4953 1969 5023 dedecus
1984 4970 2021 5025 et
2035 4970 2136 5029 aeter·

126 5055 282 5126 veritatis
312 5052 432 5123 edidit.
496 5049 594 5138 Quid
621 5076 761 5122 narrem
786 5044 995 5125 ludovicus
1020 5057 1108 5125 clatos
1159 5081 1240 5125 nam
1272 5054 1341 5123 sibi
1362 5053 1632 5145 superbissimae
1655 5052 1861 5123 temeritatis
1885 5076 2055 5146 peperere
2072 5082 2138 5127 me

126 5158 313 5227 Gallorum
327 5151 441 5242 Reges
461 5151 606 5223 Sextum
625 5167 658 5223 et
674 5150 852 5224 Octavum
872 5160 996 5227 ardore
1020 5184 1110 5251 quo-
1158 5156 1318 5227 moriam.
1368 5153 1429 5224 An
1447 5179 1531 5223 vcro
1552 5179 1625 5225 non
1647 5172 1749 5246 putas
1769 5156 1947 5227 modestos
1969 5183 2140 5253 queretur·

126 5262 207 5328 dam
218 5256 452 5327 restituendae
463 5250 653 5325 catholicae
669 5254 808 5348 pietatis
821 5259 907 5328 locis
923 5260 1005 5346 suis,
1019 5284 1108 5353 quae
1160 5282 1227 5350 que
1246 5257 1311 5327 ista
1329 5257 1373 5325 de
1395 5270 1428 5325 te
1445 5256 1575 5348 passim
1597 5258 1732 5340 dicere,
1758 5280 1849 5349 quae
1870 5257 1973 5329 nulla
1989 5284 2140 5356 unqrum

124 5360 264 5430 barbari
284 5370 549 5447 occupaverant,
563 5355 823 5459 inflammatos?
860 5359 1110 5455 Quorumpri-
1160 5359 1344 5453 posteritas
1360 5359 1591 5429 conticescet?
1641 5354 1784 5428 Haecne
1810 5372 1885 5429 tam
1913 5358 2047 5463 impia,
2075 5378 2140 5435 tem
