4500 5782
106 255 195 310 cxix
330 238 419 336 Μ.
467 232 1334 314 DESYLLOGISEPISTOLARUM
1360 234 1935 322 MEL.sEc.xt'tt.rrson.
2070 254 2147 307 ixx

110 414 229 482 bertus
249 413 326 482 iarn
346 436 444 482 anno
467 409 563 483 1646
578 425 739 482 mortuus
755 426 817 485 cst.
868 408 1021 480 Plurimi
1040 412 1108 500 pu·
1158 434 1288 479 veram.
1352 409 1422 481 Sed
1450 432 1546 478 nnnc
1574 431 1611 477 re
1642 407 1836 478 accuratius
1864 430 2035 499 perpensa
2069 431 2144 476 non

112 528 183 584 taut
204 514 321 585 inisse
338 508 572 583 Frideri'cum
587 507 872 610 Spnnlicmi'um,
902 512 959 582 cui
974 505 1107 580 Ludo·
1157 505 1443 608 Spnnhemium,
1469 513 1529 579 sed
1550 503 1730 577 Ludouic.
1744 503 2001 579 Canierarinm
2026 510 2142 600 ipsum

113 614 205 684 ricus
228 608 478 686 Camerarius
500 615 612 709 (lilius
635 610 844 710 loacbimi),
872 612 1108 684 Consiliarius
1156 608 1264 681 uelim
1282 608 1412 682 babere
1435 614 1605 681 editorem
1630 611 1723 679 libri.
1782 604 2001 680 loacbimnm
2016 609 2144 680 Came-

113 714 291 810 Priucipis
316 714 493 789 Electoris
522 716 694 800 Palatini,
735 718 822 787 dum
852 716 890 783 in
914 713 1104 783 Hollandia
1155 717 1288 784 tarium
1311 715 1405 783 euim
1422 710 1586 784 habuisse
1607 714 1736 781 multas
1758 712 1921 802 epistolas
1937 707 2143 781 Melantho·

113 835 269 891 versatus
287 820 353 904 sit,
378 814 593 909 autographa
612 820 776 890 dedisset.
827 814 1105 887 SicSlrobeli'us
1154 817 1228 901 nis,
1269 817 1342 908 ipso
1366 818 1543 908 professus
1564 828 1615 883 est
1630 808 1684 909 ³),
1726 836 1853 907 easque
1875 814 2074 905 pervenisse
2096 815 2140 882 ad

113 916 468 1011 (literiir.Nachricht
483 944 554 989 von
571 916 746 993 Melantli.
761 918 920 1003 Briclen,
943 945 976 1010 p.
997 913 1104 1009 tit-t,

113 1013 345 1092 Colomssi'us
381 1023 438 1117 (in
471 1045 552 1112 opp.
582 1046 602 1089 a
634 1021 684 1090 lo.
719 1020 801 1092 illb.
826 1020 990 1089 Fabricio
1020 1019 1103 1089 edit.
1154 1040 1373 1053 ··-··-·-··

115 1122 241 1193 Hamb.
262 1123 372 1193 1709.
405 1149 439 1215 p.
455 1120 579 1217 807.),
610 1115 817 1192 Schclhorn
843 1120 898 1213 (in
920 1120 1103 1191 Commer-

115 1228 163 1293 cio
185 1225 329 1318 epistol
349 1218 557 1295 Ullenbncli.
589 1249 623 1314 p.
638 1224 759 1318 322),
786 1248 939 1316 quorum
962 1237 1104 1293 senten-

115 1328 195 1395 tiam
221 1351 289 1417 ego
311 1349 453 1420 quoque
474 1339 642 1418 sequutus
663 1334 774 1409 eram,
807 1349 915 1417 quare
940 1326 1044 1394 ctiam
1067 1324 1102 1390 iii

117 1430 204 1499 notis
219 1428 372 1513 criticis,
395 1452 486 1521 quac
503 1427 658 1519 epistolis
671 1422 781 1497 liuius
796 1426 881 1495 libri
898 1427 1104 1495 suliiunctac

116 1544 212 1615 sunt,
238 1531 412 1603 editorem
429 1528 556 1599 litteris
566 1522 683 1625 Span.
699 1520 940 1622 (Spanh'emii)
955 1527 1104 1617 iusigni-

1221 1160 1314 1214 lerunt
1329 1159 1488 1228 utilitatem,
1506 1160 1551 1214 sed
1564 1157 1699 1213 auditores
1714 1158 1804 1228 potius
1819 1158 1990 1217 subvertunt,
2012 1156 2141 1228 aquibus

1221 1241 1251 1283 ut
1264 1230 1314 1283 sibi
1328 1240 1418 1284 careat
1431 1238 1485 1282 tam
1506 1229 1604 1282 crebro
1622 1239 1649 1281 et
1663 1228 1735 1279 serio
1748 1226 1924 1280 Timotheum
1945 1245 2024 1280 suum
2048 1237 2142 1280 monet

1220 1317 1253 1352 ac
1271 1299 1419 1351 obtestatur
1433 1298 1462 1351 S.
1476 1298 1634 1379 Apostolus.
1670 1296 1740 1348 Nam
1756 1295 1880 1377 prolecto
1895 1314 1925 1348 es
1935 1296 2073 1349 continuis
2087 1294 2141 1350 illis

1221 1376 1247 1420 et
1261 1365 1382 1437 prolenis
1398 1364 1579 1428 clamoribus,
1595 1375 1674 1435 atque
1688 1364 1724 1416 ita
1738 1363 1854 1417 nimium
1869 1362 2025 1418 altercando
2041 1362 2142 1419 veritas

1220 1436 1329 1489 tandem
1344 1434 1487 1496 amittitur,
1505 1433 1720 1487 charitasautem
1732 1432 1883 1487 Christiana
1919 1451 2012 1485 rorsus
2028 1433 2133 1489 emitur
2179 1430 2185 1447 “

1221 1523 1290 1575 qnae
1306 1514 1397 1559 tamen
1412 1513 1451 1555 est
1465 1499 1622 1573 σύνδεσμος
1634 1504 1680 1568 τῆς
1691 1498 1867 1567 τελειότητος.
1901 1451 1960 1554 lter
1974 1518 2038 1556 sero
2050 1470 2142 1585 negari

1221 1583 1324 1645 potest,
1348 1591 1377 1623 er
1393 1570 1451 1625 istis
1469 1570 1608 1626 continuis
1627 1570 1700 1625 inter
1713 1570 1896 1623 protestantes
1907 1568 2010 1622 Tbeolo
2030 1590 2060 1623 os
2079 1566 2142 1624 rixis

1223 1653 1250 1695 et
1268 1642 1371 1695 acerbis
1391 1639 1612 1695 distractionibus
1634 1639 1807 1694 occasionem
1826 1638 1914 1690 datam
1930 1590 2095 1701 Pontibciis,
2112 1647 2142 1691 ut

1222 1710 1251 1762 in
1267 1727 1413 1764 commuue
1425 1709 1535 1762 illorum
1551 1709 1659 1762 esitium
1673 1717 1698 1760 et
1711 1707 1844 1760 excidium
1858 1706 1911 1761 lioc
1925 1707 1983 1778 plus
1999 1726 2078 1788 quam
2100 1708 2142 1763 ci·

176 1844 230 1900 cile
243 1842 366 1898 iudicare
381 1842 454 1899 licet.
489 1839 550 1895 lloc
562 1842 632 1894 inter
648 1858 742 1894 omnes
762 1841 849 1894 bonos
870 1850 989 1905 constat,
1012 1853 1039 1896 et
1060 1860 1104 1895 res

177 1916 235 1983 ipsa
250 1912 391 1984 loquitur,
411 1911 572 1975 Philippum
590 1909 662 1963 aliud
681 1909 886 1963 fundamentum
908 1929 963 1962 non
982 1913 1104 1983 posuisse

196 1990 287 2036 caeter
303 1978 332 2034 id
346 1980 421 2050 quod
440 1978 560 2050 positum
580 1989 633 2038 est.
654 1979 744 2031 lesum
759 1977 910 2033 Christum.
944 1978 1033 2050 Super
1050 1979 1104 2035 boc

178 2004 360 2105 laudamento
374 2047 452 2101 illuni
465 2046 605 2101 aedificare
618 2045 760 2105 studuisse,
775 2057 906 2117 quantum
914 2046 988 2102 Deus
1001 2049 1024 2101 ei
1037 2066 1102 2102 con·

178 2118 273 2177 cessit.
307 2135 424 2183 aurum,
450 2126 606 2186 argentum,
639 2124 665 2167 et
693 2115 793 2195 lapides
821 2116 964 2184 pretiosos.
1018 2116 1101 2185 Quod

178 2190 199 2241 si
212 2186 301 2248 forte,
319 2184 395 2255 quod
414 2185 577 2257 quibusdam
598 2183 779 2254 iniquioribus
797 2184 917 2247 cicietur,
936 2184 1020 2256 ligna,
1039 2185 1101 2238 loe-

178 2274 263 2317 nnm,
275 2253 405 2325 stipulas,
421 2252 523 2308 scorias
538 2250 697 2311 admiscuit,
715 2262 787 2303 certe
801 2270 853 2304 nec
868 2252 963 2306 volens
978 2255 1045 2308 illud
1059 2255 1101 2305 le·

180 2325 231 2383 cit,
248 2334 276 2377 et
288 2322 313 2376 si
325 2320 406 2389 fecit,
423 2319 494 2395 ignis
508 2318 688 2374 afflictionum
707 2331 732 2373 et
748 2319 985 2389 persecutionum,
1003 2324 1101 2394 quibus

180 2411 229 2465 per
247 2401 336 2444 totam
357 2390 442 2445 titani
461 2407 536 2442 suarii
558 2390 655 2440 misere
674 2388 818 2458 eregitatus
838 2389 903 2448 luit,
928 2408 1011 2443 omne
1032 2390 1100 2445 illud

179 2461 289 2515 erassit.
336 2457 416 2529 apud
437 2457 532 2511 Persas
554 2456 664 2527 quidem
684 2456 725 2509 les
744 2456 919 2509 humanitatis
941 2459 1018 2529 plena
1041 2460 1101 2525 luit,

178 2524 1101 2653 naaaaaaaarianimirumaa·

179 2680 272 2733 retur,
301 2615 354 2719 nisi
375 2630 573 2734 inquireretui,
602 2660 715 2732 plurane
733 2634 874 2716 laudibilis
896 2671 923 2715 et
943 2683 972 2716 es
995 2664 1100 2727 virtute,

215 2755 260 2789 am
275 2732 375 2789 vitiose
389 2730 501 2803 egisset,
518 2739 543 2783 ct
556 2730 577 2783 si
591 2729 702 2784 honesta
720 2739 745 2782 et
759 2732 830 2783 bona
862 2732 1098 2802 raeponderarent,

178 2755 379 2864 disolveretur,
400 2812 430 2853 ut
451 2809 531 2852 autor
550 2807 590 2851 est
613 2797 752 2851 Diodorus
771 2751 891 2852 Siculus.
941 2800 1018 2869 Quae
1036 2821 1100 2856 saue

179 2869 332 2928 obseisstio
347 2868 430 2924 etiam
441 2865 677 2938 inter'l'beologos
694 2868 735 2920 vel
756 2866 870 2921 inarime
892 2866 984 2924 locum
1003 2869 1100 2925 babere

179 2940 305 3005 deberet,
328 2956 392 2993 cum
406 2936 554 3009 Apostolus
571 2935 628 3006 ipse
644 2934 750 2998 iubeat,
772 2936 889 3004 probare
908 2939 1014 3001 omnia,
1033 2939 1100 2992 reti·

179 3028 242 3062 nere
274 3026 325 3059 uae
337 3006 441 3077 proba,
459 3014 532 3058 recta
545 3013 571 3056 et
583 3002 625 3074 pia
638 3015 710 3055 sunt.

246 3027 360 3145 (insuto
383 3073 468 3143 igitur
490 3071 651 3140 praeclarius
670 3083 696 3123 et
715 3073 847 3128 sincerius
868 3076 1027 3130 sanctissimi
1050 3077 1099 3131 viri

219 3110 229 3121 Ι.

179 3146 323 3201 naseos-i
339 3144 435 3195 aem
454 3142 487 3194 ae
506 3139 629 3211 riiitppo
651 3139 866 3202 intrarentin,
894 3146 966 3214 ,noa
987 3147 1100 3215 ugia...
1137 3133 1145 3157 ¹

178 3219 206 3269 in
225 3211 337 3268 eiusad
358 3211 594 3273 christophorum
613 3207 755 3261 Psselium
778 3209 799 3261 E
820 3211 919 3264 istola?
959 3213 1006 3267 stc
1025 3216 1097 3267 enim

179 3283 287 3338 scribite
303 3278 450 3349 Singulare
464 3276 542 3358 illpm
559 3276 697 3329 bominem
712 3230 848 3350 exemplar
860 3282 954 3348 inisse,
975 3285 1099 3335 erudien-

179 3353 219 3405 dis
239 3346 364 3421 piurimis
385 3347 417 3401 ad
438 3344 626 3399 fortitudinem
646 3345 729 3397 animi
747 3366 810 3399 cnm
829 3349 1017 3404 moderatione
1036 3370 1100 3405 eon.

178 3419 354 3488 iungendam,
375 3415 404 3468 id
426 3424 480 3475 est,
508 3424 596 3467 reram
616 3413 645 3466 in
665 3414 804 3485 quibusvis
827 3415 1033 3472 difficultatibus
1060 3440 1098 3472 sa·

179 3486 305 3559 pientiam
319 3483 518 3556 praestandam.
552 3480 657 3535 Deinde
673 3494 702 3534 ut
716 3483 777 3551 illa,
797 3502 879 3555 quam
893 3504 989 3539 vocare
1003 3487 1100 3556 solent,

178 3554 290 3623 titileia
310 3553 351 3605 sel
370 3570 480 3605 morum
501 3549 629 3616 facilitas,
651 3551 789 3604 interdum
813 3552 841 3605 in
863 3572 894 3607 eo
912 3555 995 3608 nimis
1016 3555 1098 3608 luisse

179 3626 313 3682 videatur,
333 3621 451 3693 publico·
465 3619 544 3672 etiam
562 3636 618 3670 non
638 3619 721 3671 semel
740 3620 831 3690 aliquo
844 3621 960 3690 damno,
980 3624 1040 3695 quis
1055 3635 1098 3676 ta-

179 3712 239 3747 men
266 3711 324 3745 non
349 3690 522 3743 deosculetur
552 3679 622 3752 sido,-
649 3687 716 3740 illud
743 3692 884 3761 εἰλικρινὲς
910 3696 957 3744 tini
989 3689 1099 3754 πάντως

177 3762 343 3831 ἀκίβδηλον,
362 3759 390 3812 in
405 3756 515 3811 hortiine
527 3756 697 3834 praesertim,
714 3775 795 3827 quern
809 3768 835 3811 el
845 3778 954 3813 summa
973 3761 1098 3816 doctrina

177 3844 201 3884 et
220 3827 305 3901 pinei
324 3826 462 3899 persistis
482 3826 637 3894 ingenium,
663 3834 689 3877 et
713 3835 802 3879 tantus
819 3845 919 3881 -eerum
945 3846 1025 3894 usus,
1055 3832 1097 3884 vel

177 3899 292 3953 niasime
306 3896 415 3952 valrain
429 3913 461 3949 ac
474 3903 611 3945 versutum
627 3893 735 3947 eilicere
748 3894 894 3964 potuisset,
911 3898 963 3951 nisi
976 3899 1028 3951 Dei
1038 3898 1097 3970 Spi-

176 3970 241 4022 ritus
257 3969 347 4038 ipsum
363 3962 555 4035 gubernasset?
582 3962 711 4015 Summus
725 3980 788 4016 sane
801 3964 971 4036 Tbeologns,
991 3967 1085 4020 lishon

175 4055 224 4091 nes
236 4036 389 4096 Celsinus,
414 4050 485 4111 cum·
501 4049 555 4100 quo
572 4029 718 4112 l'liilippus⁸
729 4030 862 4086 sinceram
879 4053 985 4106 semper
1004 4036 1096 4089 amici·
1169 4034 1174 4049 '

176 4107 239 4159 tiam
251 4103 353 4165 coluit,
376 4101 463 4154 maius
477 4118 506 4151 in
520 4117 552 4151 eo
568 4100 655 4151 robur
674 4101 775 4166 animi,
800 4111 825 4154 et
841 4106 997 4173 praesertim
1011 4106 1039 4157 in
1055 4124 1097 4157 εχ.

175 4186 237 4229 orto
252 4171 366 4225 dissidio
378 4167 579 4233 Eucharistico,
601 4176 631 4218 ut
648 4167 731 4219 etiam
752 4178 843 4238 postea
864 4171 892 4224 in
911 4173 968 4225 aliis
989 4190 1097 4254 qnoque

175 4241 359 4297 controversis
373 4250 431 4292 turn
445 4234 508 4288 fidei
523 4234 640 4288 articulis
656 4234 807 4305 pleniorem
822 4239 855 4291 ab
871 4258 903 4292 eo
921 4250 1018 4295 mentis
1034 4260 1096 4294 suae

174 4308 381 4382 esplicationem
400 4304 523 4374 espetiit,
546 4320 580 4355 ne
599 4311 750 4356 atramento
772 4307 864 4360 testari
886 4309 993 4379 publice
1015 4310 1094 4362 dubi.

176 4388 256 4437 taret.
283 4394 353 4447 qnae
371 4384 412 4429 tot
433 4393 464 4426 es
483 4372 575 4425 medio
589 4389 669 4442 grege
685 4382 816 4445 martyres
828 4376 948 4447 quotidie
966 4378 993 4430 in
1007 4377 1095 4431 Gaui,

175 4446 304 4517 sanguine
319 4463 370 4497 suo
381 4443 521 4511 obsignata
533 4440 727 4509 relinquerent.
763 4442 815 4496 Sed
837 4462 893 4497 non
915 4445 1095 4499 di„t„,ut„.;1

174 4518 317 4583 llu'lippus
330 4532 393 4565 suae
404 4511 459 4563 sire
476 4510 592 4577 ἐποχῆς,
613 4508 668 4561 sire
679 4507 798 4581 ἀπορίας
809 4530 902 4580 graves
913 4532 1023 4568 carissi:
1043 4534 1095 4568 no-

173 4586 223 4640 luit
238 4586 267 4636 in
281 4580 409 4635 Rcelesiis
422 4578 563 4632 Sasonicis
576 4575 659 4629 intem
682 4580 761 4631 estivo
779 4582 870 4649 ignem
888 4582 977 4650 gladio
992 4583 1094 4647 fodere,

173 4664 217 4708 aut
231 4653 265 4708 ad
281 4650 411 4703 maiorem
427 4644 629 4700 distractionem
644 4597 735 4698 oleum
749 4648 859 4701 camino
879 4650 982 4703 ardenti
1001 4653 1091 4705 inlun-

173 4724 245 4779 dere.
282 4717 369 4788 luitur
382 4716 477 4770 reiecit
492 4730 587 4768 causae
598 4713 821 4785 disceptationem
834 4718 1054 4774 cuml'laccianis
1069 4730 1094 4771 et

174 4792 230 4845 aliis
245 4789 393 4859 linnsisoir
411 4784 445 4838 ad
464 4784 607 4836 doctorum
629 4782 751 4836 virorum
771 4792 933 4855 congressus
955 4796 980 4841 et
997 4789 1094 4843 Collo·
1146 4814 1151 4821 ·

173 4860 245 4931 quia.
286 4855 411 4927 lnpririiis
430 4854 564 4933 ardenter⁸
574 4850 681 4921 expetiit
697 4871 805 4923 semper
826 4873 1000 4909 communem
1024 4858 1094 4910 inter

174 4939 301 4988 cunctos,
323 4924 373 4995 qui
391 4923 426 4975 ab
441 4917 609 4975 Antist-bruto
623 4918 748 4972 [lontano
770 4921 946 4976 secessionem
966 4924 1093 4986 fecerant,

174 4995 331 5059 Sriiodam,
352 4992 381 5044 iu
401 5007 456 5061 qua
475 5004 534 5041 non
549 4986 678 5040 dubitavit
691 4989 883 5043 accedentibus
899 4992 978 5044 etiam
999 4994 1093 5046 exteris

175 5058 340 5119 lloctoribns
357 5078 406 5142 per
423 5059 495 5180 piam
515 5055 722 5137 puysoroiptiinir
741 5057 801 5109 tolli
820 5077 900 5129 posse
922 5062 1058 5115 aretinum
1079 5083 1093 5116 2

175 5136 277 5187 diversa
295 5128 422 5184 sentienti
445 5144 477 5179 us
496 5124 668 5179 discordiam.
705 5125 757 5179 Sed
775 5146 911 5199 nunqnam
927 5126 967 5180 liis
981 5141 1034 5183 tani
1048 5150 1091 5184 sa.

176 5205 257 5256 lutare
270 5197 418 5253 consilinm
432 5191 550 5266 placuit,
568 5192 652 5245 immo
665 5211 700 5246 rie
712 5194 791 5247 bodie
811 5198 921 5266 quidem
942 5198 1028 5268 placei
1049 5209 1093 5252 aut

178 5272 301 5342 probatus
314 5262 478 5339 praefractis
494 5262 606 5332 ingeniis
618 5262 776 5315 inllatorum
789 5262 945 5327 hominum,
982 5268 1008 5319 ui
1021 5267 1093 5320 dii-5.

176 5344 259 5392 siones
275 5356 309 5391 ea
327 5333 454 5404 professo
473 5328 566 5397 alunt,
590 5332 766 5384 concordiam
780 5341 806 5384 et
822 5352 914 5405 pacem
931 5285 1093 5391 inhenesta

178 5408 293 5479 lugiunt,
318 5414 346 5459 et
363 5409 517 5479 pascuntur
536 5399 683 5452 verborum
705 5399 815 5472 pugnis,
842 5420 909 5471 quse
930 5404 1031 5458 nnllam
1053 5405 1091 5458 ss.

1223 1780 1272 1832 vile
1286 1780 1313 1831 in
1326 1776 1471 1830 Germania
1487 1776 1589 1829 belluni
1603 1776 1752 1831 conllatuiii
1767 1773 1865 1841 luerit,
1882 1794 1934 1846 qna
1949 1774 1994 1829 illa
2009 1796 2036 1829 in
2049 1774 2140 1829 onmi-

1223 1847 1302 1900 moda
1319 1847 1506 1914 naistseptc,
1525 1845 1701 1916 prohdolor!
1719 1862 1795 1897 nunc
1807 1843 1864 1897 lere
1878 1843 1990 1898 corruit.
2027 1844 2074 1897 llis
2087 1845 2143 1914 iqi-

1222 1926 1266 1969 tur
1281 1916 1362 1968 tantis
1377 1915 1467 1978 malis,
1493 1923 1521 1966 ut
1537 1915 1564 1967 in
1580 1915 1703 1967 futurum
1719 1912 1813 1965 saltem
1835 1924 1981 1965 occurrant
1995 1913 2031 1983 pii
2045 1913 2140 1984 lieges,

1222 1982 1362 2054 Principes
1375 2002 1406 2037 ac
1422 1980 1595 2051 Magistratus
1609 1980 1779 2051 Evangelici‚
1798 1979 1872 2033 Deus
1885 1991 1965 2032 autor
1979 1981 2066 2052 pacis,
2088 2000 2143 2035 no-

1221 2053 1264 2106 bis
1275 2052 1425 2105 esorandus
1439 2060 1492 2113 est,
1510 2051 1569 2104 sine
1580 2069 1631 2120 qua
1646 2068 1728 2103 nemo
1743 2049 1842 2101 ridebit
1854 2048 2016 2105 Dominum.

1291 2121 1393 2174 Verum
1408 2121 1441 2173 de
1454 2120 1493 2173 his
1507 2122 1569 2173 satis
1583 2138 1658 2172 nuuc
1672 2118 1773 2185 dictum
1786 2119 1828 2170 sit.
1863 2116 1923 2170 Hoc
1935 2134 2001 2171 vero
2013 2119 2142 2173 omuibus

1221 2187 1301 2243 bonis
1314 2189 1448 2261 agendum
1463 2199 1489 2242 et
1503 2188 1721 2259 promovendum
1740 2205 1796 2239 esse
1814 2185 1938 2251 videtur,
1963 2197 1993 2240 ut
2009 2186 2142 2258 quidquid

1221 2257 1309 2311 adhuc
1322 2276 1337 2309 a
1354 2268 1446 2311 sancta
1459 2258 1502 2310 illa
1515 2257 1603 2308 anima
1615 2257 1744 2321 Philippi,
1762 2254 1837 2325 quod
1850 2254 1973 2307 nondum
1989 2255 2077 2309 lucem
2093 2274 2141 2326 pu·

1222 2327 1321 2380 blicam
1337 2326 1452 2397 aspexit,
1470 2324 1600 2396 seriptum
1617 2325 1715 2378 alicubi
1730 2323 1892 2395 reperiatur,
1909 2323 2026 2390 abillis,
2047 2324 2094 2397 qui
2110 2345 2141 2379 ea

1222 2395 1292 2448 inter
1313 2392 1439 2466 κειμήλια
1460 2413 1507 2447 sua
1548 2393 1683 2457 assident,
1711 2390 1883 2462 protrabatur
1901 2409 1915 2443 e
1935 2391 2066 2461 tenebris,
2089 2411 2142 2447 nec

1221 2463 1332 2543 publico
1346 2464 1447 2517 diutius
1460 2414 1621 2543 iiiiiiliptur.
1659 2464 1748 2582 Atqpe
1766 2461 1868 2512 utinam
1884 2459 1972 2514 adbuc
1986 2460 2070 2515 mitlta
2084 2461 2142 2515 eius

1221 2529 2141 2671 litigantiiilt‘tttltll0a2tl‘tttttttlffl'dtit

1222 2667 1347 2752 pyiarum
1369 2670 1461 2753 nescio
1481 2686 1596 2738 quarum
1617 2666 1707 2738 plagio
1725 2666 1872 2747 interceptis
1891 2664 2015 2743 luerunt,
2036 2669 2078 2735 (ut
2098 2666 2142 2721 tir

1222 2747 1339 2860 llll?
1358 2734 1968 2877 ltnllltfltlttt‘tifffltttt.lttll'
1981 2736 2142 2878 illidii

1221 2875 1304 2928 tertio
1322 2875 1503 2947 Epistolarum
1520 2873 1638 2944 Philippi
1659 2871 1824 2926 dedicatoria
1846 2872 2035 2940 conqueritur)
2054 2870 2143 2927 adbuc

1221 2944 1294 2998 bona
1314 2944 1423 2998 fortuna
1440 2942 1540 2996 alicubi
1561 2951 1721 2995 eruerentur
1735 2950 1762 2994 et
1781 2938 1930 3010 posteritati
1945 2958 2142 2997 consecraren-
2210 2982 2213 2987 -

1222 3023 1274 3068 tur.

1293 3080 1417 3140 lnterim,
1448 3080 1513 3133 dum
1536 3080 1589 3133 boc
1617 3079 1677 3144 fiat,
1709 3096 1784 3132 nime
1807 3088 1920 3130 sextam
1947 3078 2141 3144 lpislolariim

1221 3150 1471 3216 Phi'lippipnrtem
1487 3147 1612 3218 Reipubl.
1634 3147 1765 3201 literariae
1783 3148 1857 3200 bono
1877 3144 2055 3216 publicamus.
2090 3148 2141 3201 Eas
2196 3152 2202 3172 ¹

1219 3219 1277 3274 sive
1296 3237 1310 3271 a
1331 3218 1478 3270 maioribus
1498 3220 1567 3277 suis,
1592 3218 1647 3269 sire
1663 3216 1696 3268 ab
1715 3217 1809 3269 amicis
1826 3234 1890 3269 acce
1913 3224 1949 3266 tas
1963 3211 2012 3267 Vir
2029 3213 2142 3269 lllnstris

1220 3234 2142 3426 ttllttttl'ttlglt‘ttttttmtt'tiitsst‘ittltt‘tt'jttz

1679 3388 1688 3418 9

1221 3424 1345 3476 omnium
1361 3426 1498 3477 bonorum
1511 3423 1578 3475 iuris
1594 3422 1696 3475 fierent.
1733 3423 1859 3475 Asservat
1878 3432 1968 3473 autem
1987 3421 2033 3473 ille
2052 3421 2142 3491 plera·

1220 3510 1273 3563 que
1288 3491 1404 3564 Philippi
1425 3491 1604 3575 autographa,
1622 3508 1707 3563 pauca
1722 3488 1888 3562 apographa,
1903 3507 1973 3559 quae
1988 3498 2077 3542 tamen
2095 3490 2141 3544 illo

1220 3579 1284 3614 aevo
1306 3582 1319 3615 a
1337 3562 1396 3614 fidis
1417 3562 1564 3633 descripta,
1590 3569 1653 3614 sunt
1674 3554 1828 3621 ἀξιόπιστα.
1869 3558 2020 3611 Praestaret
2041 3568 2142 3624 autem,

1220 3642 1249 3682 ut
1270 3629 1420 3701 publicatae
1438 3632 1490 3683 iam
1511 3639 1572 3683 ante
1592 3631 1625 3685 ab
1643 3626 1717 3695 aliis,
1736 3640 1762 3682 et
1784 3646 1858 3681 nunc
1876 3634 1969 3678 nostra
1988 3643 2054 3679 cura
2094 3647 2142 3680 ro-

1220 3699 1348 3758 deuntes,
1374 3712 1398 3754 et
1413 3701 1434 3751 si
1449 3718 1516 3770 quae
1530 3697 1619 3753 adbuc
1630 3698 1695 3750 aliae
1712 3696 1810 3751 alicubi
1828 3694 1938 3766 reperiri
1952 3707 2061 3764 possent
2074 3646 2139 3748 llin-

1220 3766 1286 3839 lippi
1295 3766 1446 3837 Epistulae,
1463 3768 1612 3821 secuudum
1626 3776 1797 3835 temporum,
1813 3782 1905 3817 serum
1919 3774 1944 3814 et
1957 3782 2143 3833 personarum,

1219 3837 1317 3906 quibus
1337 3837 1481 3908 inscriptae
1498 3847 1575 3897 sunt,
1593 3836 1702 3896 seriem,
1723 3852 1779 3886 rino
1796 3832 1934 3885 volumine
1953 3841 2028 3884 certo
2049 3843 2075 3885 et
2096 3853 2141 3886 es.

1239 3905 1318 3958 uisito
1332 3907 1428 3959 ordine
1441 3905 1649 3974 comprebcnsae
1660 3905 1687 3954 in
1702 3902 1841 3973 publicum
1852 3900 1997 3970 aliquando
2008 3903 2142 3958 venirent.

1219 3924 1304 4042 Quod
1321 3975 1457 4036 fortassis,
1475 3975 1520 4027 ubi
1536 3973 1649 4026 meliora
1662 3981 1741 4023 erunt
1755 3981 1894 4041 tempora,
1910 3968 2006 4039 aliquis
2014 3968 2141 4040 Reipulil.

1220 4042 1352 4097 literariae
1374 4044 1509 4097 studiosus
1550 4041 1661 4094 erliciet.
1709 4038 1766 4092 Nos
1786 4038 1893 4110 quidem
1919 4037 1946 4089 in
1968 4036 2007 4091 liis
2028 4038 2140 4091 edendis

1218 4110 1322 4164 nullom
1349 4112 1485 4165 delectum
1507 4060 1694 4177 adhibuimus,
1724 4110 1770 4162 sed
1791 4108 1849 4161 sins
1869 4105 2024 4159 discrimine
2045 4125 2164 4162 omnes.

1218 4180 1319 4251 publici
1336 4181 1402 4235 iuris
1417 4181 1505 4234 lacere
1521 4178 1666 4233 voluimus.
1704 4177 1784 4231 Nulla
1804 4177 1877 4229 enini
1896 4185 1935 4227 est
1950 4174 2066 4245 Philippi
2084 4185 2138 4230 tam

1218 4250 1308 4317 exigua
1329 4248 1470 4303 autetiam
1493 4256 1635 4320 properata
1654 4246 1675 4298 E
1696 4245 1791 4311 istola,
1822 4250 1898 4313 (nam
1921 4243 1949 4295 in
1967 4242 2020 4295 boc
2041 4262 2139 4315 genere

1218 4320 1370 4389 scriptionis
1383 4318 1487 4370 nullam
1502 4334 1595 4370 curam
1610 4327 1655 4369 aut
1669 4266 1828 4383 elegantiam
1844 4310 1971 4364 adbibere
1982 4320 2028 4363 aut
2041 4312 2139 4372 voluit.

1217 4398 1262 4441 aut
1283 4398 1392 4458 propter
1409 4384 1581 4456 negotiorum
1595 4383 1798 4437 multitudinem
1812 4382 1916 4451 potuit)
1934 4398 2002 4449 quae
2015 4397 2073 4433 non
2085 4379 2137 4435 bu-

1218 4457 1354 4522 inilitatis,
1371 4453 1511 4520 candoris,
1529 4450 1710 4506 miserationis
1727 4471 1788 4521 erga
1807 4468 1949 4519 pauperes,
1968 4448 2139 4521 caritatisque

1218 4525 1384 4580 Christianae
1399 4524 1523 4593 spiritum
1538 4522 1683 4594 exprimat,
1700 4531 1730 4574 ut
1746 4538 1802 4573 non
1818 4528 1869 4569 tam
1886 4516 2012 4571 dictionis
2026 4530 2138 4573 ornatus

1216 4595 1312 4663 aliquis
1332 4592 1523 4663 requirendus,
1550 4609 1630 4661 quam
1653 4590 1720 4642 adeo
1738 4607 1814 4642 rarae
1831 4598 1856 4638 et
1873 4586 1990 4657 insignes
2003 4585 2039 4666 pii
2055 4589 2137 4641 animi

1216 4663 1325 4715 virtutes
1339 4662 1365 4712 iii
1381 4660 1485 4730 optinio
1504 4662 1564 4711 siro
1583 4659 1710 4711 omnibus
1730 4656 1809 4710 bonis
1830 4655 1975 4708 imitandae
1995 4666 2059 4708 sint.
2094 4657 2138 4709 Tu

1216 4749 1296 4794 vero,
1316 4728 1446 4783 benevole
1461 4727 1573 4790 lector,
1592 4727 1662 4783 lianc
1676 4726 1822 4780 editionem
1839 4725 1866 4775 in
1882 4743 1898 4776 o
1919 4723 2011 4775 tiniam
2034 4736 2138 4795 partem

1214 4798 1350 4870 accipiens
1368 4798 1397 4849 in
1419 4816 1496 4849 nsum
1518 4806 1593 4848 tuoni
1611 4805 1755 4860 converte,
1777 4804 1802 4847 et
1816 4793 1875 4846 lave
1891 4742 1959 4852 illis,
1980 4790 2026 4861 qui
2041 4792 2135 4847 studiis

1213 4871 1267 4923 suis
1282 4866 1417 4939 publicani
1432 4865 1574 4918 utilitatem
1590 4872 1742 4934 promotam
1758 4861 1900 4934 cupiunt.''

1180 4992 1209 5063 *)
1229 4993 1259 5045 ln
1275 4988 1393 5061 epistolis
1406 4987 1518 5040 lluberti
1533 4984 1661 5069 langueti
1674 4985 1706 5038 ad
1723 4980 2134 5051 loacb.Camerar.(l.ips.1685.

1217 5061 1268 5123 tt.)
1288 5058 1333 5113 ubi
1354 5058 1480 5126 leguntur
1499 5053 1565 5108 baec
1579 5054 1727 5108 (iammrii
1745 5055 1843 5107 rerbas
1871 5051 1978 5113 „liabeo
1997 5070 2076 5119 penes
2091 5068 2136 5105 nie

1214 5132 1286 5183 inter
1298 5126 1432 5181 eiusmodi
1445 5119 1572 5193 κειμήλια
1585 5125 1809 5192 quadringentas
1822 5131 1867 5174 ant
1878 5120 1950 5173 sorte
1962 5121 2059 5182 plnres
2070 5138 2135 5171 sari·

1215 5196 1325 5251 ctissinii
1339 5206 1364 5247 et
1380 5196 1413 5247 de
1426 5192 1563 5264 republica
1577 5201 1631 5245 tsm
1647 5190 1762 5244 literaria
1776 5206 1858 5259 quani
1868 5188 2047 5241 ecclesiastica
2062 5188 2133 5257 opti-

1215 5287 1257 5320 me
1271 5266 1360 5320 meriti
1375 5265 1438 5328 viri,
1463 5262 1533 5319 Pbil.
1550 5258 1769 5314 lllelanebtlionis
1789 5258 1821 5310 ad
1841 5255 1928 5311 varios
1943 5266 1996 5309 tam
2014 5254 2135 5309 Theolo-

1213 5355 1260 5407 gos
1281 5353 1363 5422 qqam
1377 5333 1507 5388 Politicos
1524 5331 1636 5402 scriptas
1659 5327 1783 5398 epistolas
1804 5326 1928 5379 nondum
1947 5324 1975 5378 in
1994 5323 2134 5394 publicum

1214 5406 1305 5458 editas.
1316 5405 1324 5424 “

1244 5475 1296 5571 (⁰)
1322 5472 1341 5509 *
