4500 5782
69 236 136 315 100
656 238 1088 330 EPISTOLARUM
1137 242 1323 319 malt
1383 238 1513 319 1521.
1930 326 1934 333 ,
2023 237 2103 315 tto
2223 168 2229 185 ‘

69 414 164 487 illam
194 410 244 484 sit
275 412 467 485 decretum.
532 410 726 513 permittite
758 415 868 508 igitur
889 407 1059 487 bothero
1109 414 1275 509 Magistri
1297 418 1411 489 nostri
1440 429 1476 487 et
1500 414 1706 510 profitemur
1733 409 1977 486 scholasticam
1994 408 2101 485 tbeo-

69 514 299 589 tsnciliomm
320 515 458 585 decreta
480 514 525 590 ad
541 510 777 607 Evangelium
796 520 951 610 exigere,
975 543 1058 612 per-
1108 521 1257 611 logiam,
1287 517 1381 591 nihil
1402 544 1518 613 neque
1538 518 1642 589 nobis
1660 542 1741 587 cnm
1762 519 1952 609 scriptura,
1982 540 2098 611 neque

69 616 193 689 mittite
219 617 399 709 praeferre
421 612 676 706 Evangelium‚
702 619 732 687 si
761 620 849 714 quid
876 614 1058 692 diversuu‘r
1109 625 1301 716 scripturae
1315 624 1514 693 nobiscum.
1564 617 1694 691 Actum
1710 633 1761 689 est
1778 622 1823 688 de
1839 642 1947 709 regno
1963 632 2098 704 nostru,

69 718 296 793 cornitulum
315 732 377 791 est.
426 716 548 789 Verbo
564 720 623 789 dei
641 721 747 791 etiam
768 724 911 814 angelos
933 725 1057 794 cedere
1109 726 1180 794 nisi
1196 750 1214 795 e
1229 725 1413 820 Synagoga
1436 724 1660 808 deserimus,
1685 720 1749 815 qui
1769 717 2000 791 scholasticen
2023 743 2100 789 non

69 846 126 916 par
146 834 220 906 est,
247 822 374 893 cedant
397 833 432 890 et
453 818 576 912 portae
596 822 811 904 inferorum,
843 827 970 897 cedant
990 822 1059 896 ho-
1109 828 1305 920 reeipiunt,
1343 828 1463 897 omnia
1489 822 1605 895 'nobis
1636 825 1812 893 movenda
1849 823 2099 916 miscendaque

69 923 243 1008 unoculi,
280 922 412 1017 quibus
439 922 708 995 constitutiones
729 924 923 1019 Papisticas
949 929 1058 998 debe-
1110 945 1208 1014 sunt,
1230 954 1275 999 ne
1290 931 1390 1000 cadat
1405 925 1627 1011 scholastice,
1653 925 1827 1019 quaenisi
1842 925 1937 993 salva
1954 925 2010 1010 sit,
2031 945 2097 993 nos

69 1048 152 1097 ms·
203 1022 260 1094 De
284 1022 583 1103 Universitatibus
604 1051 679 1097 non
700 1041 768 1113 est,
793 1027 889 1124 quod
917 1031 1058 1100 labore·
1109 1033 1328 1124 perierimus.
1379 1027 1482 1116 Esto,
1509 1054 1588 1099 cum
1612 1029 1801 1118 scriptura,
1823 1052 1905 1097 cum
1921 1025 2100 1096 veteribus

69 1150 162 1213 us,
180 1150 266 1197 nam
281 1150 405 1195 omnes
421 1121 559 1197 scholas
573 1152 648 1197 esse
661 1125 854 1201 haereticas
868 1134 925 1202 vel
935 1127 1057 1202 Theo-
1109 1135 1280 1226 patribus,
1302 1159 1382 1204 eum
1395 1122 1553 1202 'veterum
1569 1131 1714 1223 synodis
1725 1120 2099 1212 conveniatLulltero,

69 1228 155 1320 hgia
171 1224 378 1299 scholastica
397 1230 565 1318 coarguit.
601 1228 671 1300 Hic
692 1233 919 1314 conclamate,
938 1232 1058 1324 Magi-
1109 1250 1250 1329 pereat,
1276 1236 1347 1305 nisi
1372 1235 1511 1309 reiectis
1532 1233 1604 1301 illis
1635 1255 1701 1300 nos
1720 1224 1855 1302 adoret.
1917 1228 2099 1323 Principia

69 1330 125 1405 stri
151 1330 284 1415 nostri,
323 1326 607 1423 Blasphemavit,
648 1330 1057 1426 Gymnasia'haereseos
1110 1338 1193 1407 fidei
1231 1361 1297 1407 nos
1337 1360 1475 1420 sumus,
1519 1358 1594 1404 non
1632 1332 1822 1424 scriptura,
1864 1324 1983 1425 neque
2014 1354 2101 1401 vero

69 1428 214 1506 mat.
283 1430 416 1518 Recte‘,
460 1432 574 1503 sicubi
608 1435 840 1526 profitentur,
884 1462 975 1531 quae
1012 1439 1057 1508 ab
1108 1442 1341 1531 pugnandum
1365 1452 1416 1508 est
1435 1437 1572 1507 ratione
1590 1460 1670 1505 cum
1690 1429 1835 1503 homine
1856 1434 1939 1518 illo,
1972 1454 2100 1523 nempe

69 1530 258 1625 Evangelio
277 1534 507 1613 dissentiunt,
533 1548 568 1604 et
583 1535 746 1608 dissentit
760 1534 803 1633 ιθ)
821 1533 1056 1608 Parisiorum
1108 1542 1301 1633 principia,
1338 1536 1406 1610 hoe
1431 1553 1483 1609 est
1507 1537 1761 1627 Magistromm
1788 1549 1992 1605 nostrorum
2013 1532 2102 1605 Sor-

69 1632 287 1720 teholastite,
319 1660 428 1729 quam
449 1637 522 1705 iam
543 1638 618 1707 sola
641 1640 684 1707 in
701 1641 870 1712 omnibus
889 1643 963 1711 sere
980 1638 1058 1711 Eu·
1108 1644 1319 1713 bonicoruur
1356 1642 1493 1712 somnia
1532 1653 1692 1728 negante.
1757 1636 1930 1728 Vapulat,
1970 1649 2101 1727 pereat,

69 1762 167 1831 rapae
206 1733 341 1808 scholis
374 1752 499 1828 regnat
543 1764 583 1810 ac
612 1732 786 1810 Lutatiae
823 1744 1057 1836 potissimum.
1109 1745 1192 1839 quia
1214 1742 1258 1838 ²³)
1288 1757 1393 1835 negat
1418 1743 1533 1835 prima
1563 1741 1748 1832 principia.
1802 1738 1988 1808 Dementia
2015 1750 2101 1823 erat,

69 1838 219 1913 leoinde
237 1834 331 1909 nihil
352 1854 420 1924 est,
445 1840 540 1932 quod
560 1842 718 1928 mireris,
739 1844 870 1931 lector,
889 1869 953 1915 cur
965 1840 1058 1915 Aca·
1109 1870 1234 1917 vocare
1255 1847 1339 1916 fidei
1360 1844 1536 1938 principia
1557 1842 1722 1937 Synodos
1742 1854 1777 1910 et
1795 1854 1927 1932 patres,
1954 1839 2099 1932 quando
2145 1848 2148 1853 '

69 1942 195 2013 laniis
210 1941 418 2013 adversetur
440 1934 651 2030 Lashom,
681 1946 848 2016 domibus
870 1946 1058 2032 mendacii,
1107 1950 1379 2020 tundamentum
1405 1947 1503 2016 aliud
1524 1957 1662 2036 praeter
1684 1944 1893 2032 scripturam
1914 1940 2002 2033 poni
2022 1962 2099 2011 non

69 2056 100 2117 at
117 2038 306 2115 Michaeas
326 2044 491 2135 adpellat.
547 2044 620 2116 Sed
643 2046 724 2140 quis
745 2050 883 2133 credat,
908 2050 1058 2143 inquies,
1109 2065 1234 2144 potest.
1278 2047 1610 2121 Atinsolensfuror
1624 2058 1686 2127 est,
1706 2044 1984 2114 Sorbonicorum
2003 2064 2101 2112 com·

69 2146 269 2219 uenere?
304 2141 438 2216 Errant
460 2160 635 2240 quotquot
652 2149 833 2220 diversum
848 2175 869 2220 a
884 2152 1057 2243 scriptura
1108 2166 1227 2224 menta
1254 2153 1447 2243 scripturae
1477 2150 1662 2221 anteferre.
1718 2146 1925 2217 Haeretieus
1945 2167 2021 2213 non
2043 2144 2100 2230 sit,

69 2248 208 2333 latent,
234 2261 409 2341 quotquot
429 2249 529 2318 illam
551 2250 699 2341 impiam
718 2248 950 2324 scholasticen
972 2276 1057 2344 pro-
1109 2255 1173 2348 qui
1201 2255 1415 2345 ascriptura
1438 2251 1615 2333 dissentit,
1656 2249 1702 2320 sit
1722 2245 1766 2343 ²⁴)
1792 2242 2007 2330 haereticus,
2037 2245 2101 2339 qui

69 2362 157 2423 tant.
209 2346 281 2421 sed
305 2363 377 2419 tam
399 2350 529 2421 multi?
553 2353 716 2425 maxime.
766 2351 860 2423 Nam
884 2368 917 2424 et
934 2355 975 2423 in
991 2353 1057 2424 Sa·
1110 2357 1272 2426 dissentit
1293 2381 1313 2424 a
1335 2354 1460 2425 Sorbis
1485 2353 1630 2443 gallicis.
1681 2350 1751 2421 Sed
1775 2349 1916 2419 valeant
1935 2346 2102 2439 ineptiae,

69 2452 171 2523 naria
198 2449 295 2521 inter
319 2476 426 2543 quam
456 2453 588 2523 multos
614 2454 811 2525 sacerdotes
830 2454 918 2526 Baal
950 2480 1056 2550 quam
1109 2458 1196 2552 quid
1212 2458 1308 2526 enim
1324 2457 1448 2527 attinet
1462 2455 1500 2523 in
1518 2478 1557 2523 re
1571 2467 1642 2523 tam
1657 2452 1842 2521 manifesta
1861 2464 2001 2520 tantum
2020 2472 2102 2518 νει·

69 2552 164 2645 mci
194 2567 297 2623 erant
317 2549 468 2622 Heliae?
524 2553 689 2646 Propone
717 2559 829 2628 oculis
854 2559 1057 2628 universam
1108 2562 1237 2630 borum
1250 2558 1422 2651 perdere?
1459 2555 1559 2644 Quid
1573 2555 1669 2623 enim
1683 2553 1904 2623 manifestius
1917 2565 1979 2635 est,
1993 2572 2102 2645 quam

69 2654 136 2727 sian
149 2651 262 2740 luda,
287 2668 364 2725 tum
378 2654 560 2727 Samariae
581 2653 785 2746 historiam,
807 2661 847 2729 in
866 2684 936 2754 qua
953 2684 1058 2753 prae-
1108 2663 1204 2756 quod
1232 2661 1340 2753 paulo
1363 2674 1445 2730 ante
1465 2658 1640 2743 diximus,
1680 2655 1895 2749 perspicuae·
1909 2654 2103 2744 scripturae

69 2760 182 2829 haum
222 2770 275 2827 est
307 2753 503 2843 Ecclesiae,
552 2784 659 2852 qoam
694 2786 825 2853 paucos
856 2759 1057 2854 prophetas,
1109 2764 1336 2859 synodorum
1350 2782 1660 2856 quarumcunque,
1683 2763 1826 2851 patrum
1844 2772 1879 2828 et
1899 2752 2101 2827 scholarum

69 2882 169 2955 qnam
184 2858 320 2929 multos
334 2856 545 2929 Idololatrea
560 2858 622 2954 ²⁰),
646 2877 683 2933 et
699 2878 879 2954 postremo
900 2879 1057 2957 tempore
1109 2866 1300 2936 sententias
1316 2866 1444 2935 debere
1459 2862 1605 2933 cedere?

69 2974 236 3056 mantum
256 2958 537 3032 Zaddicaeorum
558 2959 599 3058 ²¹)
621 2978 655 3034 et
674 2960 957 3056 pharisaeorum,
989 2962 1057 3037 hoc
1210 2966 1310 3055 Quin
1333 2981 1467 3037 caetera
1490 2965 1530 3033 in
1552 2964 1614 3033 illa
1628 2958 1823 3030 Sorbonica'
1848 2957 1995 3049 epistola
2018 2979 2101 3048 per·

69 3074 135 3149 tat,
172 3063 398 3133 sacerdotum
426 3088 466 3134 ac
488 3062 746 3136 monachorum
770 3081 806 3137 et
829 3063 1057 3139 scholastico·
1107 3070 1300 3163 sequimur.
1352 3067 1387 3137 ls
1403 3069 1462 3137 cui
1479 3068 1614 3149 credet,
1638 3062 1824 3154 inquiunt,
1849 3060 1911 3153 qui
1934 3057 2099 3129 ecclesiae

69 3186 140 3235 run
162 3158 212 3259 ²²)
233 3165 400 3254 reperias.
459 3160 556 3237 Num
579 3169 768 3239 obscumm
790 3184 861 3255 est,
893 3173 989 3264 quod
1011 3172 1057 3241 ab
1106 3167 1309 3241 Catholicae
1336 3170 1441 3239 iidem
1464 3163 1597 3237 habere
1617 3166 1803 3246 detrectat,
1836 3175 1898 3231 aut
1919 3160 2100 3254 quomodo
2132 3166 2138 3179 '

69 3259 444 3358 Eaeehielel‘ropheta
462 3268 683 3354 dictumest,
704 3268 799 3340 sicul
819 3279 939 3341 mater
952 3270 1008 3342 ito
1026 3279 1059 3341 at
1108 3266 1289 3342 catholicis
1313 3271 1549 3353 adscribetur,
1582 3267 1645 3361 qui
1664 3261 1859 3334 Ecclesiam
1888 3286 1964 3332 non
1990 3262 2101 3347 audit,

69 3358 156 3443 ffic-
182 3364 320 3449 lmitati
333 3392 465 3454 sumus,
481 3371 591 3440 immo
601 3373 752 3442 vicimus
768 3375 888 3444 omnia
897 3372 1059 3469 Synago-
1108 3397 1187 3445 cum
1203 3397 1245 3442 ex
1261 3398 1323 3444 ore
1339 3371 1496 3443 veritatis
1510 3371 1645 3441 dictum
1662 3367 1724 3437 sis:
1749 3361 2009 3437 SiEsslesiom
2025 3384 2101 3435 nost

69 3489 124 3559 gae
140 3482 328 3563 portenta,
356 3484 398 3541 ut
418 3495 504 3562 prae
521 3474 628 3543 nobis
648 3474 753 3546 etiam
778 3476 840 3546 illa
862 3479 921 3569 pia
942 3479 1057 3548 videri
1107 3469 1285 3561 audierit,
1324 3471 1374 3544 ss't
1403 3471 1475 3543 titi
1496 3471 1589 3543 sieut
1614 3462 1779 3540 sthoicus
1807 3478 1839 3539 el
1865 3463 2100 3564 publicanus.

69 3571 189 3662 prat,
210 3584 254 3641 ut
264 3567 461 3663 prophetae
474 3598 637 3645 sermone
652 3590 743 3650 utar.
1108 3576 1249 3665 Quaeso
1273 3591 1391 3649 autem
1411 3600 1492 3662 vos,
1513 3573 1695 3665 Magistri,
1720 3571 1805 3665 quid
1830 3570 1962 3640 vocetis
1976 3565 2101 3651 Eccle-

161 3700 348 3793 Intelligis,
369 3706 509 3797 opinor,
536 3722 708 3802 quantum
717 3700 885 3781 Lastharo
898 3736 976 3781 cum
994 3736 1057 3804 pa.
1108 3680 1222 3748 siam?
1272 3679 1520 3751 Sorbonamne
1535 3672 1735 3748 Gallicam?
1785 3669 1834 3743 At
1848 3696 1888 3742 ea
1907 3695 1980 3741 esse
1993 3666 2102 3742 Chri-

69 3804 176 3876 tfibus
201 3828 243 3875 ae
263 3806 425 3876 conciliis
449 3811 655 3897 conveniat,
683 3835 763 3881 cum
781 3810 911 3883 scholi,
931 3792 1056 3905 ,eligio
1108 3782 1154 3851 sti
1170 3782 1314 3852 ecelesia
1337 3783 1400 3874 qui
1418 3794 1548 3900 pqtest,
1573 3801 1664 3872 quae
1677 3801 1697 3845 a
1711 3770 1846 3845 Christi
1863 3775 1971 3891 verbo
1986 3772 2100 3891 aliena

69 3920 154 3978 aetat
185 3906 387 3978 convenire,
436 3907 541 3980 Nunc
574 3914 778 4000 consider„
811 3917 899 4010 quid
920 3916 1058 4007 sapiant
1108 3896 1174 3969 est,
1200 3907 1281 4002 cum
1305 3907 1429 3953 vorem
1452 3884 1516 4000 sile
1529 3905 1629 3951 suam
1641 3891 1792 3950 testetur
1812 3877 1859 3947 ab
1878 3877 2005 3946 ovrbus
2025 3896 2100 3945 aurs

69 4004 176 4079 Sorba
202 4006 288 4094 ista,
332 4032 413 4079 curn
445 4012 622 4105 principia
655 4015 737 4084 fidei
770 4033 899 4088 vocant
929 4031 1057 4109 patres,
1108 4005 1260 4073 agnosci.
1301 3982 1576 4073 NosEcclcsram
1587 4003 1754 4051 vocamus
1770 4002 1858 4063 eam,
1883 4001 1974 4071 quae
1989 3976 2099 4047 verbo

69 4104 228 4205 synodos
249 4124 284 4180 et
305 4107 461 4198 scholas,
485 4140 707 4210 quanquam,
731 4118 801 4187 nisi
824 4116 918 4189 nihil
938 4119 1055 4205 video,
1106 4087 1165 4156 dei
1180 4087 1335 4204 condita,
1348 4087 1456 4157 verbo
1466 4086 1523 4156 dei
1533 4085 1697 4203 pascitur,
1713 4081 1832 4198 alitur,
1844 4081 1993 4163 fovetur,
2006 4077 2101 4168 regi·

69 4230 133 4283 non
152 4207 223 4283 hoc
246 4212 360 4295 dolet,
388 4217 483 4309 quod
506 4218 666 4308 patribus
690 4232 724 4288 et
742 4219 897 4315 synodis
916 4234 1055 4291 comm,
1106 4201 1178 4274 tur,
1189 4188 1345 4258 breviter
1358 4211 1448 4281 quae
1462 4182 1838 4271 omnraexEvangeho
1848 4193 2038 4272 comparat,
2053 4180 2099 4249 de
2211 4230 2217 4242 .

69 4312 210 4398 dieitur,
236 4314 297 4384 sed
312 4318 406 4409 qnod
429 4313 635 4391 scholastica
652 4344 778 4412 parum
799 4325 905 4414 digne
928 4336 1055 4393 [mcta-
1105 4291 1272 4360 omnibus
1295 4290 1390 4358 iuxta
1403 4286 1639 4378 Evangelium
1657 4286 1807 4355 iudicat:
1840 4277 1946 4355 Nom
1963 4279 2031 4379 qus'
2051 4302 2100 4352 aa
2131 4376 2134 4381 Ι
2169 4322 2172 4327 -
2236 4324 2248 4341 ,

69 4428 128 4491 ιω,
177 4412 277 4486 Haec
291 4414 502 4488 illaflelfflg
520 4436 587 4506 esp,
612 4447 678 4514 pm
694 4447 761 4517 qu,
777 4424 1055 4498 decertumMa„
1106 4387 1173 4508 ἄιε
1194 4399 1263 4476 εει,
1287 4388 1394 4460 verba
1419 4384 1480 4459 dei
1498 4385 1616 4461 aradii.
1666 4386 1825 4459 Rursum
1844 4381 1912 4482 qui
1924 4407 2011 4503 'uon'
2028 4405 2100 4504 qa·

69 4516 167 4609 psrn
177 4515 306 4590 nostri,
370 4516 512 4613 Ecquid
532 4544 608 4593 non
633 4524 680 4594 ἢ,
703 4527 908 4600 scribebam
933 4528 972 4596 in
992 4526 1053 4597 ffla
1105 4489 1228 4578 darant,
1253 4500 1430 4562 nonsart
1448 4516 1495 4562 ex
1510 4487 1587 4567 deo.
1637 4487 1686 4561 Et
1704 4513 1784 4559 cum
1797 4483 1956 4558 Ecclesia
1974 4488 2099 4557 drvrno

69 4632 172 4691 rutra
202 4619 312 4713 plane
332 4616 529 4695 sorboniea
561 4625 797 4719 praefatione,
833 4632 908 4703 Nos
932 4653 1053 4701 sumus
1105 4618 1267 4665 sannone
1287 4609 1387 4686 parta
1407 4595 1467 4681 sit,
1493 4591 1590 4666 haud
1612 4592 1722 4664 dubie
1741 4592 1865 4708 eodeni
1886 4589 2015 4707 alenda
2036 4602 2099 4661 est.

1103 4695 1281 4788 Agnoscat
1307 4720 1371 4767 vos
1395 4690 1588 4767 Lusheros
1614 4720 1678 4789 pro
1699 4690 1876 4777 Ecclesia,
1909 4714 1941 4759 ει
1964 4712 2099 4761 senno-

69 4828 338 4863 *τ’-*-
1102 4823 1185 4869 nem
1208 4799 1267 4868 dei
1282 4798 1485 4873 docueritis.
1527 4824 1600 4869 non
1622 4808 1805 4889 agnoscet,
1830 4794 1862 4862 si
1883 4787 1977 4861 nibil
1996 4812 2100 4884 prae·

1101 4914 1156 4972 ter
1175 4900 1292 4972 fatuos
1324 4914 1359 4971 ει
1381 4904 1547 4972 rancidos
1568 4901 1737 4973 articulos
1756 4909 1891 4967 vestros
1920 4893 2098 4985 produxe-

108 4964 154 5033 ts)
171 4974 199 5018 et
213 4960 350 5029 dissentit]
368 4963 436 5017 Mel.
453 4982 518 5036 opp.
530 4963 623 5023 Viteb.
639 4968 701 5023 ed.:
721 4979 750 5023 ut
768 4970 898 5027 dissentit.
934 4973 971 5028 F.
1101 5002 1190 5077 ritis.
1242 4998 1581 5091 Audiffloelesiam,
1607 5006 1665 5073 sed
1697 5024 1797 5084 eam,
1829 5019 1919 5091 quae
1946 4978 2108 5065 verbum!
2157 5026 2160 5031 ’

105 5050 153 5120 m)
170 5048 347 5115 idololatras]
363 5048 444 5104 Liber
458 5050 576 5121 primum
591 5054 692 5120 editus,
718 5066 743 5110 et
755 5056 863 5112 Lutberi
878 5077 942 5132 opp.
959 5068 985 5115 et
999 5058 1051 5112 Vi-

157 5119 215 5173 t'eb.
231 5118 350 5173 alenae
360 5119 422 5173 eda
443 5120 582 5176 idolatras.
616 5124 652 5177 F.
710 5142 717 5160 ·

106 5202 155 5273 21)
176 5203 410 5273 Zaddieaeorum]
437 5204 504 5259 Mel.
523 5225 587 5279 opp.
607 5207 698 5264 Viteb.
719 5211 764 5267 ed.
789 5220 815 5267 et
836 5211 945 5269 Lutberi
968 5232 1050 5288 oppa

159 5272 400 5327 Zaddreaeorusn.
418 5326 423 5339 ,
435 5274 470 5327 F.

107 5355 153 5428 8)
169 5354 299 5410 monach.
324 5365 351 5409 et
374 5355 515 5427 scholast]
546 5358 615 5415 Met.
640 5380 704 5486 opp.
724 5362 807 5423 Basil.
834 5376 862 5422 et
879 5365 970 5425 vitet.
989 5367 1048 5422 ed:
1149 5352 1196 5424 23)
1212 5352 1287 5426 ιώ]
1307 5353 1375 5409 Md·
1391 5370 1455 5424 ⁰1²9·
1467 5348 1558 5407 Vlld’·
1570 5348 1632 5404 “hi
1650 5347 1705 5420 ‘1¹¹3-
1749 5344 1784 5399 F·

154 5424 361 5483 mnam
372 5424 607 5484 dolatorum·
1151 5438 1196 5508 aa>
1214 5437 1260 5506 a]
1281 5437 1351 5498 uer.
1364 5455 1428 5508 opp.
1443 5435 1535 5490 vara.
1550 5434 1592 5490 ea.
1605 5450 1656 5505 po
1668 5446 1791 5485 arsam
1804 5435 1933 5501 symm
1952 5429 1983 5485 a.
2024 5431 2060 5525 r.
2134 5502 2141 5511 ι
