4500 5782
332 664 660 757 eunucus
707 665 924 751 vunnu
976 660 1279 749 purarum
1324 610 1849 751 uunauu'uoms.

909 1062 1089 1138 ANNO
1142 1065 1280 1142 lant.

104 1231 124 1287 d.
147 1233 192 1292 16.
213 1225 300 1286 Febr.
329 1230 439 1286 minut.
465 1231 486 1291 6
516 1236 584 1306 post
612 1223 718 1284 horam
744 1222 982 1303 pomeridianam
1007 1229 1137 1283 nascitur
1156 1221 1308 1303 Philippus
1332 1220 1533 1281 Sclucoraerd
1558 1227 1590 1283 in
1620 1224 1732 1304 oppido
1752 1220 1932 1283 Fulminatus
1962 1221 2000 1281 ad
2017 1218 2103 1286 Rhe:
2153 1303 2156 1307 Ι

105 1350 158 1389 nnn
170 1326 312 1400 Bretterr,
345 1342 429 1409 patre
443 1326 568 1401 Georgia
586 1322 794 1403 Schwarzerd,
823 1346 975 1388 armornm
988 1322 1287 1408 magistrol’rinoipis
1301 1320 1429 1389 Palatini
1442 1320 1604 1403 Electoris,
1630 1339 1723 1386 matra
1739 1322 1909 1400 Barbara,
1935 1329 1995 1385 filia
2009 1320 2104 1381 loun·

106 1429 302 1510 rademini,
329 1434 383 1514 qui
406 1443 435 1490 et
456 1430 656 1511 praefecturae
673 1426 778 1511 oppidi
793 1432 985 1510 munere'per
1000 1432 1116 1511 aliquot
1131 1430 1361 1489 anuosi'unctus
1379 1443 1432 1488 est.
1458 1458 1507 1475 -·
1559 1424 1671 1488 Scribit
1682 1426 1843 1509 Philippus
1864 1430 1896 1485 in
1919 1431 2044 1509 epistola
2067 1427 2104 1484 ad
2180 1407 2185 1415 .

63 1572 70 1619 q
106 1531 293 1594 ilattlresium:
330 1544 429 1609 „aute
444 1534 596 1612 sexaginta
619 1553 712 1592 annos
732 1553 816 1591 naeus
840 1545 924 1612 pater
944 1530 1022 1591 mihi
1042 1532 1166 1591 describi
1186 1520 1361 1621 γενέθλια
1383 1532 1533 1590 curavita
1555 1526 1681 1609 l'alotini
1704 1526 1933 1606 hlatlrematico,
1967 1535 2032 1589 viro
2057 1534 2105 1589 iu·
2191 1600 2199 1613 ἱ

63 1644 65 1709 ξ
109 1641 252 1714 „grnioso,
279 1631 452 1715 Haesurto,
474 1640 570 1694 amico
588 1656 653 1694 suo.
707 1630 742 1692 lu
759 1655 794 1692 ea
807 1635 1009 1714 praedictione
1025 1632 1131 1693 diserte
1149 1638 1292 1713 scriptum
1314 1647 1373 1710 est,
1400 1636 1506 1692 itinera
1526 1654 1575 1692 me
1598 1633 1634 1692 ad
1649 1628 1777 1693 Boream
1796 1635 1961 1713 periculosa
1983 1632 2105 1692 habitu-
2188 1644 2191 1649 ’

63 1718 65 1733 ¹
111 1760 273 1812 „rnmesse,
299 1752 329 1797 et
345 1760 394 1796 me
410 1741 529 1796 inmari
543 1733 661 1797 Baltico
679 1735 869 1815 naufragium
885 1759 949 1797 esse
963 1736 1122 1795 i'actruum.
1172 1731 1269 1815 Saepe
1292 1740 1414 1803 miratus
1434 1756 1518 1811 snm,
1545 1756 1596 1793 cur
1617 1735 1695 1793 mihi
1716 1749 1784 1795 nato
1803 1739 1838 1793 in
1856 1737 1981 1795 collibus
1997 1731 2105 1794 Rheno

112 1845 219 1913 „ricinis
233 1840 417 1921 praedixerit
430 1842 562 1920 pericula
577 1843 609 1897 in
623 1835 738 1898 Arctoo
757 1834 891 1899 Oceano.
943 1834 1006 1898 Nec
1021 1840 1107 1898 volui
1123 1838 1313 1898 coaccedere
1328 1850 1449 1897 vocatus
1467 1839 1499 1896 iu
1514 1832 1700 1897 Britanniam
1716 1851 1744 1899 et
1765 1842 1798 1896 in
1813 1833 1950 1896 Daciam.
2001 1832 2106 1896 bletun
2159 1878 2165 1893 .

112 1958 214 2016 „ennea
227 1943 307 2020 lata,
326 1947 443 2003 etiamsi
458 1961 521 2001 non
538 1961 605 2001 sum
620 1937 770 2001 Stoicus.”

902 2037 1097 2173 mo
1150 2100 1281 2177 rcor.

113 2246 132 2303 l.
149 2251 196 2310 27.
211 2242 283 2306 Oct.
298 2248 429 2326 moritur
442 2257 525 2325 pater
538 2242 676 2324 Philippi
688 2264 723 2305 ea
737 2244 773 2305 de
789 2264 893 2323 cansa,
916 2257 950 2303 nt
968 2242 1135 2320 ferebatur,
1162 2243 1283 2327 quoda.
1306 2242 1410 2309 1504.
1425 2239 1611 2317 lllonlremii,
1638 2244 1691 2301 nbi
1705 2262 1785 2301 arma
1800 2240 1836 2301 ad
1851 2233 1964 2300 bellum
1978 2222 2109 2321 parabrtss

92 2354 140 2403 'ex
157 2360 240 2426 puteo
271 2368 387 2407 veneno
418 2346 530 2406 inlecto
556 2348 687 2406 bibisset.
745 2343 883 2428 Reliquit
906 2342 1073 2425 Georgius,
1108 2359 1223 2426 praeter
1245 2343 1441 2425 Philippum,
1470 2347 1566 2405 lrlium
1589 2342 1764 2421 Georgium,
1796 2339 1941 2423 Philippo
1963 2346 2111 2402 minorem
2187 2352 2190 2357 ’

63 2498 65 2509 .
114 2453 176 2507 nnis
193 2472 251 2508 uon
271 2471 393 2529 prorsus
417 2462 563 2530 quatuor,
588 2461 617 2509 et
639 2461 697 2507 tres
721 2449 814 2525 filias,
841 2469 916 2530 quos
936 2458 1019 2529 patre
1045 2450 1162 2508 orbatos
1181 2469 1252 2507 arus
1267 2445 1390 2531 loannes
1405 2445 1557 2516 llerrtlrcr,
1591 2452 1644 2528 qui
1664 2448 1770 2506 eodem
1792 2448 1914 2528 qnoque
1931 2466 2008 2507 anuo
2025 2448 2110 2521 obiit,

63 2566 65 2575 ·
114 2551 170 2628 apud
183 2575 211 2609 se
227 2552 346 2611 educari
358 2555 467 2611 voluit.

920 2674 1099 2782 Auno
1152 2708 1286 2787 raca.

190 2853 326 2932 „Quum
341 2857 373 2913 in
391 2853 499 2914 ludum
515 2854 671 2933 publicum
689 2854 875 2913 mitterentur
895 2856 982 2932 pueri
998 2855 1046 2912 illi
1067 2850 1190 2930 iratres,
1215 2857 1316 2934 coepit
1336 2867 1402 2915 tum
1423 2858 1487 2913 lues
1507 2853 1596 2913 {beda
1619 2855 1730 2934 passim
1748 2851 1888 2911 homiues
1906 2856 1937 2911 iu
1955 2847 2115 2915 Gennania

113 2962 248 3036 „priunum
262 2956 422 3032 invadere,
448 2969 478 3017 et
490 2959 633 3017 miserum
650 2959 685 3014 in
703 2954 829 3015 modum
851 2975 915 3015 non
933 2959 1034 3015 solum
1055 2956 1272 3032 excruciando,
1304 2958 1356 3016 sed
1375 2956 1542 3015 mutilando
1564 2968 1594 3016 et
1615 2956 1749 3015 membra
1769 2953 1954 3033 depascendo
1974 2955 2114 3033 affligere,

113 3082 210 3141 „qnam
230 3059 430 3138 Hispanicum
450 3061 612 3134 nonnulli,
642 3060 778 3139 plerique
801 3055 958 3115 Gallicum
983 3060 1189 3118 nominabant.
1251 3054 1324 3134 Quo
1347 3063 1428 3123 mulo
1450 3078 1546 3140 quum
1565 3055 1745 3137 Magistrum
1766 3056 1833 3115 ludi
1855 3076 1927 3117 arna
1952 3076 2114 3137 puerorum

112 3178 266 3230 „maternus
282 3163 416 3219 laborare
431 3164 612 3237 rescivisset,
638 3163 847 3239 contagionem
860 3171 1012 3235 metuens,
1033 3172 1158 3240 nepotes
1171 3160 1256 3220 dorni
1269 3161 1350 3241 apud
1365 3183 1396 3221 se
1409 3160 1580 3221 retinendos
1595 3157 1712 3220 duxit.”
1729 3154 1895 3236 (camera.
1913 3162 1947 3219 iu
1959 3154 2113 3221 Vitalllel.

111 3284 133 3341 p.
146 3267 195 3343 6.).
254 3262 462 3343 Praeceptores
483 3262 588 3322 habuit
609 3283 689 3323 nunc
712 3260 852 3319 loannem
874 3258 1055 3334 ilungarum
1077 3274 1107 3322 et
1128 3258 1284 3335 Georgium
1307 3258 1486 3337 Simlcrum,
1518 3261 1597 3321 ludis
1621 3252 1797 3322 l'horceusis
1822 3257 2009 3339 Magistrum.
2067 3257 2115 3320 De

111 3363 232 3446 Hnugaro
247 3363 385 3443 (mortno
401 3384 480 3422 anno
501 3363 613 3445 1‘558)
628 3360 804 3423 Melanthea
821 3366 853 3421 in
866 3358 1018 3443 Explicat.
1031 3360 1174 3445 Evangel.
1198 3361 1288 3425 Dona.
1311 3387 1341 3446 p.
1360 3364 1443 3431 804.
1469 3362 1504 3423 P.
1524 3359 1581 3423 ill.
1606 3364 1678 3425 haec
1702 3374 1824 3423 testatus
1846 3376 1906 3422 est:
1943 3359 2036 3442 „Ego
2058 3363 2115 3422 lra-

111 3471 172 3540 ,bni
185 3480 426 3549 praeceptorem,
453 3470 504 3546 qui
518 3465 579 3525 fnit
597 3468 745 3524 excellens
764 3469 982 3544 grammaticus.
1012 3497 1058 3511 -
1110 3460 1167 3525 lile
1183 3466 1282 3547 adegit
1296 3490 1345 3526 me
1360 3467 1398 3527 ad
1412 3462 1660 3543 Grammaticam,
1688 3479 1714 3526 et
1731 3470 1771 3525 ita
1787 3465 1902 3544 adegit,
1929 3477 1961 3525 nt
1977 3478 2115 3525 constru-

110 3576 232 3639 .,cticnes
247 3571 394 3649 facerem:
423 3570 547 3646 cogebar
564 3568 683 3627 reddere
696 3571 813 3645 regulas
830 3569 1060 3627 constructionis
1073 3552 1127 3649 per
1141 3590 1241 3629 versus
1257 3565 1413 3631 Mantuani
1432 3574 1479 3637 20
1496 3581 1547 3628 aut
1564 3574 1622 3635 80.
1673 3564 1758 3629 Nihil
1773 3569 1940 3649 patiebatur
1957 3589 2005 3627 me
2023 3570 2115 3627 cinit-

108 3686 196 3749 „tere3
223 3674 351 3754 quotiea
360 3671 492 3728 errabam
507 3670 592 3729 dabat
609 3673 709 3750 plagas
725 3667 820 3744 milri,
843 3682 873 3728 et
890 3682 993 3730 tamen·
1006 3690 1039 3728 oa
1052 3670 1275 3746 moderatione,
1302 3694 1378 3755 qnae
1398 3685 1459 3731 erat
1482 3674 1674 3731 couveniens.
1720 3664 1766 3730 lta
1781 3691 1829 3728 me
1845 3668 1916 3729 iecit
1933 3662 2115 3731 Grammati-

108 3796 198 3847 ‚.cnm.
249 3768 322 3833 Erat
339 3777 385 3832 rir
401 3775 550 3852 optimus,
577 3770 684 3832 dilexit
697 3792 746 3831 me
762 3784 796 3831 ut
812 3773 928 3850 filium,
954 3784 984 3832 et
998 3775 1054 3853 ego
1070 3794 1141 3832 enm
1156 3785 1190 3833 nt
1205 3773 1348 3855 patrem.”

188 3874 236 3936 De
251 3876 355 3936 indole
373 3887 402 3933 et
417 3872 522 3934 studiis
537 3871 673 3955 Philippi
693 3872 751 3934 hoc
771 3886 905 3953 tempore
923 3860 1106 3937 Camerarius
1127 3880 1160 3936 in
1183 3881 1243 3951 rita
1259 3874 1462 3939 hlelantlronis
1487 3875 1577 3935 baec:
1613 3870 1779 3951 „Eminuit
1801 3858 1954 3935 statim'in
1969 3869 2115 3956 Philippo

107 3983 299 4056 „praestantia
314 3981 446 4055 ingenii,
472 3976 554 4058 quod
568 3988 598 4035 et
610 3980 743 4036 celeriter
761 3980 926 4057 perciperet
941 3990 1031 4059 atque
1050 3978 1314 4059 comprehenderet
1330 4001 1405 4065 quae
1426 3978 1631 4054 tradebantur,
1658 3988 1687 4036 et
1708 3975 1834 4036 fideliter
1856 3979 2059 4054 meminisset,
2086 3991 2116 4037 et

109 4082 238 4163 „liquido
255 4100 408 4166 exponere
429 4080 479 4136 iila
498 4082 596 4138 sciret.
647 4075 747 4160 thue
771 4081 805 4137 fit
825 4082 857 4137 in
881 4084 1029 4158 generosis
1051 4082 1173 4159 animis,
1200 4085 1233 4143 iu
1256 4086 1365 4163 puerili
1387 4094 1452 4141 tum
1473 4084 1564 4140 etiam
1584 4091 1678 4139 aetate
1700 4078 1809 4141 admod
1928 4082 2035 4139 iescere
2053 4101 2115 4139 non

109 4197 255 4261 ‚.poterat,
280 4182 332 4241 sed
346 4181 504 4262 quaerebat
520 4181 632 4261 ubique
649 4184 795 4262 aliquem,
822 4201 891 4240 curn
908 4202 968 4262 quo
982 4181 1020 4240 de
1034 4182 1142 4243 auditis
1157 4184 1329 4265 disputaret.
1380 4180 1424 4242 Ea
1438 4196 1520 4243 erant
1534 4186 1678 4242 rrimirum
1691 4098 1931 4262 praecepaeib
1942 4186 2115 4259 grammati·
2144 4180 2147 4188 '

63 4354 65 4361 y
111 4307 174 4347 ..eae
188 4299 217 4345 et
233 4288 321 4343 initia
335 4285 479 4341 sermonis
493 4284 589 4342 latini.
614 4313 663 4328 -
713 4280 1346 4368 b'errentiorincitatiorqneineoanimus
1366 4289 1490 4344 immitis
1510 4298 1562 4343 aut
1581 4305 1684 4343 saevus
1704 4284 1861 4359 nonfuit,
1888 4305 2018 4366 cumque
2040 4297 2115 4344 esset
2165 4332 2168 4341 .

112 4388 163 4458 „ad
181 4387 365 4446 iracundiam
386 4387 527 4464 pronior,
554 4383 631 4451 nihil
652 4395 750 4443 tamen
772 4384 843 4443 fecit
865 4405 999 4466 unquam
1021 4398 1206 4464 commotus,
1234 4388 1316 4469 quod
1338 4391 1485 4466 insignem
1508 4387 1630 4445 haberet
1655 4383 1889 4460 deformitatem,
1915 4398 1965 4445 aut
1991 4389 2113 4446 omnino
2197 4402 2206 4461 ,·

112 4510 303 4569 ..magnopere
322 4486 505 4567 culpandum
527 4497 612 4545 esset.
659 4483 872 4557 Pronunciatic
895 4486 1036 4547 nonnihil
1054 4480 1221 4550 bilbutiens
1240 4511 1302 4549 nou
1322 4490 1414 4548 modo
1431 4494 1572 4570 tanquam
1585 4506 1675 4568 prava
1690 4488 1930 4569 colloquentibus
1945 4475 2071 4549 molesta
2085 4503 2114 4548 et

114 4592 285 4653 ..iniucunda
298 4610 363 4649 non
375 4588 453 4663 i'uit,
480 4587 531 4648 sed
548 4590 693 4668 puerilem
709 4590 920 4668 loquacitatem
932 4594 996 4649 risa
1010 4593 1099 4651 etiam
1113 4604 1157 4652 est
1175 4592 1285 4652 decere.
1339 4587 1434 4667 Quod
1451 4594 1560 4650 vitium
1580 4602 1680 4649 tamen
1700 4589 1878 4669 procedente
1901 4603 1996 4650 aetate
2014 4603 2112 4652 atten-

63 4722 66 4767 r
118 4697 205 4757 ,tione
220 4707 247 4752 at
264 4712 337 4752 cura
352 4696 395 4749 sic
410 4690 594 4766 emendavit,
620 4703 655 4750 ut
671 4693 725 4748 rix
740 4694 912 4751 tenuissima
930 4694 1014 4753 illins
1029 4675 1170 4774 vestigii,
1195 4698 1284 4754 rerba
1306 4698 1477 4773 praesertIm
1494 4712 1530 4751 eo
1548 4705 1682 4753 accurate
1700 4693 1846 4767 iaciente,
1872 4705 2046 4772 apparerent
2066 4706 2112 4753 at-

118 4814 186 4874 ..qae
206 4791 523 4874 deprehenderentur.’'
548 4822 599 4837 ·-
650 4787 761 4853 Graeca
783 4792 891 4854 didicit
910 4814 928 4853 a
945 4792 1081 4856 Slmlaro.
1105 4826 1158 4842 -
1182 4822 1188 4827 ·
1208 4794 1329 4860 Mortuo
1352 4817 1408 4855 aro
1431 4797 1551 4855 virebat
1572 4815 1642 4855 cum
1662 4793 1752 4854 fratre
1772 4790 1913 4874 Georgio·
1926 4806 1955 4854 et
1977 4791 2112 4854 iohanne

118 4902 242 4957 armento
265 4896 347 4977 apud
369 4916 503 4954 sororem
526 4893 665 4953 lobannis
686 4892 858 4967 llanclrlr'ui,
891 4897 972 4978 quod
995 4894 1141 4959 Reutheri
1164 4912 1194 4961 et
1212 4896 1376 4960 Renchlini-
1394 4899 1526 4958 familiae
1553 4900 1729 4978 cognatione
1753 4900 2021 4976 coniungerentnr3
2049 4917 2110 4979 qno
2163 4878 2168 4885 ⁸

118 4993 280 5074 factumest,
306 5010 341 5057 ut
356 4993 538 5055 amnuens
553 4999 640 5077 pueri
651 4998 785 5057 indolem
801 5011 831 5057 et
846 4999 942 5058 studia
955 5014 1156 5080 cognosceret.
1208 5000 1268 5063 Hic
1282 5005 1402 5063 libellos
1417 4987 1580 5085 quosdam,
1605 5002 1682 5061 inter
1698 5016 1774 5082 qnos
1797 5001 1913 5079 plenior
1927 4994 2110 5060 Grammati-

119 5096 281 5163 caeGraecaa
293 5111 437 5161 tractatur
451 5093 929 5161 atLexieouGraeco-Latinum
944 5102 1014 5180 tuit,
1040 5108 1069 5162 ci
1080 5103 1214 5181 donarit,
1241 5109 1391 5188 simulque
1404 5117 1508 5166 auctor
1520 5102 1591 5181 Mt,
1617 5116 1651 5163 nt
1665 5123 1748 5162 more
1765 5101 1924 5161 doctorrnn
1936 5105 2018 5162 illius
2032 5107 2108 5179 aeri,

120 5221 206 5264 rnnrn
218 5224 308 5265 snam
323 5198 541 5273 sarcarum,
566 5201 649 5283 quod
661 5205 766 5281 lingua
780 5206 871 5263 latina
886 5202 1016 5286 exprimi
1031 5210 1085 5266 vix
1100 5219 1219 5287 potest,
1245 5213 1278 5269 in
1292 5229 1430 5288 graecum
1443 5204 1685 5267 Melonclrtlrorris
1702 5215 1849 5282 mutaret,
1875 5222 1935 5286 qno
1950 5202 2110 5285 Philippus
2198 5202 2207 5210 ”

121 5320 198 5379 pastea
212 5318 378 5367 constanter
393 5324 464 5365 naus
477 5316 532 5383 eat,
558 5323 747 5386 quanquam,
773 5306 846 5367 dum
861 5311 892 5366 in
907 5304 1018 5369 Sueria
1033 5311 1167 5386 virebat,
1193 5332 1224 5371 se
1241 5316 1331 5371 etiam
1345 5310 1425 5371 hand
1439 5328 1505 5370 raro
1519 5331 1537 5370 a
1556 5315 1649 5391 patria
1662 5307 1839 5388 Philippum
1854 5304 2034 5365 Brattcrrum
2051 5328 2110 5366 no-

157 5404 322 5471 ituraea.
341 5404 445 5469 Orau.
470 5402 552 5467 Von.
565 5402 590 5466 I.
1175 5497 1178 5505 Ι
1299 5405 1356 5497 (lt)
