4500 5782
90 196 242 311 'm
528 213 538 222 ·
738 188 1438 301 sersaonaauuarnnt
1489 196 1623 278 raes.
1825 146 1860 280 ,¹
2124 201 2200 281 m-

164 403 239 453 non
253 376 329 447 sine
342 371 513 469 periculo.
550 367 655 442 *nam
668 379 780 443 mater
793 368 915 441 triduo
935 382 1037 457 ante,
1067 322 1156 443 duur
1203 393 1274 469 gno
1296 369 1413 445 elimo
1434 395 1516 445 aare
1538 368 1661 466 Lipsia
1684 371 1793 455 avelli
1814 371 1935 445 subito
1968 393 2047 445 non
2078 371 2194 465 potuit

162 482 204 552 in
218 478 337 550 culina
350 488 510 546 versatur
529 470 725 559 incautius,
752 471 906 565 collapsa
919 485 1060 545 uterum
1075 495 1157 564 gra-
1184 468 1257 563 fEa
1273 471 1314 545 in
1326 496 1366 544 rc
1383 471 1536 559 iacietis,
1569 475 1667 568 quod
1688 474 1883 551 videbilm.
1937 469 2036 546 Nam
2054 495 2123 564 ego
2139 497 2196 549 tn·

162 582 255 654 viter
271 577 456 652 adflixerat
471 575 565 662 solo,
594 574 633 645 id
648 573 688 644 in
705 582 825 646 caussa
838 573 927 661 suia,
952 598 1017 647 cur
1030 575 1157 645 imma-
1185 573 1320 669 spicor
1334 570 1472 674 entrahi
1491 578 1536 647 ab
1551 576 1615 647 illo
1632 601 1725 666 rem,
1749 592 1790 647 ut
1804 591 1888 649 ante
1902 577 2026 649 videat
2039 575 2123 653 ludi
2134 600 2196 649 eu-

55 730 57 735 ·
163 699 286 756 turum
308 674 424 751 adbuc
448 677 596 748 foetum
610 676 771 771 ediderit.
820 671 886 758 ,Et
909 690 1157 770 praeterquam
1204 677 1331 771 spicia,
1363 691 1399 749 et
1418 679 1598 773 quomodo
1613 679 1729 765 restit
1743 701 1946 753 successura
1961 677 2064 764 aliis,
2095 702 2195 772 quan

117 817 123 827 ·
164 784 261 882 qnod
276 781 400 854 uxoris
420 779 587 850 valetudo
596 758 614 865 ,¹
633 791 669 848 et
690 776 822 848 sobolis
846 776 1041 849 infirmitas
1057 777 1156 850 domi
1204 780 1279 872 ipse
1299 791 1453 849 veterem
1475 779 1718 863 conditionem
1735 782 1888 859 abdicet.
1945 778 2194 872 speronius

163 910 230 958 nos
252 883 461 974 alligabant,
503 880 571 973 ipsi
594 881 700 950 etiarn
722 879 770 951 ita
794 879 911 950 affecti
931 904 1086 967 eramus,
1115 893 1158 951 ut
1203 881 1301 952 domi
1318 876 1450 953 babere
1467 893 1632 968 morem,
1663 884 1761 976 quod
1783 896 1824 954 ut
1838 883 1885 955 sit
1907 883 2071 953 faustum
2092 893 2129 955 et
2147 882 2194 955 lt-

164 988 241 1059 sine
263 1008 400 1058 summa
423 982 650 1053 solicitudine
674 982 800 1074 procul
822 983 929 1052 domo
946 982 1065 1055 abesse
1082 1006 1157 1054 non
1202 982 1253 1054 lix
1275 981 1381 1055 iaciat
1403 976 1584 1057 Christus!
1636 981 1754 1072 Deus,
1787 985 1959 1079 inquiunt
1980 1006 2105 1071 sacrae
2122 983 2195 1057 lite-

164 1112 358 1184 possemus.
407 1080 485 1174 Ego
503 1098 623 1171 autem
636 1097 751 1163 tecum
767 1107 877 1155 vacuo
894 1108 934 1155 ac
948 1085 1060 1155 libero
1078 1085 1158 1154 ani·
1203 1109 1282 1170 rae,
1305 1085 1507 1171 coniunxit3
1542 1109 1652 1179 quare
1666 1111 1810 1179 precor,
1840 1100 1880 1157 ut
1893 1087 2058 1157 fortunus!
2072 1084 2191 1177 etpal-

165 1216 224 1263 mo
240 1213 313 1260 esse
328 1185 446 1278 cupio,
471 1198 512 1256 ut
527 1184 631 1256 vobis
645 1185 718 1254 srui
734 1184 876 1276 possim.
925 1184 1082 1259 Proinde
1096 1210 1157 1257 ex·
1204 1182 1418 1259 cherrimatn
1449 1187 1653 1269 societatem
1683 1202 1719 1263 et
1741 1188 2048 1265 coniunctionem.
2114 1183 2190 1259 vno

164 1285 319 1365 trahitur
342 1287 520 1383 paulisper
534 1282 650 1360 adhuc
664 1286 852 1357 consilium
870 1287 914 1357 de
929 1288 1157 1380 profectione.
1203 1289 1363 1364 feliciter.
1414 1287 1591 1381 Postridie
1604 1286 1813 1367 Dominicae
1828 1288 2027 1371 Insocavit.
2080 1368 2083 1377 ¹

51 1474 53 1478 ⁸
266 1390 441 1462 Postridie
466 1391 601 1460 calend.
625 1386 732 1461 Mart.
754 1379 1057 1460 aCorolostadio
1075 1404 1158 1461 suut
1309 1382 1312 1387 ’
1837 1472 1840 1481 ,
1949 1387 2150 1483 Philippus·

167 1496 293 1567 allatae
323 1494 464 1576 literae,
511 1490 641 1584 quibus
663 1489 818 1581 postulat
841 1489 872 1560 si
893 1506 998 1584 queat
1015 1493 1158 1586 publica
1832 1522 1834 1527 ·
2010 1505 2018 1518 ‘
2119 1536 2122 1543 ·
2189 1528 2193 1537 ·

165 1599 256 1679 fide,
302 1593 459 1688 colloqui
491 1616 572 1664 cum
603 1583 772 1662 Lnthero
812 1593 858 1662 de
898 1617 962 1664 suo
1004 1594 1158 1684 negotio.
1933 1654 1950 1675 ,,
2045 1648 2049 1657 .

71 1722 76 1738 ’
164 1696 283 1772 Eram
302 1699 426 1779 literae
446 1694 496 1764 sic
510 1693 595 1765 satis
612 1688 806 1780 humanae,
830 1694 893 1764 sed
913 1691 1083 1767 nonnihil
1104 1710 1157 1768 ta-
1215 1726 1283 1800 No·
1296 1729 1384 1802 323·
2039 1722 2170 1804 amm.

167 1824 251 1871 men
270 1795 450 1869 habebant
471 1795 683 1867 aculeorum.
733 1794 938 1869 Postulabat
954 1797 1162 1874 tabellarius
1213 1825 1384 1857 Μ
2023 1818 2186 1861 Μ

64 1926 68 1936 ’
169 1927 210 1974 eo
231 1903 351 1974 statim
372 1899 430 1970 die
453 1897 621 1986 dimitu„
651 1895 856 1990 Respondit
874 1888 993 1994 itaque
1012 1891 1160 1970 Lacha-
1523 1894 1599 1986 Ge‚
1635 1894 1882 2010 Spalatino,
1932 1952 1935 1957 -
1964 1888 1999 1979 ’,
2067 1962 2070 1969 .
2175 1950 2197 1961 -.

96 2078 101 2085 ,
170 2028 253 2090 rus,
291 2027 328 2074 se
351 2003 396 2072 ad
422 2014 458 2072 te
479 1999 671 2070 missurum
692 1999 813 2070 literas
836 2001 1056 2095 principum„
1097 2014 1160 2073 aut
1858 1996 1861 2000 “

168 2131 233 2200 per
248 2118 283 2177 te
298 2125 552 2196 responsurum
574 2101 661 2194 quid
682 2099 889 2192 impetrarit·
939 2097 1159 2196 Nihpp'pme‚
1273 2084 1348 2153 †Er
1362 2082 1529 2161 autographo
1542 2082 1672 2140 Melautb.
1684 2085 1713 2139 ia
1724 2084 1793 2142 Cod.
1807 2080 1889 2138 basil.
1907 2084 1938 2143 1².
1951 2085 2011 2141 101.
2038 2087 2168 2158 epictii.

168 2225 274 2282 terea.
322 2200 400 2296 Ego
425 2199 517 2274 nibil
538 2203 657 2273 minus
676 2216 764 2295 puto
786 2205 965 2290 futurum,
995 2230 1100 2299 quam
1120 2218 1160 2276 ut

168 2311 244 2381 ulla
257 2307 375 2401 quieta
390 2330 430 2375 ac
443 2306 624 2376 moderata
637 2303 784 2375 consilia
799 2306 1042 2380 admittantur.
1093 2303 1161 2375 vi-

170 2414 230 2483 no
251 2410 343 2480 uua
367 2400 616 2505 Atptatetam
639 2407 852 2499 adplaudere
880 2408 1159 2493 mantuanam,
1423 2386 1747 2462 <s,.1.c....a..a.n
1765 2389 1982 2458 ...esen

123 2537 133 2549 ‘
171 2512 272 2584 cuius
287 2511 446 2582 favorem
463 2523 497 2580 et
510 2509 657 2599 gratiam
671 2508 742 2578 iam
758 2508 845 2578 olim
862 2505 952 2593 mihi
972 2510 1089 2581 visum
1108 2523 1161 2580 est
1192 2494 1252 2585 S·
1302 2511 1555 2591 Gratissimum
1569 2511 1675 2580 nobis
1690 2533 1821 2580 munus
1835 2509 1921 2596 fuit,
1954 2512 2053 2606 qnod
2067 2506 2198 2587 bic-et

170 2613 304 2708 pluris,
344 2636 451 2707 quam
478 2611 601 2681 divina
630 2605 856 2705 humanaque
883 2611 1005 2682 omnia
1036 2613 1161 2682 tacere.
1208 2615 1389 2688 Illustriss.
1404 2612 1570 2705 Principe
1583 2614 1628 2685 ad
1643 2613 1776 2703 regiam
1799 2636 1946 2685 coenam
1967 2613 2120 2686 missum
2141 2630 2196 2692 est.

157 2702 247 2788 'Aut
270 2705 529 2815 nultyysvsot'qt
555 2713 709 2806 quadam
737 2711 961 2785 immutatum
988 2727 1057 2799 est,
1099 2728 1163 2786 aut
1194 2715 1372 2813 'Accipies
1389 2714 1598 2800 versiculos,
1631 2704 1764 2809 quibui
1786 2737 1867 2784 curn
1891 2708 2075 2790 Illustriss.
2095 2715 2199 2788 Prin·

171 2816 378 2889 incredibili
392 2815 586 2887 ambitione
599 2805 743 2909 μεθύει.
788 2812 960 2885 Libenter
972 2816 1067 2887 enim
1079 2831 1163 2888 utor
1210 2820 1296 2913 cipis
1309 2818 1503 2890 liberalitas
1515 2816 1750 2908 praedicatur,
1774 2829 1851 2887 tum
1865 2816 1932 2886 tibi
1944 2818 2081 2906 gratiae
2089 2842 2197 2912 agun-

170 2913 444 2992 Demosthenico
469 2916 591 2986 verbo.
638 2910 735 3005 Ego,
766 2931 940 3008 quantum
955 2941 1099 3009 possum
1122 2917 1162 2987 in
1210 2939 1279 2996 tur.
1343 2917 1436 2992 Ecce
1465 2934 1582 2990 autern
1606 2920 1714 2989 unius
1736 2919 1775 2988 in
1799 2912 1868 2988 boc
1890 2934 2009 3004 coetu,
2052 2945 2198 3009 carmen,

171 3019 229 3092 his
243 3020 375 3106 turbis,
407 3018 572 3089 consolor
590 3040 646 3087 me
662 3015 838 3110 precibus.
887 3014 1088 3091 Domestica
1105 3020 1164 3088 in·
1210 3022 1453 3096 inabsolutum
1482 3021 1645 3115 quidem,
1685 3021 1745 3090 sed
1778 3043 1825 3089 ne
1851 3034 1995 3111 putares
2023 3044 2118 3094 vana
2147 3048 2199 3094 me

172 3116 377 3208 c'ommoda,
409 3144 493 3214 prae
510 3118 680 3212 publicis,
712 3119 761 3189 ita
783 3142 840 3188 me
864 3142 958 3190 ames
970 3117 1164 3207 loachime,
1212 3126 1389 3222 polliceri,
1419 3124 1528 3193 velim
1549 3123 1616 3192 tibi
1628 3122 1808 3213 specimen
1821 3121 1964 3193 mittere
1979 3125 2204 3212 granditudie

172 3229 232 3295 vix
257 3224 382 3297 sentio.
448 3219 533 3292 Mea
564 3222 731 3294 valetudo
766 3221 896 3290 sensim
930 3222 968 3294 fit
1000 3223 1163 3309 deterior,
1211 3231 1268 3302 nis
1292 3241 1443 3299 nostrae.
1499 3215 1711 3295 Iohannem
1737 3217 1986 3294 Pomeranum
2009 3248 2116 3317 spero
2139 3226 2200 3299 tihi

173 3350 264 3397 uxor
277 3323 505 3408 convalescit,
539 3322 705 3393 etinfans
721 3320 851 3391 bonam
868 3347 964 3416 spem
986 3325 1089 3394 nobis
1110 3326 1164 3396 sa·
1211 3329 1433 3425 respondisse
1448 3319 1486 3422 ¹)
1504 3328 1549 3396 de
1563 3327 1668 3414 locis,
1694 3326 1757 3421 qui
1773 3324 2200 3399 saciant'libertatemdu·

175 3429 259 3512 cit,
278 3426 354 3495 fore
386 3438 426 3494 ut
454 3424 561 3493 vivat.
627 3422 743 3493 Scitus
776 3436 812 3493 et
843 3425 981 3514 elegans
1014 3426 1165 3498 videtur.
1213 3435 1343 3506 candae
1360 3431 1506 3501 alterius
1520 3430 1653 3513 uxoris,
1675 3430 1707 3498 si
1719 3441 1865 3520 propter
1875 3429 2095 3499 adulterium
2109 3430 2200 3522 prior

176 3529 287 3620 Spero
304 3527 406 3598 brevi
423 3536 660 3595 conventuros
675 3548 752 3597 nos.
790 3523 879 3595 Vale
901 3528 1040 3600 feliciss.
1090 3528 1166 3599 Mi·
1213 3537 1338 3606 amissa
1353 3533 1478 3617 fuerit;
1504 3555 1560 3600 res
1574 3545 1647 3601 tota
1663 3532 1776 3622 posita
1794 3542 1844 3600 est
1860 3530 1898 3598 in
1913 3527 2199 3603 sententiaCbn'-

176 3625 332 3701 chaelem
356 3641 389 3697 et
411 3622 585 3718 hospitem
610 3626 706 3694 illius
730 3621 1025 3697 humanissimum
1047 3631 1165 3699 virum
1213 3638 1260 3709 sti
1288 3633 1473 3706 liberantis
1504 3634 1633 3707 virum.
1695 3630 1742 3702 At
1765 3632 1857 3703 liber
1881 3632 1943 3701 ille
1968 3646 2144 3719 nonest,
2173 3630 2197 3701 si

176 3732 299 3801 salute·
339 3727 515 3799 Postridie
530 3731 594 3820 τῆς
605 3724 782 3823 κυρῑακῆέ
794 3732 871 3801 τῶν
881 3721 932 3822 μ’.
949 3728 1167 3802 annoXXV·
1213 3753 1308 3809 vetes
1327 3737 1435 3807 aliam
1454 3736 1592 3804 ducere.
1656 3731 1795 3805 Eodem
1817 3734 1908 3804 illud
1928 3735 2104 3826 pertinet,
2144 3731 2199 3832 qui

177 3831 287 3903 Mitto
321 3854 395 3899 non
425 3830 661 3900 iniucundum
687 3824 844 3899 hominis
873 3825 955 3901 Itali
985 3833 1028 3902 de
1061 3834 1166 3904 exilio
1215 3835 1386 3921 discedit,
1412 3831 1576 3908 discedat
1593 3850 1655 3906 ete.
1673 3837 1712 3905 in
1729 3830 1937 3908 Corinthiis.

179 3935 359 4026 scriptum.
406 3931 409 3951 '
1314 3931 1775 4020 HarmonnusDulicltius
1790 3961 1926 4011 summa
1945 3937 2014 4007 tide
2030 3938 2136 4009 docet
2149 3931 2197 4006 bic

919 4027 1117 4128 Philippus·
1216 4070 1327 4116 annos
1347 4045 1417 4113 iam
1441 4041 1577 4134 aliquot
1591 4033 1668 4137 **),
1703 4043 1770 4126 ita,
1802 4052 1861 4125 ut,
1896 4038 1926 4107 si
1950 4063 1992 4107 eo
2018 4038 2197 4120 careamus,

1150 4228 1160 4234 ,
1216 4143 1439 4229 mihicrede,
1467 4146 1627 4212 futurum
1642 4144 1704 4226 sit,
1731 4155 1771 4212 ut
1787 4141 1888 4209 valde
1904 4139 2059 4229 frigeant
2079 4141 2197 4211 latinae
2235 4214 2239 4224 Ι

1217 4250 1346 4321 literae.
1407 4245 1483 4317 scis
1505 4257 1619 4314 autem
1644 4246 1782 4314 deserto
1808 4237 2002 4311 sacerdotio
2029 4241 2102 4310 iam
2129 4242 2197 4333 plus

192 4356 258 4429 No.
277 4354 365 4426 322.
1006 4365 1038 4426 6.
1055 4356 1143 4422 Mart.
1218 4350 1374 4421 semestri
1396 4343 1489 4416 nihil
1512 4345 1682 4436 accepisse
1705 4343 1874 4414 mercedis
1889 4343 1979 4415 loco.
2034 4339 2197 4413 Arediti-

188 4449 359 4480 *ΟΝ

475 4519 482 4535 .
990 4448 1162 4479 Μ
1217 4456 1284 4523 bus
1299 4447 1504 4534 sacerdotii,
1535 4445 1565 4516 si
1591 4448 1709 4516 omnia
1729 4444 1997 4537 diligentissime
2017 4457 2199 4536 computes.

420 4516 537 4599 Hm·
569 4513 928 4629 Bau-mgmnel'o·
1218 4555 1282 4626 diu
1305 4556 1375 4622 iam
1397 4547 1490 4620 nihil
1511 4549 1615 4618 redit.
1678 4546 1756 4637 Ego
1780 4572 1882 4630 vero,
1924 4570 2133 4639 quanquam
2155 4543 2199 4613 vi·

248 4696 333 4770 Epist.
353 4693 399 4748 lib.
412 4694 459 4747 Vl.
478 4713 505 4766 p.
517 4694 562 4749 61.
585 4723 618 4736 -
652 4694 959 4771 Nuncexautograpbo
974 4696 1004 4751 iu
1018 4695 1089 4756 cod.
1102 4698 1171 4752 Mo·
1218 4659 1336 4740 ‘leam’
1362 4677 1468 4748 quam
1486 4650 1783 4769 Sillnvidlffium’
1806 4650 1977 4738 affingere
1996 4641 2086 4765 llaec
2104 4670 2201 4738 ΠΨ

285 4784 346 4819 nac.
363 4765 384 4817 l·
404 4780 431 4834 p.
446 4762 491 4817 85.
1218 4759 1287 4842 tia,
1318 4771 1437 4827 tamen
1460 4755 1559 4824 volut
1581 4777 1619 4822 ea
1639 4755 1683 4822 de
1699 4778 1736 4822 re
1754 4752 1847 4843 apud
1866 4764 1899 4819 te
1916 4774 2035 4843 quera,
2069 4771 2202 4840 rogare·

1206 2238 1373 2315 Domino
1398 2239 1603 2338 Georgia
1628 2239 1907 2347 Spoletina,
1942 2268 2010 2314 sno
2028 2254 2193 2341 patrono.

216 4102 228 4141 Ι

301 4902 354 4976 D·
379 4903 468 4975 Hie
478 4930 497 4974 Γ
506 4928 595 5001 ony
604 4932 638 4974 m
649 4932 671 4977 0
694 4905 735 4978 B
744 4932 875 5001 omga
886 4918 926 4978 Ti
937 4933 1054 4980 '²⁶7⁰-
1252 4946 1281 5016 *)
1300 4944 1432 4998 Lutberus
1446 4943 1472 4996 d.
1490 4944 1529 4996 11.
1541 4940 1625 4995 Mart.
1643 4940 1717 4995 1525.
1730 4939 1764 4994 ad
1776 4937 1960 5010 Spalatinumr
1977 4937 2048 5011 „De
2064 4958 2130 4995 essu
2143 4956 2200 4996 eon·

183 5023 225 5114 S·
277 5041 331 5111 ve
346 5036 509 5109 eobano
612 5041 761 5111 ..nm
878 5043 966 5137 m
1091 5044 1172 5114 1...
1252 5006 1972 5180 ..ttsaal.tuat2:225331‘223..

77 5165 80 5170 ’
184 5169 239 5215 ras
260 5143 443 5236 acceperis·
501 5140 624 5237 ltaque
645 5156 722 5214 tuas
745 5156 779 5212 ei
800 5144 846 5212 ad
867 5169 924 5212 me
946 5161 980 5218 el
1002 5148 1046 5215 ad
1068 5147 1170 5217 illum
1288 5171 1442 5238 tebergam,
1461 5168 1508 5220 uba
1523 5183 1587 5219 enm
1607 5163 1686 5218 laude
1705 5161 1814 5232 docuit,
1838 5162 1969 5233 Magister
1988 5159 2148 5217 liberalium
2163 5179 2203 5215 ar·

185 5262 354 5337 exspecto.
399 5235 549 5340 Caspar
565 5245 759 5338 respondit,
782 5246 843 5316 sed
857 5247 945 5338 petit
961 5248 1028 5317 sibi
1046 5271 1172 5338 proro-
1285 5238 1356 5292 num
1368 5247 1394 5291 ‘¹
1409 5234 1545 5319 Pt⁰f‘⁸⁸.⁰'
1560 5231 1665 5315 ΜΞ
1680 5230 1766 5288 “¹⁰¹¹
1780 5249 1865 5311 '²¹⁰2
1881 5241 1911 5285 '¹‘
1924 5250 1955 5284 ‘⁸
1969 5229 2022 5287 ¹²⁸⁰
2035 5230 2150 5302 2P⁵¹⁰¹⁸
2162 5246 2204 5301 'f‘

1288 5316 1382 5379 pscet,
1398 5303 1542 5376 stipendio.
1583 5299 1645 5357 iloc
1657 5319 1717 5373 apso
1731 5297 1777 5357 vel
1790 5316 1915 5373 proximo
1927 5316 2002 5355 anno
2015 5297 2205 5371 Luncburgn·

185 5350 259 5440 gari
274 5362 409 5437 tempus
425 5346 680 5438 commigrandi
696 5349 845 5436 advos,
876 5352 972 5445 quod
995 5350 1073 5420 sine
1094 5374 1172 5423 ma·
1289 5385 1402 5435 vocatus
1414 5383 1454 5428 en
1468 5373 1636 5445 guberuator
1649 5369 1768 5429 emotae
