4500 5782
107 202 184 281 eos
245 274 248 279 ,
694 198 1126 277 arrsroranuu
1174 195 1284 275 ms.
1320 195 1368 270 n
1421 192 1553 315 1sa1.
2068 204 2142 297 tot

111 389 242 445 certam
265 401 330 468 per
351 398 425 447 sese
449 376 642 469 scripturae
664 377 874 448 sententiam
903 399 991 461 esse,
1023 375 1099 443 sine
1146 372 1283 442 venire.
1334 369 1507 441 Fortassis
1525 371 1615 442 alter
1633 372 1767 444 alicubi
1785 375 1959 470 quiddam
1977 377 2069 452 dixit
2087 402 2144 449 ar-

111 476 253 567 glossis,
276 503 352 547 non
366 479 488 564 video,
511 503 575 548 cur
592 480 788 570 oportuerit
805 479 864 549 edi
877 479 1100 570 scripturam,
1151 474 1269 565 gutius
1298 488 1332 543 ct
1367 474 1480 543 multa
1512 466 1703 544 Lecturus
1739 476 1944 568 diligentius
1974 476 2146 577 (rumpite¹

109 579 142 647 si
164 579 282 650 noluit
296 576 338 674 ¹⁰)
363 581 508 672 spiritus
530 595 669 651 sanctus
689 596 784 652 certo
807 596 983 664 constare,
1014 578 1101 672 quid
1151 600 1214 645 vos
1235 576 1397 666 interim,
1417 573 1581 664 Magistri
1606 576 1755 673 nostrl.)
1786 605 1893 673 quam
1912 577 2147 672 Augustinus.

112 705 178 750 nos
197 683 327 752 sentire
350 683 465 758 vellet.
516 676 588 752 Aut
608 707 671 753 cur
690 685 837 753 omnino
859 707 924 752 nos
946 682 991 751 ad
1012 681 1101 751 scri·
1152 676 1223 749 Sed
1247 673 1313 748 hoc
1342 678 1386 747 ad
1413 677 1465 745 rei
1493 699 1665 748 summam
1692 704 1768 749 non
1795 682 1844 751 ita
1871 684 2028 755 multum
2053 684 2144 757 lacit.

112 798 237 875 pturae
265 785 422 855 studium
447 784 600 855 invitant
620 780 802 877 Apostoli,
839 784 870 854 si
895 785 1027 855 incerta
1050 796 1101 852 est
1151 776 1243 850 Eece
1259 780 1297 847 in
1310 779 1482 872 primario
1501 779 1579 849 loeo
1607 783 1767 876 adeoque
1790 782 1899 870 ineo,
1926 786 1966 854 in
1988 811 2064 881 quo

114 886 189 955 eius
211 885 408 956 sententia?
459 883 579 972 Quid,
608 889 703 980 quod
733 903 877 959 eatenus
908 887 976 956 sibi
1006 884 1101 955 credi
1151 882 1327 952 tissimum
1346 894 1469 971 regnat
1485 873 1691 968 Lullterus,
1717 879 1823 955 habet
1844 878 2052 985 ὁμόψηφον
2067 811 2143 959 Ah

112 1000 228 1080 patres
244 986 387 1071 volunt,
412 1001 585 1079 quatenus
604 1012 668 1079 per
688 990 889 1059 testimonia
910 989 1101 1080 scripturae
1137 984 1331 1076 gustinum
1353 997 1387 1053 et
1407 997 1597 1074 patronum
1625 985 1772 1056 minime
1792 989 1988 1079 vulgarem.
2039 984 2151 1067 habet·¹

114 1114 176 1160 sua
205 1088 514 1159 communierunt?
564 1087 681 1176 Quid,
716 1095 811 1184 quod
848 1092 952 1160 etiam
982 1103 1099 1159 vetera
1151 1087 1236 1155 item
1254 1110 1336 1156 suae
1356 1086 1548 1156 sententiae
1568 1101 1689 1173 testes,
1715 1102 1888 1184 quotquot
1906 1091 1944 1159 in
1962 1116 2003 1160 ea
2022 1092 2142 1185 dispu-

112 1188 272 1262 Concilia
294 1190 370 1259 'sine
395 1189 566 1282 scriptura
589 1187 683 1261 nihil
711 1195 944 1264 decreverunt
975 1206 1010 1262 et
1034 1186 1100 1261 hac
1150 1188 1283 1259 tatione
1304 1187 1505 1278 Augustino
1530 1188 1776 1281 suffragantur.
1836 1191 2061 1284 suffragatur
2082 1204 2142 1265 au'·

113 1293 250 1364 ratione
272 1291 365 1362 inter
384 1289 543 1362 Concilio
569 1318 652 1364 vera
680 1308 716 1365 et
746 1296 832 1365 falsa
858 1295 1101 1378 discernimus,
1151 1305 1223 1367 tem
1245 1287 1454 1387 Cyprianus.
1495 1314 1578 1360 nam
1599 1292 1697 1362 illius
1718 1294 1979 1365 enarrationem
2000 1295 2041 1364 in
2066 1319 2142 1367 ora·

113 1394 208 1489 quod
238 1388 325 1489 haec
357 1418 436 1464 cum
469 1394 639 1487 scriptura
670 1396 833 1467 evidente
863 1395 1100 1474 consentiunt,
1151 1393 1287 1463 tionem
1304 1392 1518 1463 dominicam
1536 1393 1685 1464 fideliter
1700 1395 1792 1466 citat.
1844 1395 2097 1488 suffragantur
2112 1408 2145 1489 et,

112 1496 394 1587 illaascriptura
409 1495 646 1568 dissentiunt?
681 1497 838 1569 Proinde
852 1499 982 1568 dabitis
1000 1492 1101 1582 mihi,
1152 1494 1214 1588 qui
1234 1489 1563 1585 postAugustinum
1586 1496 1774 1589 scripsere,
1807 1491 1942 1568 Auctor
1963 1498 2083 1570 libelli
2101 1498 2143 1569 de

112 1612 241 1669 certam
261 1622 335 1666 esse
356 1598 549 1689 scripturae
577 1600 785 1669 sententiam
808 1625 847 1671 ac
868 1600 1099 1694 perspicuam,
1150 1596 1335 1667 vocatione
1366 1595 1535 1686 gentium.
1581 1621 1664 1666 nam
1687 1594 1870 1669 Ambrosii
1895 1625 1972 1670 non
2002 1602 2140 1672 videtur

111 1701 159 1771 ita
173 1714 213 1771 ut
226 1699 319 1791 ipsa,
345 1700 376 1767 si
387 1699 465 1793 quis
482 1700 614 1770 alicubi
628 1702 725 1771 loeus
741 1717 793 1772 est
809 1703 1003 1786 obscurior,
1026 1725 1100 1769 sese
1151 1723 1241 1783 esse,
1266 1694 1470 1769 Maxentius
1493 1699 1587 1791 apud
1610 1696 1775 1773 Graecos.
1825 1700 1938 1772 Porro
1963 1698 2142 1795 exAugu-

112 1815 281 1893 exponat,
306 1802 511 1892 praesertim
527 1802 565 1870 in
581 1798 710 1895 iis¹⁰⁶),
730 1829 820 1896 quae
835 1804 918 1875 sciri
935 1803 1100 1897 credique
1151 1800 1236 1870 stini
1258 1798 1359 1869 libris
1379 1824 1438 1870 eos
1465 1799 1671 1893 recipimus,
1711 1825 1800 1896 quos
1823 1800 1897 1895 ipse
1918 1805 2141 1896 potissimum

111 1905 225 1974 voluit
237 1917 377 1973 sanctus
390 1904 533 1994 spiritus
543 1898 615 1998 ¹⁰⁶).
648 1903 775 1976 Voluit
788 1918 904 1977 autem
921 1902 1018 1976 haud
1032 1907 1100 1974 du-
1150 1902 1295 1996 probari
1316 1902 1440 1972 voluit.
1498 1896 1616 1996 Atque
1644 1899 1730 1974 haec
1751 1905 1837 1975 ideo¹
1855 1908 2041 1993 recenseo,
2071 1928 2144 1979 non.

110 2006 168 2075 bie
182 2006 292 2095 legem
310 2005 484 2095 cognosci,
502 2019 544 2075 ut
559 2030 665 2098 quam
680 2008 823 2079 iubebat
838 2008 944 2078 etiam
958 2007 1100 2077 aedium
1150 2005 1247 2097 quod
1274 2003 1399 2092 magni·
1420 2016 1541 2096 putem
1562 2006 1709 2093 referre,
1742 2006 1830 2101 qnid
1852 2007 2043 2099 scriptores
2063 2032 2141 2097 sen-

109 2107 293 2177 vestibulis
322 2107 468 2197 inscribi
505 2122 539 2177 et
565 2107 718 2199 insculpi
753 2111 905 2180 vestium
937 2109 1099 2180 fimbriis.
1150 2106 1278 2190 serint,
1309 2105 1513 2198 quicunque
1534 2109 1675 2176 tandem
1695 2123 1795 2195 sunt,
1825 2111 1969 2203 quando
1995 2112 2041 2181 de
2057 2108 2140 2201 scri·

78 2197 83 2207 ’
110 2208 235 2279 Voluit
257 2209 339 2277 item
356 2210 519 2298 cognosci
531 2204 784 2301 Evangeliuni‘,
806 2205 873 2282 hoe
898 2224 966 2297 est,
989 2210 1100 2281 ratio·
1150 2221 1273 2300 pturae
1291 2208 1462 2277 sententia
1478 2221 1629 2295 constat,
1654 2212 1715 2279 sed
1732 2208 1777 2279 'ut
1798 2208 2010 2281 satisfaciam
2024 2236 2140 2299 morp-

111 2335 192 2379 nem
216 2310 370 2380 institiae
389 2312 539 2382 donatae
559 2336 623 2403 per
641 2308 833 2387 Christum.
899 2312 992 2384 Nam
1017 2338 1099 2382 cum
1151 2309 1215 2394 sis,
1242 2310 1304 2402 qui
1320 2322 1445 2401 putant
1461 2334 1608 2380 novasse
1627 2312 1745 2380 omnia
1761 2303 1990 2401 liutherum,
2017 2312 2139 2385 cumis

109 2414 235 2482 debeat
260 2435 332 2480 esse
358 2425 457 2503 petra
482 2414 632 2483 verbum
651 2414 726 2501 dei,
751 2416 807 2484 cui
829 2415 1003 2486 innitatur
1019 2414 1099 2484 ani·
1150 2412 1248 2481 aliud
1271 2434 1346 2479 non
1364 2411 1488 2503 egerit,
1513 2437 1619 2505 quam
1640 2428 1680 2484 ut
1700 2418 1881 2485 revocaret
1899 2440 1967 2486 nos
1990 2416 2044 2486 ad·
2058 2409 2139 2487 scri·

108 2537 184 2598 ma,
210 2537 359 2607 quaeso,
383 2513 470 2606 quid
492 2516 619 2586 sentiet
639 2518 683 2585 de
711 2541 769 2601 eo,
795 2518 866 2587 nisi
888 2532 1022 2588 certum
1043 2516 1099 2602 sit,
1148 2526 1288 2607 pturam
1315 2512 1473 2609 adeoque
1496 2515 1541 2583 ad
1557 2528 1674 2607 patres
1693 2518 1816 2602 etiam,
1839 2516 1903 2613 qui
1926 2518 1973 2589 ad
1990 2518 2137 2612 scriptu·

109 2639 200 2708 quae
229 2616 276 2684 sit
301 2615 472 2685 sententia
502 2617 645 2709 spiritus
671 2618 753 2687 dei?
809 2617 883 2688 lam
903 2645 984 2691 cum
1003 2633 1097 2689 certa
1148 2606 1208 2685 rae
1231 2638 1374 2686 sensum
1394 2615 1554 2708 proxime
1576 2632 1806 2693 accesserunt.
1857 2616 1933 2688 Vos
1954 2621 2046 2715 quid
2068 2616 2136 2713 agi·

109 2720 155 2787 sit
176 2718 368 2807 scripturae
392 2719 565 2788 sententia
588 2744 651 2811 per
670 2744 761 2806 sese,
800 2723 904 2791 debet
927 2720 1098 2814 praeferri
1148 2717 1217 2789 tis?
1250 2741 1337 2785 num
1359 2715 1475 2803 aliud,
1501 2735 1669 2811 quam.ut
1687 2721 1728 2803 in
1738 2718 2137 2807 ¹Scotilormalitatibus,

107 2843 181 2909 non
202 2820 310 2888 modo
332 2813 463 2888 scholis
494 2834 554 2890 aut
576 2818 756 2912 patribus,
793 2824 853 2891 sed
879 2837 913 2893 et
938 2822 1097 2893 conciliis
1149 2822 1188 2889 in
1204 2812 1379 2889 Oechami
1402 2821 1600 2890 connotatis
1620 2824 1852 2912 grandescant
1873 2824 2012 2915 potius,
2036 2846 2135 2921 quant

108 2921 286 2991 diversum
297 2921 540 2998 sentientibus.
554 2917 726 3014 Apostolo
742 2925 785 2993 ad
798 2922 942 2994 Galatas
958 2938 1096 2994 autore:
1148 2922 1187 2990 in
1215 2916 1359 2991 Christo
1399 2914 1687 2993 Christianorum
1726 2924 1849 2998 animi.
1922 2923 1999 2997 Nec
2041 2926 2136 2999 aliter

104 3018 155 3093 Si
167 3018 323 3115 angelus
337 3017 379 3091 de
394 3019 489 3093 coelo
505 3021 724 3119 evangelizet
728 3035 984 3125 praeterquam
999 3020 1101 3124 quod
1148 3019 1510 3112 exorientiEvangelii
1528 3024 1599 3093 luci
1613 3021 1758 3120 (audite,
1780 3022 1967 3119 Sophistae
1989 3053 2066 3098 non
2085 3028 2136 3097 in·

106 3120 438 3218 evangelizavimus
454 3122 491 3219 ¹¹)
511 3125 628 3214 vobis,
648 3122 849 3198 anathema
863 3126 925 3203 sit.
975 3126 1097 3200 Liceat
1148 3122 1352 3221 tellecturi,)
1379 3124 1633 3212 adversamini,
1658 3142 1763 3222 atque
1777 3124 1871 3197 Mosi
1889 3127 2034 3201 lamnes
2050 3143 2084 3201 et
2100 3124 2134 3225 ¹¹)

106 3227 215 3315 igitur
230 3219 397 3296 Lutdero
413 3252 590 3320 opponere
606 3245 736 3301 certam
752 3232 944 3325 scripturae
955 3245 1097 3300 senten·
1148 3225 1341 3300 Mambres.
1405 3224 1568 3321 Quorum
1591 3232 1776 3319 posteritas
1802 3243 1852 3300 est
1873 3229 2063 3325 Sorlronae
2090 3232 2135 3302 ia·

106 3328 192 3397 tiam
217 3328 395 3414 conciliis,
420 3331 579 3420 patribus
599 3346 632 3402 et
650 3329 790 3403 scholis.
843 3333 941 3422 Quid
955 3326 1097 3404 hicSo-
1148 3327 1267 3410 milia,
1313 3352 1440 3419 nempe
1481 3354 1522 3399 ex
1562 3329 1625 3400 illa
1657 3328 1884 3402 Serbonitide
1923 3324 2135 3431 ¹Aegyptiace

105 3423 242 3522 phistae
270 3430 551 3520 respondebitis?
608 3458 695 3527 quas
721 3431 779 3504 hic
808 3436 912 3505 nobis
941 3434 1097 3525 glossas?
1148 3443 1329 3524 prognata.
1396 3426 1508 3500 Porro
1536 3456 1605 3525 qua
1638 3431 1706 3501 fide
1735 3432 1921 3529 aliquoties
1951 3434 2133 3506 citaveritis

107 3555 196 3624 quae
219 3555 328 3622 parva
352 3532 538 3622 logicalia?
574 3559 662 3627 quas
687 3537 920 3626 obligationes
946 3537 1097 3606 commi·
1148 3535 1314 3602 adversus
1339 3522 1546 3600 Lutherum
1568 3530 1762 3624 Augustini
1788 3536 2005 3622 sententias,
2036 3536 2134 3631 paulo

107 3632 319 3702 niscemiui?
368 3629 443 3702 Aut
475 3649 615 3724 negate,
654 3652 785 3707 certam
806 3662 879 3707 esse
903 3637 1095 3729 scripturae
1148 3648 1227 3728 post
1242 3633 1405 3706 monebo.
1458 3630 1533 3702 lam
1550 3647 1584 3704 et
1597 3650 1736 3728 praeter
1749 3637 1868 3707 locum
1885 3638 1930 3708 de
1947 3636 2065 3711 libero
2087 3660 2136 3709 ar·

105 3734 332 3818 sententiam,
385 3748 445 3805 aut
484 3737 676 3829 permittite
712 3731 880 3808 Luthero
918 3764 1097 3832 opponere
1147 3735 1254 3806 bitrio
1280 3748 1314 3804 et
1341 3735 1451 3825 gratia
1479 3751 1636 3806 veterum
1658 3752 1725 3824 est,
1759 3741 1856 3832 quod
1882 3763 1961 3809 non
1982 3740 2061 3811 vult
2087 3739 2135 3811 di·

1 3885 12 3900 .
106 3837 316 3927 scripturam
331 3835 515 3928 quibusvis
533 3838 712 3910 diversum
726 3842 970 3913 sentientibus.
1147 3837 1280 3927 stingui
1291 3828 1482 3906 bertherus
1499 3836 1613 3928 legem
1628 3841 1665 3907 in
1681 3841 1829 3911 consilia
1843 3834 1882 3931 ¹³)
1899 3855 1934 3912 ct
1947 3854 2135 3937 praecepta·

223 3935 299 4007 lam
324 3962 388 4005 nec
411 3934 479 4009 hoc
500 3942 743 4031 permittemus
765 3943 886 4029 vobis,
917 3940 1097 4013 adversari
1149 3939 1255 4028 Quod
1271 3954 1509 4009 commentum
1525 3939 1591 4009 soli
1612 3936 1837 4012 scholasticae
1859 3937 2064 4035 theologiae
2082 3946 2134 4013 ds-

107 4038 163 4110 vel
187 4040 364 4131 patribus,
392 4041 446 4109 vel
471 4043 631 4113 conciliis
651 4036 871 4116 Lutlzerum.
921 4043 970 4115 Et
992 4057 1032 4114 ut
1053 4043 1096 4111 de
1148 4045 1289 4124 bemus,
1314 4064 1404 4133 quae
1423 4040 1486 4110 ubi
1510 4044 1624 4133 coepit
1644 4042 1804 4112 divinam
1827 4046 1939 4135 legem
1959 4048 2006 4115 ad
2028 4041 2136 4139 philo-

106 4141 265 4234 patribus
287 4142 443 4233 primum
467 4144 611 4237 loquar,
642 4171 687 4216 an
709 4171 782 4216 non
802 4139 968 4216 Lullteri
985 4146 1029 4214 de
1050 4144 1097 4213 li·
1148 4137 1310 4235 sophiam
1330 4138 1529 4212 Aristotelis
1555 4143 1706 4234 exigere,
1744 4170 1808 4239 pro
1838 4144 1992 4216 libidine
2021 4146 2135 4223 refixit.

105 4245 192 4315 bero
219 4243 385 4327 arbitrio,
425 4247 470 4312 de
498 4248 627 4335 gratia,
666 4249 694 4317 si
716 4263 809 4318 recte
829 4273 905 4318 rem
927 4247 1097 4329 aestimes,
1149 4268 1235 4339 quas
1263 4243 1378 4313 voluit
1404 4242 1497 4334 leges
1518 4244 1585 4315 dci.
1646 4242 1743 4334 'Quis
1765 4247 1860 4317 enim
1881 4261 2046 4319 veterum
2068 4270 2132 4318 non

71 4379 73 4383 ·
107 4345 278 4414 sententia
299 4359 371 4414 tota
384 4345 577 4434 Augustini
593 4363 655 4421 cst.
706 4347 754 4422 Et
773 4347 869 4421 hunc
892 4375 957 4442 per
976 4348 1095 4419 omnia
1149 4372 1213 4440 pro
1243 4346 1445 4414 necessariis
1473 4347 1607 4436 legibus
1639 4340 1766 4417 habuit
1794 4374 1850 4434 ea,
1890 4372 1983 4441 quae
2012 4349 2132 4421 san'cita

108 4459 246 4516 secutus
274 4461 326 4517 est
350 4447 389 4514 in
412 4452 663 4520 commentario
688 4454 731 4521 ad
755 4451 910 4531 Galatas.
963 4463 1098 4520 exstant
1149 4461 1231 4518 sunt
1248 4449 1291 4516 de
1309 4471 1384 4515 non
1396 4446 1621 4522 vindicando.
1673 4447 1834 4521 Hilarius
1865 4442 2133 4531 EXIGUM.

107 4546 292 4639 utriusque
313 4551 574 4638 commentarii,
599 4576 688 4646 quos
712 4554 742 4621 si
765 4556 940 4640 conseras,
961 4552 1098 4621 videbis
1149 4550 1284 4644 inquit,
1309 4543 1524 4642 Evangelia
1544 4545 1771 4621 ulciscendae
1787 4548 1948 4622 iniuriae
1965 4548 2133 4633 dissimu-

110 4648 299 4720 convenire
322 4649 414 4718 inter
438 4675 497 4720 eos
524 4655 567 4722 de
594 4679 712 4724 rerum
737 4679 884 4729 summa.
949 4650 1099 4724 Exstant
1150 4647 1335 4722 tationem.
1385 4648 1607 4740 Augustinus
1623 4653 1662 4721 in
1684 4677 1845 4724 sermone
1858 4648 1921 4747 ¹³⁶)
1943 4652 2132 4727 dominiis

109 4744 302 4842 Augustini
317 4750 401 4820 libri
416 4754 582 4825 adversus
597 4753 820 4845 Pelagianos,
846 4782 934 4853 quos
950 4757 1011 4825 ille
1026 4756 1099 4825 iam
1148 4767 1269 4824 monte
1294 4766 1478 4844 praecepta
1500 4768 1617 4839 vocat,
1642 4779 1732 4848 quae
1750 4755 1809 4825 isti
1824 4755 1985 4829 consilia.
2023 4754 2133 4855 ¹atque

109 4867 197 4924 natu
218 4853 387 4945 grandior
405 4854 558 4946 scripsit,
583 4882 643 4927 eos
663 4859 693 4926 si
716 4860 907 4930 contuleris
927 4884 1005 4930 cum
1023 4856 1098 4929 Lu·
1150 4856 1198 4926 ita
1227 4855 1399 4945 disputat,
1438 4870 1478 4925 ut
1505 4856 1735 4926 necessariam
1763 4880 1837 4927 esse
1866 4858 1984 4951 legem
2002 4858 2049 4939 de
2068 4860 2130 4929 nou

109 4951 268 5026 therauis
296 4955 488 5044 dogmatis,
527 4958 666 5029 videbis
694 4962 738 5029 de
767 4964 902 5033 summa
931 4961 984 5030 rei
1013 4983 1099 5028 con·
1149 4956 1364 5028 vindicando
1398 4956 1573 5048 adpareat.
1637 4952 1685 5028 Et
1715 4958 1754 5029 in
1783 4953 1851 5032 hae
1883 4954 2128 5051 sententia'jest

110 5109 379 5127 m

1160 5151 1459 5173 -Μ

164 5134 210 5238 10).
227 5171 248 5223 si
264 5171 364 5240 noluit]
386 5170 454 5225 Mel.
468 5192 532 5295 opp.
549 5185 576 5229 et
586 5175 666 5229 Basil.
681 5186 707 5230 et
717 5175 806 5232 vius.
820 5180 880 5234 ed.=
896 5182 918 5234 si
933 5183 1011 5238 nolit.
1047 5184 1080 5238 F.

164 5242 230 5308 ioh)
249 5241 425 5324 iisJMehqp
447 5261 469 5294 .:
511 5264 541 5297 u.
577 5245 609 5298 F.
670 5312 676 5326 .
1204 5252 1249 5317 12)
1266 5259 1303 5319 et]
1322 5250 1389 5308 Mel.
1405 5273 1484 5328 opps
1504 5275 1546 5311 ac.
1582 5257 1615 5312 F.

163 5309 226 5375 10⁶)
242 5261 445 5392 sanet.·sp1r·rt.l
461 5311 528 5368 Mel.
541 5330 619 5385 opp:
637 5313 746 5386 spu-itus
760 5326 877 5398 sauctus.
913 5318 944 5374 F.
1203 5321 1247 5390 13)
1266 5322 1391 5388 consilia]
1408 5324 1514 5379 Melet
1528 5324 1875 5397 butherioppaeoncilie.
1909 5326 1947 5385 F.

163 5379 206 5445 11)
224 5377 476 5449 evangelizaremus]
496 5381 563 5436 Mel.
578 5401 656 5454 opp:
674 5386 901 5456 evangelizamus.
936 5388 972 5447 F.
1202 5391 1899 5503 130)inmmone]tdst.oppz{manupae
1933 5396 1971 5453 P·
2033 5452 2038 5461 ,
